4672 5842
89 313 151 374 131
319 308 410 376 LIB.
432 309 497 375 ΙΠ.
541 311 605 376 DE
627 262 764 377 1110Βο
785 310 1135 379 PEROIPIDNDAE
1157 311 1350 380 onmem
1371 313 1590 380 GRATIAE.
1635 315 1736 385 OAP.
1756 317 1872 387 XXV.
2039 323 2102 384 738

87 500 192 565 dinem
213 498 281 564 sine
301 519 356 581 spe
376 500 612 565 ressurectionis
632 500 780 579 decidere,
803 499 1067 566 absnerdissimum
1117 503 1279 567 rectionem
1306 503 1428 568 iudicii.
1472 503 1528 568 An
1554 505 1692 570 dicemus
1719 507 1845 572 animas
1877 507 1912 570 in
1944 509 2100 588 sepulcris

87 591 172 650 essct.
220 584 304 666 Quid
323 585 405 664 quod
425 586 520 651 etiam
540 584 679 651 membra
699 591 773 651 sunt
796 585 914 652 Christi
935 586 969 665 (1
990 586 1064 652 Oor.
1117 589 1280 669 quiescere,
1301 594 1336 653 ut
1352 590 1444 654 illinc
1460 588 1620 655 Oloristmn
1636 592 1834 657 exaudiant?
1854 612 1891 656 ac
1911 612 1972 657 non
1988 596 2099 673 potius

88 674 117 749 6,
144 670 223 768 15).9
270 670 352 751 Quid
373 672 455 752 quod
475 672 619 754 sinqulas
639 692 746 736 eorum
759 677 872 753 partes
892 674 955 737 sibi
977 672 1067 738 Deus
1118 675 1161 739 ad
1187 674 1256 739 eius
1282 676 1452 756 imperium
1479 695 1611 757 corpora
1639 677 1675 741 iu
1700 678 1835 760 oiqorm
1855 700 1877 741 a
1899 699 1959 759 qua
1980 681 2099 745 umido

85 756 280 837 mnditicarr'
299 758 483 837 praecipit?
512 758 593 838 quod
614 757 680 822 mult
702 758 820 842 linquis
840 766 951 823 nomeu
971 779 1066 824 suum
1117 765 1193 825 rant
1212 760 1379 825 reditura?
1421 761 1478 826 Ad
1499 761 1573 826 baec
1594 762 1624 827 si
1645 764 1735 827 nocis
1756 762 1937 845 corporibus
1957 765 2097 830 donandi

85 842 248 921 celebrari,
277 843 344 907 tolli
372 843 416 906 ad
441 864 474 908 55
496 864 601 924 purus
622 864 749 923 555555,
778 843 938 925 sacrificia
958 845 1065 926 afferri
1116 866 1241 924 sumus,
1268 845 1322 910 ubi
1348 848 1463 928 capitis
1489 853 1517 911 et
1541 848 1747 912 5555155555
1768 849 1992 931 mutormitas?
2036 849 2098 914 Ra-

87 931 120 1014 (1
146 930 228 994 sim.
254 931 282 1005 2,
306 928 368 1012 8).2
414 928 516 1010 Quam
548 931 649 1012 iqitm
680 929 817 995 bominis
843 935 969 1010 portem
1000 935 1065 994 tam
1116 932 1257 996 surressit
1286 930 1445 996 Christus:
1477 954 1520 998 an
1552 954 1666 998 novum
1696 934 1759 999 sibi
1791 955 1905 1015 corpus
1929 934 2097 1018 strependo?

80 1016 249 1096 priamo
265 1014 377 1079 bonore
393 1016 543 1097 diqnatur
564 1016 700 1082 caelestis
721 1017 825 1093 iudea,
848 1016 940 1080 55155
960 1037 1074 1081 anun·
1115 1018 1194 1096 irno,
1216 1023 1251 1081 ut
1268 1019 1487 1099 praedixerat:
1514 1019 1661 1084 destruite
1682 1021 1830 1102 15551555
1851 1021 1919 1099 boc,
1942 1027 1970 1084 et
1990 1022 2096 1087 triduo

85 1103 149 1166 1155
169 1105 214 1166 est
236 1100 275 1165 ab
296 1100 418 1165 bomine
439 1101 566 1166 mortali
586 1103 622 1166 in
644 1103 807 1184 pulverem
827 1103 929 1184 rediqi
950 1101 1065 1183 absque
1116 1105 1236 1186 eriqam
1264 1104 1347 1168 illud
1374 1103 1503 1187 (Ioann.
1527 1108 1555 1183 2,
1582 1105 1645 1186 19).
1695 1106 1783 1186 Quod
1805 1108 1904 1188 prius
1924 1110 2099 1188 pestaoerat

84 1187 151 1252 ulla
172 1208 227 1269 spe
247 1187 514 1252 dammationis?
558 1186 713 1254 Similiter
736 1187 862 1252 Paulus
883 1187 915 1270 (1
937 1185 1012 1253 Cor.
1034 1191 1061 1266 6,
1115 1189 1244 1253 mortale
1270 1209 1398 1270 corpus,
1426 1192 1541 1255 iterum
1562 1193 1682 1272 recepit.
1730 1192 1836 1273 Neque
1858 1194 1941 1257 enim
1962 1193 2097 1257 multum

85 1273 159 1358 20),
189 1293 286 1354 quum
311 1293 368 1338 nas
395 1274 437 1339 ad
457 1272 621 1354 serendam
643 1274 817 1339 Dominum
839 1273 980 1338 bortatur
998 1279 1064 1338 1555
1115 1275 1204 1339 nobis
1219 1276 1407 1356 profuisset,
1436 1276 1597 1359 subropato
1617 1298 1692 1341 nasa
1714 1297 1852 1359 corpore,
1875 1278 1992 1343 aboleri
2012 1277 2097 1344 illud

83 1360 119 1424 in
146 1380 285 1440 corpore,
311 1379 407 1440 quam
427 1359 463 1422 in
484 1362 609 1439 anima,
638 1361 716 1442 quia
737 1365 903 1440 utrumque
923 1359 988 1425 Dei
1009 1364 1061 1438 est,
1114 1362 1195 1443 quod
1224 1362 1259 1425 in
1285 1359 1479 1441 sacrificium
1504 1363 1696 1444 expiationis
1722 1363 1855 1427 55151555
1875 1364 1990 1444 fumat.
2040 1365 2097 1429 To-

83 1465 145 1510 non
160 1446 285 1527 patitur
306 1449 383 1509 certe
404 1446 485 1526 quod
506 1446 574 1512 Deo
596 1452 748 1528 tanquam
768 1466 895 1510 sacrum
922 1446 1063 1510 vendicat
1115 1447 1218 1512 runda
1236 1453 1280 1512 est
1297 1449 1392 1512 etiam
1408 1447 1469 1513 illa
1490 1449 1618 1513 societas
1638 1469 1735 1530 qnam
1751 1449 1919 1530 praedicat
1940 1450 2096 1530 apostolus

83 1536 226 1596 adernae
248 1531 415 1612 putredini
441 1531 633 1597 adiudicari.
681 1532 746 1597 Nec
773 1552 844 1595 oera
871 1531 939 1596 5115
966 1531 1063 1595 dere
1115 1531 1147 1616 (1
1173 1530 1247 1598 Cor.
1275 1538 1323 1610 15,
1350 1533 1419 1616 12);
1445 1554 1507 1598 nos
1522 1554 1697 1616 resurqere,
1726 1536 1803 1615 quia
1824 1533 2095 1600 0515155555-

83 1617 200 1683 abarim
221 1618 358 1699 suppetit
378 1619 552 1698 scripturae
580 1617 735 1699 definitio,
765 1636 862 1699 quam
889 1617 926 1682 de
955 1617 1062 1681 carnis
1114 1619 1204 1682 renit.
1252 1619 1336 1700 Quia
1363 1619 1445 1683 nibil
1470 1621 1577 1684 minus
1598 1621 1760 1701 probabile
1781 1641 1877 1700 queam
1898 1625 1933 1685 ut
1948 1622 2094 1700 privetur

84 1724 181 1785 qinom
201 1709 358 1786 pestamus
378 1705 606 1770 resurrectione.
654 1704 790 1785 Oportet,
812 1704 914 1783 iuquit
938 1703 1062 1767 Paulus
1117 1703 1236 1770 Giristi
1253 1706 1474 1769 resurrectione
1489 1726 1562 1771 cara
1579 1712 1687 1770 nostra
1705 1708 1740 1770 15
1757 1727 1821 1788 qua
1842 1707 2094 1786 ciraemferimus

85 1790 118 1873 (1
143 1789 217 1856 Gor.
245 1794 293 1867 15,
316 1788 386 1873 53),
410 1790 609 1871 cormcptibile
630 1790 685 1855 bac
706 1789 837 1854 iuduere
857 1790 1061 1871 incorruptio-
1113 1790 1379 1870 mortificationem
1404 1792 1509 1872 ipsius
1533 1789 1659 1856 Gluisti.
1707 1793 1794 1874 Quod
1821 1793 1946 1874 quidem
1971 1791 2094 1856 illustri

84 1896 163 1953 nem,
185 1881 213 1940 et
232 1875 361 1939 mortale
381 1875 436 1940 boc
457 1877 588 1941 iuduere
607 1876 880 1942 immortalitatem.
923 1873 961 1939 Si
983 1895 1062 1939 nara
1114 1877 1291 1941 docmnersto
1311 1879 1434 1956 patuit,
1460 1877 1536 1942 dum
1555 1883 1732 1960 resnrqente
1757 1877 1880 1943 Christo
1907 1878 2008 1942 multa
2029 1897 2094 1941 cor·

84 1981 215 2043 corpora
238 1962 391 2043 (55515551
412 1960 516 2041 Deus,
544 1962 599 2026 ubi
627 1963 701 2026 baec
725 1961 888 2041 qualitatis
909 1961 1063 2025 mutatio?
1108 1983 1192 2044 pora
1213 1968 1390 2027 sauctorum
1411 1963 1553 2027 55155551
1573 1984 1590 2027 5
1610 1964 1760 2044 sepulcris
1789 1963 1924 2048 (Matth.
1949 1967 1999 2039 27,
2025 1964 2091 2047 52).

86 2047 125 2111 Si
141 2047 259 2112 didum
277 2052 354 2111 esset
374 2052 510 2129 oportere
532 2068 588 2113 nos
608 2049 764 2125 renovari,
787 2047 935 2130 55551955
956 2046 1063 2128 loquu-
1117 2047 1224 2130 Neque
1245 2049 1329 2112 enim
1346 2049 1456 2131 neqari
1467 2053 1576 2130 potest,
1598 2049 1652 2113 boc
1669 2050 1798 2114 ultimae
1815 2069 1910 2130 quam
1927 2069 2094 2131 speramus

84 2135 128 2198 tia
147 2133 225 2213 forte
246 2134 434 2198 5555515555
451 2134 562 2199 sacillo
578 2134 730 2212 dedisset5
751 2153 834 2197 nunc
851 2131 906 2197 ubi
923 2151 1061 2213 corpora,
1114 2135 1352 2199 resurrectionis
1373 2134 1579 2215 praeludium
1599 2135 1713 2217 fuisse,
1742 2136 1789 2200 551
1810 2136 1920 2216 potius
1946 2135 2095 2213 arrham,-
2220 2156 2225 2167 ⁸

85 2219 199 2302 quibus
215 2239 326 2285 555555
342 2219 543 2298 circumdati,
565 2220 664 2303 diqito
681 2226 877 2297 monstrans,
900 2219 1063 2299 incorrup
1114 2220 1222 2300 qualis
1253 2225 1324 2285 ante
1355 2221 1391 2284 in
1417 2220 1542 2285 Heriosb
1573 2226 1602 2286 et
1629 2220 1709 2286 Elia
1738 2223 1805 2287 iarn
1832 2221 1984 2299 exstabat,
2017 2239 2094 2301 quos

83 2307 195 2370 nonem
211 2305 279 2370 11115
290 2306 455 2385 promittit,
477 2325 557 2370 noua
572 2305 729 2388 fabricari
744 2306 824 2370 satis
841 2310 947 2385 aperte
964 2307 1061 2386 nepot.
1119 2305 1335 2371 Tertullianus
1366 2308 1599 2372 resurrectionis
1612 2307 1638 2390 ¹)
1672 2308 1855 2372 candidatos
1886 2312 1981 2384 vacat,
2014 2307 2094 2387 quia

84 2391 155 2456 Ima
171 2391 275 2474 mapis
291 2411 440 2471 oppresse,
459 2392 564 2473 iuquit
585 2391 810 2469 Tertullianum,
820 2389 844 2474 ¹)
867 2411 928 2454 non
940 2395 1064 2472 poterat
1115 2412 1240 2472 corpore
1257 2396 1284 2456 et
1300 2393 1411 2457 anima
1433 2413 1454 2457 a
1476 2394 1670 2473 corruptione
1692 2395 1834 2476 exempti,
1858 2393 1893 2458 in
1911 2392 1975 2457 Dei
1996 2397 2096 2456 austa-

84 2478 186 2558 loqui,
219 2478 285 2542 nisi
316 2482 414 2542 551555
444 2498 537 2542 suam
568 2477 715 2543 manibus
743 2481 861 2541 1555551.
907 2475 972 2540 Nec
998 2476 1062 2541 ullo
1114 2477 1203 2542 diam
1224 2479 1335 2560 recepti
1356 2479 1483 2559 suerint.

84 2563 195 2629 5551115
221 2563 367 2646 effuqient
392 2564 473 2644 qnod
500 2564 578 2629 olibi
604 2563 716 2713 (11515.
744 2566 793 2639 14,
819 2565 873 2646 11)
904 2561 1063 2626 omnum
1202 2568 1232 2628 8.
1279 2563 1381 2628 Pudet
1408 2585 1456 2629 me
1484 2566 1519 2628 iu
1539 2586 1575 2629 re
1595 2571 1662 2629 tam
1682 2566 1770 2630 clara
1791 2570 1913 2630 tantum
1933 2557 2095 2628 cuborum

82 2651 151 2732 sore
171 2650 284 2714 mundi
304 2650 441 2716 medicem
461 2650 579 2727 dicens,
625 2651 729 2715 555155
757 2647 823 2730 (49,
850 2647 904 2732 18)
932 2650 1063 2712 testima-
1114 2670 1291 2715 consumere
1298 2674 1307 2728 ,·
1333 2651 1389 2716 sed
1415 2649 1493 2714 banc
1519 2652 1692 2715 molestiam
1714 2651 1840 2731 placide
1868 2670 1985 2716 mecum
2007 2670 2098 2714 oara·

83 2737 174 2800 nium
201 2738 290 2801 citat:
324 2736 394 2801 oioc
421 2757 487 2819 epo,
517 2737 594 2801 dicit
621 2735 796 2812 Dominus,
822 2733 903 2798 mibi
926 2734 1062 2813 flectdnr
1115 2737 1189 2800 5551
1216 2736 1354 2814 lectores,
1382 2757 1420 2800 ne
1445 2757 1509 2818 qua
1535 2737 1621 2801 mma
1649 2737 1692 2802 od
1720 2737 1915 2817 decipiendos
1935 2735 2095 2814 simplices

84 2842 171 2888 mnne
188 2842 285 2905 penu:
305 2823 430 2903 quando
451 2827 555 2904 aperte
575 2820 722 2886 55555155
741 2820 784 2885 ad
806 2821 960 2886 rationem
981 2821 1062 2884 citae
1109 2823 1271 2903 peromsis
1303 2828 1332 2886 et
1363 2822 1537 2887 audacibus
1565 2823 1702 2905 irsqemis
1722 2828 1839 2903 pateat.
1886 2818 2009 2887 Cerebri
2041 2821 2100 2885 sui

84 2909 274 2974 reddendam
295 2928 373 2989 quas
393 2908 567 2989 alloquitur
586 2908 654 2989 fore
675 2906 845 2972 denuntiat.
892 2905 980 2987 Quod
1001 2926 1063 2971 non
1114 2912 1316 2972 conmnentum
1330 2907 1500 2989 proferunt
1518 2908 1642 2973 volatici
1659 2909 1795 2990 spiritus
1812 2907 1995 2990 quibuscum
2011 2925 2098 2972 nnnc

84 2995 255 3075 quadraret
284 2996 315 3058 si
347 3014 428 3059 noua
461 3014 591 3075 corpora
622 2993 665 3057 ad
698 2992 838 3058 tribunal
872 2993 1061 3058 5151555555.
1114 2994 1248 3075 disputo,
1271 2995 1306 3057 in
1326 2995 1546 3060 resurrectione
1566 3015 1716 3059 novorum
1737 3014 1902 3074 corporum
1921 2995 1989 3074 sare
2010 3013 2095 3056 crea·

85 3078 187 3145 Porro
208 3080 366 3144 15555515
384 3079 533 3146 Danielis
555 3078 621 3165 (12,
641 3079 676 3161 2)
699 3078 846 3143 51111551
861 3077 1063 3161 pcrptenuru:
1115 3081 1235 3144 tionem.
1283 3079 1353 3160 Qua
1374 3081 1496 3145 ratione
1516 3081 1649 3163 impulsi
1670 3082 1718 3145 ita
1740 3080 1892 3158 sentiunt,
1922 3078 1990 3142 nisi
2017 3078 2097 3159 quia

83 3165 236 3245 multique
256 3166 476 3230 dmmmntium
493 3167 529 3230 in
546 3171 630 3231 terra
641 3164 788 3247 pulueris
805 3166 1061 3246 eoeperqiscentur,
1114 3165 1294 3231 incredibile
1321 3165 1390 3229 illis
1410 3166 1546 3245 uidetur,
1574 3166 1709 3231 cadaver
1730 3172 1796 3231 tam
1817 3166 1909 3248 tornqa
1926 3164 2096 3245 putredine

84 3251 119 3314 tsi
140 3251 183 3314 ad
203 3252 301 3315 uitam
321 3257 488 3330 adernam,
510 3257 539 3316 51
557 3251 607 3316 illi
628 3251 671 3315 ad
692 3249 860 3332 opprobria
882 3250 973 3315 exoa
995 3269 1062 3314 con-
1114 3256 1327 3332 eonsumptum
1341 3271 1435 3332 posse
1457 3252 1493 3316 in
1508 3253 1686 3332 pristinum
1707 3257 1824 3317 statum
1844 3250 1969 3315 redire?
2006 3248 2097 3331 Enpa

84 3341 232 3416 temptum
258 3337 493 3417 sempiternum;
526 3333 652 3420 quando
683 3357 746 3402 non
777 3357 816 3401 en
845 3341 979 3417 quatuor
1005 3334 1063 3401 515
1113 3338 1228 3403 551515
1237 3337 1304 3403 11115
1321 3337 1527 3402 incredulitas
1543 3338 1640 3402 buirus
1656 3338 1992 3402 sententiaeestmater.
2027 3334 2096 3399 Nos

85 3422 197 3485 mentis
222 3442 333 3487 rsooam
359 3424 525 3488 materiam
552 3424 595 3488 ad
621 3423 795 3502 5551155555
822 3422 975 3501 hominm,
1008 3421 1063 3487 sed
1114 3428 1221 3488 muira
1248 3423 1383 3505 spiritam
1404 3422 1469 3488 Dei
1498 3424 1541 3489 ad
1560 3424 1752 3504 sperandam
1773 3423 1882 3487 cornis
1903 3425 2026 3487 nostrae
2048 3441 2095 3485 ro-

85 3527 125 3572 55
147 3507 299 3588 sepulcris
319 3515 454 3573 mortuos
475 3514 584 3574 555551.
627 3507 731 3589 aqna
752 3508 807 3573 boc
827 3507 922 3573 dictat
951 3512 1063 3590 aperta
1114 3509 1332 3574 surrectionem
1358 3509 1394 3574 in
1421 3510 1581 3589 scriptura
1602 3510 1730 3590 passim
1756 3509 1904 3574 bortatur.
1949 3507 2022 3573 Hac
2042 3527 2095 3571 ra·

85 3593 176 3658 ratio.
223 3593 310 3657 ,vam
336 3595 367 3659 si
394 3616 491 3673 mors,
519 3616 600 3675 quae
625 3595 778 3677 55191555
805 3593 892 3659 lsabet
918 3615 940 3658 5
968 3594 1062 3676 lapsu
1114 3597 1195 3660 tione
1221 3594 1409 3675 baptismus,
1440 3600 1512 3660 15515
1540 3595 1645 3661 Paulo
1676 3594 1761 3679 (001.
1786 3599 1822 3672 2,
1849 3593 1919 3677 12),
1953 3593 2096 3677 siqittum

85 3679 238 3756 laminis,
270 3681 469 3746 amidentalis
501 3687 564 3760 est,
597 3681 801 3758 instauratio,
832 3700 928 3761 quam
959 3678 1063 3744 5115111
1114 3681 1203 3745 nobis
1224 3685 1267 3744 est
1282 3679 1411 3761 suturae
1426 3682 1676 3761 resurrectionis·
1697 3702 1751 3745 nec
1769 3683 1876 3745 minus
1892 3701 1984 3743 sacra
2002 3699 2094 3743 55555

87 3764 248 3843 01515155,
278 3765 321 3829 ad
342 3767 425 3831 idem
447 3766 527 3832 illud
548 3786 661 3848 corpus
676 3767 813 3847 pertinet
833 3765 915 3847 quod
935 3765 1063 3830 mortale
1114 3767 1247 3832 adeius
1267 3766 1416 3846 fiduciam
1437 3788 1494 3832 nos
1515 3769 1635 3845 inritat,
1657 3769 1733 3832 dum
1754 3765 1890 3847 squibala
1911 3763 2094 3845 spiritualis

84 3872 150 3917 esse
181 3852 285 3932 caepit.
329 3852 374 3916 Et
405 3872 481 3917 sane
513 3852 594 3932 quod
620 3852 724 3917 rident
751 3851 956 3916 Athenienses
986 3850 1064 3915 dum
1112 3853 1235 3935 pretim
1256 3872 1308 3916 ore
1322 3854 1527 3934 percipimus
1562 3852 1607 3917 Et
1626 3858 1703 3917 certe
1719 3857 1782 3916 tata
1802 3850 1900 3914 Pauli
1922 3847 2093 3912 5515515115

85 3938 242 4002 asseritur
262 3959 284 4001 a
303 3937 406 4002 Paulo
426 3938 619 4016 resurrectio,
641 3938 713 4002 burc
734 3938 875 4020 colliqere
896 3937 966 4002 11551
985 3958 1062 4017 qua·
1115 3936 1225 4021 (11515
1249 3943 1277 4017 6,
1300 3938 1364 4021 13),
1386 3944 1421 4002 51
1438 3939 1574 4002 membra
1594 3944 1701 4002 nostra
1722 3936 1921 4001 ecbibcrmus
1943 3954 2036 3998 arnse
2056 3935 2094 3999 in

85 4023 126 4087 115
147 4024 217 4088 5155
231 4024 427 4105 praedicatio
453 4023 565 4104 fuerit·
592 4044 629 4088 as
655 4025 779 4089 omnnio
806 4025 893 4089 risus
919 4023 973 4088 1115
998 4043 1062 4088 reon
1114 4021 2094 4106 555515511555155151155,[5195551,51515555555155οά55

79 4130 200 4191 purum
220 4111 264 4175 ad
284 4110 531 4191 confirmandam
551 4107 644 4188 poen
664 4115 804 4175 nostram
824 4110 912 4175 55151.
950 4108 1061 4192 Dique
1114 4130 1151 4174 ea
1177 4109 1338 4192 subiunpit
1367 4108 1477 4192 (Rom.
1502 4114 1531 4187 8,
1558 4108 1626 4191 11),
1657 4109 1713 4190 qui
1740 4109 1903 4173 5555115511
1931 4106 2095 4172 (11515155

84 4196 180 4259 etiam
200 4195 363 4260 obseruatu
383 4201 427 4260 551
451 4193 568 4259 Glsristi
590 4197 740 4259 sententia
761 4194 897 4278 (Mopth.
919 4200 968 4272 10,
989 4196 1062 4279 28)·
1113 4216 1135 4259 5
1155 4196 1296 4273 mortuis,
1319 4195 1683 4275 vivificabitetmortalia
1704 4214 1835 4274 corpora
1855 4198 1966 4258 555155.
2007 4192 2095 4273 Quid

84 4281 179 4346 nolite
204 4287 336 4346 metuere
362 4282 489 4363 eosqui
510 4280 650 4345 occidunt
671 4300 796 4360 carpus,
824 4283 966 4348 animam
987 4282 1062 4346 occi·
1113 4283 1197 4346 enim
1212 4282 1342 4359 iuvaret,
1361 4280 1521 4362 applicare
1531 4281 1636 4362 pedes,
1654 4301 1778 4358 manus,
1800 4279 1903 4344 oculos
1919 4283 1947 4342 et
1962 4278 2095 4359 linquas

84 4367 157 4431 dere
183 4388 245 4431 nou
267 4373 415 4450 possunt,-
441 4365 496 4431 sed
516 4386 588 4431 eum
608 4367 732 4431 induite
753 4367 808 4446 qui
826 4372 923 4449 potest
943 4373 971 4431 et
991 4369 1061 4432 aui-
1113 4368 1149 4431 in
1165 4367 1344 4450 obsequium
1361 4367 1434 4444 Dei,
1456 4367 1523 4431 nisi
1539 4366 1662 4448 fructus
1682 4371 1710 4432 51
1726 4367 1875 4431 mmsedis
1896 4368 1995 4429 essent
2010 4381 2094 4441 par-

85 4472 170 4516 mam
199 4459 228 4517 et
255 4473 367 4536 corpus
392 4453 523 4535 pardem
554 4453 590 4516 in
614 4450 784 4535 pebenuam
814 4455 906 4536 ipris
952 4452 1061 4534 Neque
1112 4453 1243 4535 ticipes?
1289 4454 1378 4534 Quod
1409 4454 1480 4518 suis
1511 4453 1612 4519 uerbis
1644 4458 1749 4536 aperte
1775 4451 1937 4532 confirmat
1966 4447 2092 4513 Paulus

85 4539 169 4602 euim
199 4540 331 4606 timendi
362 4560 474 4617 55555,
507 4538 573 4603 5151
604 4537 760 4618 supplicio
793 4538 959 4604 obnoxium
984 4544 1063 4603 esset
1112 4537 1247 4690 ((055.
1272 4544 1307 4617 6,
1334 4543 1381 4603 13.
1409 4543 1457 4604 15.
1484 4538 1553 4626 19)·
1586 4560 1701 4622 corpus
1728 4559 1789 4603 non
1815 4534 2008 4612 scortationi,
2037 4531 2093 4597 sed

84 4624 167 4705 quod
192 4645 274 4690 5555
299 4631 457 4710 qestamus
484 4644 605 4706 eorpus.
649 4622 717 4688 Nec
741 4641 812 4686 cero
839 4623 997 4688 obscurior
1017 4629 1062 4689 est
1149 4625 1258 4703 anina,
1280 4624 1485 4691 etDominus
1500 4627 1639 4707 corpori,·
1660 4627 1715 4707 qui
1731 4646 1802 4690 cero
1819 4622 1982 4688 5555115511
2000 4618 2092 4685 Cleri·

84 4710 185 4774 attera
206 4712 343 4776 eiusdem
366 4710 485 4777 0151511
506 4710 654 4776 sententia
676 4708 805 4792 (Ioann.
831 4714 859 4787 5,
884 4710 957 4793 28)·
979 4711 1062 4776 55511
1112 4715 1209 4789 stum,
1236 4716 1265 4775 et
1290 4731 1347 4776 nos
1374 4710 1536 4776 suscitabit
1550 4732 1611 4793 per
1630 4713 1776 4776 virtutem
1797 4729 1898 4775 secam
1944 4704 2091 4771 Gloriora

84 4794 303 4878 1555515555
321 4818 424 4863 annes
451 4798 507 4878 qui
533 4798 568 4862 in
588 4796 795 4861 monumentis
821 4799 906 4875 5551,
933 4796 1062 4861 audieret
1112 4800 1187 4860 5551
1208 4816 1287 4877 qnae
1307 4801 1492 4878 smuuntur:
1513 4817 1549 4862 ea
1571 4817 1636 4862 esse
1658 4796 1771 4876 templa
1792 4796 1926 4876 spiritus
1942 4794 2092 4858 sanctiet

84 4899 185 4945 vocem
211 4883 380 4964 5151151,
411 4890 439 4948 et
460 4882 632 4965 prodibunt
658 4882 714 4965 qui
739 4880 819 4946 bona
845 4880 998 4964 fecerunt,
1025 4884 1062 4947 in
1113 4881 1251 4947 membra
1278 4880 1404 4948 Obristi.
1449 4881 1575 4947 Interea
1601 4883 1742 4948 51155555
1774 4888 1810 4948 ut
1835 4879 2089 4946 resurrectionem

84 4970 338 5049 resurrectionem
359 4970 457 5049 sitae;
479 4971 534 5052 qui
555 4990 625 5035 aero
642 4969 730 5034 mala
751 4969 1063 5052 555551,155555ν-
1113 4988 1185 5033 cum
1211 4970 1351 5035 castitate
1376 4973 1404 5034 et
1431 4968 1636 5034 sanctimonia
1662 4969 1844 5051 coniunqat,·
1874 4967 1967 5032 515511
1988 4965 2089 5046 paulo

1119 5109 1319 5117 --...—--..-.—·.

1184 5174 1214 5241 1)
1239 5173 1303 5227 Lac.
1328 5175 1370 5228 cit.
1396 5190 1417 5226 s.
1440 5171 1481 5226 58.
1505 5174 1554 5227 nbi
1574 5179 1663 5227 tamen
1688 5175 1800 5243 lepitur:
1823 5173 1993 5226 aeternitatis
2017 5168 2093 5240 quod

155 5243 184 5313 1)
203 5245 277 5297 Libr.
296 5242 329 5296 de
347 5259 447 5296 rssurr.
465 5243 562 5307 curnis,
580 5261 602 5297 5.
620 5242 666 5299 51.
1115 5243 1215 5298 babent
1232 5243 1297 5298 libri
1313 5258 1379 5297 rece.

188 5327 301 5382 0515151
312 5342 403 5394 opera.
443 5327 503 5382 Vol.
517 5327 562 5382 11.
948 5316 952 5323 ’
1851 5327 1895 5384 41.
