4672 5842
238 296 299 359 em
607 287 614 307 ⁸
880 284 1147 353 msulunnlo
1168 287 1273 354 REIa
1296 286 1477 354 onmes.
1502 290 1594 351 1559.
2176 285 2238 347 1128

237 489 310 547 tum
339 501 394 546 eor
422 479 590 544 effundere
617 477 781 542 discimus,
827 476 911 539 Tum
934 485 971 539 ut
992 473 1034 539 ad
1056 474 1212 539 beneficia
1238 488 1240 573 l
1264 477 1377 552 cintus,
1401 474 1523 539 nedum
1546 473 1788 552 sollicitudines,
1811 473 1959 538 videmus
1986 472 2115 548 testari,
2139 493 2240 553 quum

239 569 309 633 eius
331 587 411 630 vera
437 565 538 630 animi
568 562 768 648 gratitudine
790 569 887 643 etque
910 562 1009 625 otiam
1032 560 1213 643 gratiarum
1238 590 1241 675 q
1265 583 1283 625 e
1305 560 1466 644 profunda
1494 561 1610 644 abysse
1638 567 1735 641 atqua
1764 582 1782 624 e
1810 559 1926 623 mediis
1953 558 2067 622 mortis
2094 555 2239 621 faucibus

239 653 364 718 actione
382 649 574 733 excipienda
596 670 830 732 comparemur,
853 667 935 729 qnae
958 647 998 711 ab
1021 646 1091 710 cius
1112 667 1241 721 manui
1288 647 1437 713 uerulam
1469 668 1504 711 se
1536 646 1578 710 ad
1608 646 1788 710 Dominum
1822 646 1937 709 efferre
1969 665 2083 709 vocem
2117 642 2238 709 dicunt

238 736 330 803 nobis
351 738 524 819 provenire
546 746 659 800 nostra
685 734 871 818 precatione
892 731 1115 796 admonemur.
1159 728 1214 794 Ad
1239 734 1241 808 i
1262 669 1333 818 gad
1366 733 1489 797 alienas
1522 739 1555 795 et
1583 743 1757 796 extraneas
1790 752 1903 796 omnes
1934 750 2028 794 curas
2062 726 2240 811 abigendae

238 823 328 901 haec,
347 822 432 906 qnod
450 823 640 905 petebamus
651 820 849 901 consequuti,
868 819 953 882 votis
970 818 1089 881 nostris
1106 818 1214 898 ipsum
1239 827 1241 901 1
1266 819 1350 895 dico,
1380 818 1496 901 quibus
1517 818 1581 882 hue
1603 826 1637 881 et
1664 817 1742 882 illue
1770 838 1854 900 vaga
1880 818 1952 898 ipsa
1978 836 2072 879 mens
2101 815 2240 880 eircum-

238 907 446 991 respondisse
467 910 631 990 permensi,
660 906 731 970 ntia
760 904 802 968 ad
823 903 1045 968 meditandam
1068 903 1137 967 eius
1159 901 1213 966 be·
1239 918 1241 989 j
1265 905 1399 983 feratur,
1427 914 1459 968 et
1484 926 1501 967 e
1530 903 1617 967 coelo
1647 903 1792 969 detracta
1817 905 1851 966 in
1880 914 2002 967 terram
2030 901 2239 983 deprimatur.

237 995 273 1058 ni
319 996 432 1058 itatem
455 993 621 1058 ardentius
642 994 799 1067 feramur,
827 998 861 1054 et
882 988 980 1054 simul
1001 989 1117 1052 maiori
1138 1008 1212 1051 eum
1239 1036 1242 1053 ,
1266 989 1376 1073 Supra
1398 1013 1432 1054 se
1455 1012 1532 1055 vcro
1554 990 1659 1070 ipsam
1681 988 1802 1053 elevari
1829 997 1979 1070 oportere
2006 986 2170 1069 intelligo,
2200 1007 2241 1050 ne

239 1101 281 1146 vo
294 1088 407 1162 uptote
442 1079 668 1161 amplexemur
702 1098 785 1159 quae
823 1074 972 1158 precibus
1008 1074 1214 1156 agnoscimus
1239 1094 1242 1163 ᾗ
1266 1075 1346 1159 quid
1367 1097 1480 1141 eorum
1502 1096 1584 1156 quae
1606 1096 1702 1139 caeca
1721 1081 1754 1139 et
1775 1074 1893 1139 stolida
1914 1084 2027 1138 nostra
2047 1074 2132 1137 ratio
2154 1092 2241 1135 eom·

240 1166 340 1231 fuisse
373 1167 556 1247 impetrata.
600 1165 771 1229 Postremo
804 1169 841 1225 ut
872 1162 941 1225 eius
975 1159 1213 1243 providentiam
1239 1208 1242 1233 ,
1266 1163 1408 1227 mentari
1431 1161 1529 1236 solet,
1560 1161 1595 1224 in
1615 1161 1681 1225 Dei
1703 1172 1910 1242 conspectum
1931 1160 2090 1241 proferat,
2125 1180 2185 1223 nee
2207 1179 2242 1222 se

240 1253 358 1317 eminis
381 1253 502 1331 nostris
525 1271 587 1330 pre
613 1249 845 1314 imbecillitatis
868 1257 997 1311 nestrae
1020 1245 1115 1309 modo
1137 1264 1215 1308 nms
1239 1236 1242 1325 ἶ
1266 1249 1356 1312 intra
1388 1248 1544 1312 vanitatis
1577 1266 1654 1311 suae
1682 1244 1851 1310 modulum
1880 1246 2089 1310 constrictam
2122 1253 2239 1319 teneat,

241 1337 309 1418 ipse
340 1342 368 1401 et
399 1339 640 1419 superimminet
671 1336 854 1411 confirmet,
889 1332 968 1396 dum
1000 1331 1214 1413 intelligimus
1240 1348 1242 1425 j
1267 1333 1324 1398 sed
1346 1332 1387 1398 ad
1408 1333 1679 1416 puritatemDeo
1702 1331 1835 1415 dignam
1857 1340 2017 1414 assurgat.

240 1424 348 1506 ipsum
370 1444 435 1486 non
457 1421 551 1485 niodo
573 1421 731 1503 polliceri,
759 1441 794 1484 se
816 1440 986 1501 nunquam
1008 1417 1101 1481 nobis
1123 1414 1214 1479 defn-
1240 1432 1243 1453 ¹
1354 1425 1382 1483 5.
1434 1418 1601 1500 Utramque
1627 1424 1734 1482 netetn
1759 1419 1901 1500 ampliore
1927 1418 2070 1500 dipnnm,
2097 1421 2131 1480 nl
2157 1417 2243 1498 qnis-

241 1516 369 1584 turum,
400 1513 426 1571 ct
454 1507 577 1570 nditmn
605 1507 691 1570 ultro
714 1505 756 1570 nd
778 1527 812 1569 se
834 1503 1065 1587 appellandum
1086 1503 1122 1566 in
1144 1503 1214 1583 ipse
1240 1516 1243 1593 j
1266 1507 1340 1586 qais
1361 1507 1457 1570 seed
1478 1506 1632 1569 orandam
1653 1509 1824 1583 eernparet,
1853 1504 1928 1567 illnc
1954 1524 2027 1568 snos
2048 1523 2159 1568 sernas
2179 1507 2243 1565 stii-

242 1594 442 1659 necessitatis
468 1594 603 1656 articulo
632 1593 827 1674 patefacere,
860 1591 914 1654 sed
938 1610 1067 1654 naariam
1095 1608 1215 1669 seraper
1266 1592 1381 1671 dieque
1400 1591 1539 1672 applicet,
1561 1612 1666 1672 neque,
1688 1597 1723 1653 et
1742 1590 1814 1670 fieri
1834 1591 1917 1667 solet,
1939 1589 2136 1686 diqtrelmtnr
2156 1609 2243 1652 erra·

241 1679 351 1744 labere
377 1684 529 1743 catastam
556 1680 598 1743 ed
624 1700 699 1742 snos
726 1677 898 1756 incendes‚·
931 1679 985 1740 nec
1018 1674 1134 1738 lactere
1166 1693 1215 1736 ces
1267 1678 1338 1741 tieis
1359 1675 1608 1759 recitationibus:
1641 1678 1718 1757 qnia
1739 1676 1820 1739 nibil
1841 1677 1944 1758 napis
1965 1678 2156 1740 ceritrerinm
2176 1673 2243 1738 Dei

242 1765 354 1842 cerlis,
381 1766 436 1830 sed
456 1766 617 1846 praesenti
639 1784 694 1843 epe
715 1764 804 1827 tneri
848 1763 916 1826 Eas
939 1761 980 1825 ob
1001 1781 1054 1823 rcs
1075 1759 1215 1824 clemen·
1267 1764 1453 1827 reverentiae
1481 1784 1576 1842 qnam
1603 1763 1711 1826 levitas
1738 1763 1824 1826 testis
1852 1762 1910 1826 ille
1938 1762 2078 1826 licentiae
2108 1760 2242 1824 nimiam

242 1851 386 1915 tissimus
437 1863 520 1925 ater,
549 1861 714 1932 uteunque
737 1869 904 1930 nunquam
927 1847 978 1912 val
1002 1844 1142 1909 dormiat
1163 1844 1216 1908 vel
1268 1849 1459 1913 lascivientis
1480 1854 1507 1912 et
1529 1848 1567 1911 ob
1589 1850 1674 1913 omni
1691 1853 1773 1912 metn
1794 1849 1917 1912 solntee.
1958 1849 2027 1928 ῥεια
2047 1848 2083 1910 in
2103 1866 2137 1910 re
2158 1850 2243 1910 tatto

242 1943 377 2017 torpent,
423 1936 593 1999 ormientis
611 1945 720 1998 tamen
743 1934 965 2016 torpentiaque
986 1932 1128 2014 speciem
1148 1930 1216 2012 ple·
1268 1935 1394 1998 eriiains
1415 1935 1619 1998 laborandum
1640 1939 1692 2011 est,
1715 1939 1830 2014 qneme
1849 1935 1951 2015 inopis
1971 1933 2132 2014 difficilores
2154 1951 2244 2010 eape-

242 2042 379 2103 rumque
397 2021 539 2103 praebet,
557 2043 620 2103 qno
638 2023 685 2084 ita
703 2021 744 2085 ad
762 2042 797 2083 se
815 2018 1001 2101 petendmn,
1024 2014 1215 2100 rogandum,
1241 2034 1244 2111 q
1267 2022 1378 2084 rimnr.
1424 2020 1522 2084 Nemo
1550 2019 1632 2084 enim
1658 2022 1704 2084 sie
1735 2021 1871 2083 litteratas
1902 2025 1947 2084 est
1978 2020 2021 2084 ad
2047 2018 2244 2098 precandum

241 2106 458 2190 flagitandum
477 2129 597 2190 magno
619 2116 731 2171 nostro
749 2105 832 2170 bono
855 2126 924 2181 nos,
947 2104 1067 2185 alioqui
1089 2100 1217 2172 desides
1241 2128 1244 2179 ;
1268 2107 1344 2188 qnin
1362 2106 1478 2170 nieles
1495 2106 1635 2185 obliquas
1654 2106 1850 2187 cepitetiems
1867 2106 2007 2187 obrepere
2023 2106 2147 2182 sentiet,
2165 2125 2245 2184 qnae

240 2201 275 2258 et
296 2194 440 2269 inureres,
469 2202 627 2257 exerceat.
663 2193 811 2256 Nimium
833 2212 910 2273 ergo
933 2189 1057 2254 insulse
1077 2188 1127 2252 illi
1148 2187 1215 2270 qui,
1241 2236 1244 2249 .
1268 2192 1418 2256 cretionis
1445 2212 1571 2256 mrsnm
1595 2192 1642 2256 vel
1669 2192 1856 2272 abrumpent
1890 2191 1937 2255 eel
1960 2192 2047 2270 tlean
2073 2191 2181 2271 alique
2208 2210 2245 2253 ae

242 2290 281 2343 ut
303 2279 472 2342 hominum
494 2280 619 2342 animos
640 2278 680 2340 ab
702 2279 848 2342 oratione
871 2290 1033 2353 revocent,
1056 2275 1121 2338 Dei
1142 2295 1216 2355 pra·
1241 2290 1244 2345 t
1268 2278 1448 2342 diverticulo
1471 2283 1636 2341 orerentur.
1680 2277 1745 2341 Hie
1767 2297 1835 2340 cere
1856 2278 1945 2342 nobis
1965 2283 2128 2343 snccnrret
2149 2296 2246 2356 qnam

244 2363 439 2435 videntinm,
473 2385 583 2428 rernm
615 2365 762 2427 omnium
794 2361 959 2429 custodiae
992 2361 1216 2436 excubantem,
1241 2352 1245 2453 Ι
1267 2364 1433 2445 inclipnnm
1458 2364 1514 2441 sit,
1540 2364 1593 2426 nbi
1613 2362 1703 2427 Dens
1731 2384 1787 2426 nes
1813 2364 1856 2427 aa
1881 2363 2043 2444 fertiliore
2071 2361 2245 2444 alloquium

242 2448 365 2514 frustm
396 2451 515 2514 nostris
544 2448 859 2531 interpellationibus
891 2448 1021 2531 sangari
1054 2447 1218 2529 garriunt3
1242 2462 1245 2587 q
1268 2449 1419 2527 admittit,
1446 2448 1534 2513 atari·
1554 2455 1642 2513 terete
1662 2450 1732 2513 eins
1751 2448 1959 2526 bnnmnitnte,
1986 2469 2079 2513 secra
2096 2448 2246 2529 profanis

243 2556 344 2617 quum
368 2557 434 2599 non
455 2536 578 2599 frustra
596 2536 758 2600 Dominus
781 2546 896 2600 eontra
918 2542 1063 2609 testetur,
1086 2554 1121 2596 se
1143 2552 1217 2612 pro-
1242 2592 1245 2611 ,
1268 2535 1437 2611 miscendo,
1458 2535 1534 2598 dnm
1556 2536 1623 2598 eins
1644 2536 1816 2599 reverantia
1835 2541 1949 2599 mentes
1969 2540 2092 2599 nostrin
2113 2535 2174 2598 sibi
2195 2535 2246 2598 de-

243 2622 402 2704 pinquum
434 2642 505 2686 esso
537 2622 688 2685 omnibns
714 2621 942 2686 invocantibus
969 2639 1089 2682 nomen
1122 2639 1217 2681 suum
1242 2626 1245 2689 l
1268 2621 1389 2686 eirenes
1410 2641 1471 2684 nen
1491 2626 1585 2700 tenet;
1609 2622 1663 2685 scal
1680 2622 1811 2702 perinde
1831 2641 1869 2685 ee
1890 2624 1921 2686 si
1941 2621 2028 2686 itebis
2048 2641 2147 2684 serrare
2166 2624 2246 2683 esset

243 2707 437 2771 inveritate
460 2706 563 2791 (Psal.
587 2712 655 2781 115,
679 2709 740 2790 ln).
786 2707 897 2770 Nihilo
925 2705 1031 2770 secius
1056 2713 1106 2768 est
1132 2702 1218 2785 qnod
1242 2698 1245 2715 ¹
1269 2727 1340 2771 cnm
1361 2706 1483 2771 laomim
1504 2708 1637 2789 culpmi,
1659 2708 1929 2784 immorandum,
1956 2708 2067 2772 omisso
2094 2705 2158 2782 ille,
2181 2704 2244 2767 linc

243 2791 298 2857 alii
331 2802 512 2876 nugantur,
547 2795 746 2874 superfluam
779 2815 849 2857 esse
881 2812 995 2856 eorum
1027 2790 1218 2872 petitionem
1242 2842 1245 2851 .
1269 2794 1317 2858 cel
1340 2793 1412 2856 illac
1437 2793 1677 2857 trerncelomns.
1724 2792 1869 2857 Βοίαηικς
1897 2815 1968 2875 erpo
1995 2813 2054 2856 rien
2078 2791 2158 2855 alies
2182 2792 2245 2853 rite

242 2899 326 2960 quae.
354 2879 440 2942 ultro
466 2878 580 2961 largiri
607 2890 740 2960 paratus
767 2880 810 2943 sit
837 2877 1017 2953 Dominus,
1050 2897 1153 2958 quum
1179 2895 1218 2938 en
1263 2879 1418 2960 probeque
1445 2899 1478 2941 se
1503 2880 1659 2960 eccinpere
1685 2879 1727 2943 ad
1753 2880 1921 2956 menidam,
1951 2880 2016 2943 nisi
2040 2898 2115 2959 qnos
2143 2877 2246 2958 afficit

242 2964 315 3047 ipsa
337 2985 418 3046 qnae
442 2985 462 3027 a
485 2976 665 3046 spontanea
687 2965 758 3029 eius
779 2964 963 3028 liberalitate
984 2962 1077 3053 nobis
1099 2962 1216 3037 fluunt,
1242 2984 1245 3049 j
1268 2964 1333 3029 Dei
1355 2966 1512 3043 maiestas,
1540 2970 1575 3028 nt
1600 2965 1736 3045 inpediti
1761 2967 1892 3030 terrentii
1919 2967 2006 3029 curm
2031 2970 2060 3028 et
2085 2964 2246 3044 aptcctibm

243 3050 394 3133 precibus
416 3051 535 3114 nostris
557 3064 709 3115 concessa
730 3050 811 3115 velit
833 3049 973 3133 agnosci
1020 3047 1109 3128 Quae
1129 3051 1218 3109 teste-
1242 3088 1245 3095 ·
1269 3050 1312 3113 ad
1343 3071 1413 3114 carri
1448 3051 1599 3114 accedent.
1654 3051 1759 3131 Atque
1789 3052 1825 3115 id
1860 3053 1922 3116 nbi
1954 3050 2020 3115 eall
2051 3049 2247 3115 caeremonia

242 3141 296 3199 tar
323 3135 533 3200 rrnnrierabilis
560 3137 618 3200 illa
644 3139 795 3200 sententie
825 3135 949 3200 Psalmi
974 3133 1041 3217 (34,
1069 3132 1137 3217 le),
1166 3134 1217 3196 eni
1242 3126 1245 3145 ¹
1268 3137 1447 3200 elevationis
1468 3157 1627 3213 remrtnnm,
1653 3142 1688 3200 nt
1708 3138 1904 3202 meminerint
1923 3137 2062 3201 lemirees
2083 3158 2117 3201 se
2132 3134 2248 3216 procul

242 3219 360 3284 multae
379 3221 499 3285 similes
519 3224 715 3302 respernlcnt:
740 3223 821 3286 eceli
843 3221 976 3286 Domini
996 3240 1090 3299 snper
1110 3220 1217 3296 nastes,
1242 3226 1245 3257 ¹
1268 3227 1397 3286 remotes
1417 3243 1483 3286 esse
1503 3243 1524 3285 e
1547 3221 1629 3301 Dee,
1658 3224 1722 3286 nisi
1746 3244 1856 3287 serastes
1877 3243 1951 3287 setes
1977 3224 2013 3286 in
2040 3222 2171 3286 sieblime
2192 3220 2247 3286 tel·

243 3310 273 3370 et
292 3326 387 3369 arares
414 3309 482 3371 eins
511 3309 545 3370 in
566 3328 674 3388 preces
700 3329 813 3372 eornm
860 3308 946 3388 Quane
967 3304 1031 3369 Dei
1051 3305 1218 3386 preciden-
1242 3336 1245 3369 :
1269 3307 1344 3371 lant
1390 3307 1478 3370 Sient
1504 3309 1598 3372 etiam
1623 3309 1740 3374 dicitnr
1766 3311 1801 3372 in
1829 3308 1958 3374 Psalmo
1979 3309 2047 3393 (25,
2074 3309 2124 3391 1).·
2150 3306 2194 3371 ed
2220 3312 2249 3370 tc

243 3392 322 3455 tione
343 3413 404 3455 saie
423 3398 529 3473 merite
551 3394 706 3457 carendae
727 3396 858 3473 piorem
885 3393 982 3457 saluti
1003 3392 1152 3455 intentam
1173 3391 1218 3454 sic
1269 3394 1370 3458 becci
1392 3395 1534 3457 orciniam
1554 3414 1663 3457 meam.
1702 3394 1747 3458 Et
1767 3396 1896 3476 saepias
1915 3395 1995 3458 larse
2016 3394 2164 3475 loquendi
2184 3393 2249 3474 ser-
2326 3424 2330 3440 =

243 3477 449 3555 menrrinnlot,
482 3485 514 3542 nt
533 3485 634 3542 terrica
658 3501 718 3542 reete
742 3485 915 3560 praeteriet
933 3478 1008 3559 {idei
1029 3478 1217 3552 nentium,
1242 3534 1245 3539 .
1269 3500 1354 3542 mem
1375 3485 1508 3559 rnnrpot
1528 3481 1702 3560 scriptino,
1725 3483 1896 3545 orationem
1916 3481 2037 3545 tollere:
2062 3502 2101 3544 ne
2122 3481 2158 3544 in
2178 3481 2250 3544 snas

243 3583 304 3643 qno
325 3562 511 3645 obsterpitnr
535 3565 676 3629 secordia
702 3585 741 3628 aa
767 3565 926 3628 hominnm
954 3565 1080 3628 enirnis.
1132 3562 1218 3646 Vipi-
1242 3572 1245 3599 ¹
1267 3564 1407 3647 faecibus
1426 3566 1587 3631 desideam
1608 3568 1666 3646 qni
1687 3569 1815 3647 cupiant
1835 3589 1857 3631 a
1879 3565 1946 3631 Dee
1966 3567 2124 3632 mandiri.
2159 3565 2248 3628 Haec

243 3648 310 3713 lent
331 3669 402 3731 erpo
423 3648 488 3713 Dei
508 3651 589 3714 eecli
612 3655 644 3712 nt
665 3670 824 3715 coecorum
847 3652 1020 3715 inmanitati
1041 3648 1219 3728 subveniat;
1242 3640 1246 3716 l
1269 3671 1393 3714 samnia
1414 3651 1464 3729 sit,
1486 3673 1546 3732 qne
1564 3650 1728 3717 liberalius
1746 3651 1903 3718 rmbisenm
1920 3652 2010 3717 Dens
2027 3654 2102 3735 epit,
2123 3652 2247 3715 amnitm

242 3735 298 3800 sed
326 3734 390 3799 citt
422 3737 488 3816 ipse
520 3737 660 3800 naasson
689 3738 802 3801 andire
828 3743 949 3802 riestres
978 3737 1124 3818 yemitns,
1158 3756 1219 3815 qne
1243 3744 1246 3805 1
1270 3758 1326 3800 nes
1352 3739 1505 3816 incitans,
1530 3743 1564 3801 nt
1591 3739 1625 3800 in
1652 3740 1759 3803 siriam
1786 3759 1880 3802 seem
1906 3760 2001 3804 ceras
2028 3743 2151 3802 mslres
2176 3754 2247 3798 eao-

242 3840 337 3886 snnm
372 3842 447 3903 erpo
485 3843 541 3886 ries
574 3843 710 3885 errrorem
737 3824 850 3887 enelins
875 3822 992 3904 probet.
1035 3822 1139 3901 Atque
1173 3822 1219 3884 ita
1243 3894 1246 3903 Ι
1269 3843 1426 3901 amenas,
1456 3825 1563 3887 minias
1583 3844 1639 3888 nes
1660 3844 1724 3888 esse
1744 3824 1951 3903 eamsebiles,
1983 3826 2049 3888 nisi
2070 3829 2134 3888 tem
2148 3842 2248 3903 pree-

242 3911 407 3986 atrnmqnc
435 3929 543 3972 sermm
571 3914 628 3984 est,
662 3930 724 3973 riori
754 3909 892 3974 damaim
924 3929 1020 3988 raeque
1052 3907 1391 3973 montanianum
1417 3914 1446 3972 et
1471 3910 1711 3990 incomparabile
1739 3913 1808 3974 eins
1835 3911 2014 3990 beneficium
2044 3908 2135 3974 reim
2167 3906 2248 3970 aliis

242 3993 396 4056 aestatem
425 3992 559 4057 Israelis
586 3994 689 4079 (Psal.
723 3999 793 4072 121,
822 3994 873 4077 4),
906 3999 934 4059 ct
964 3999 1067 4057 tenna
1099 4012 1219 4056 cessere
1270 3995 1412 4058 emriibns
1434 3996 1521 4077 epnd
1542 4017 1598 4060 nes
1613 3998 1858 4078 praeponderet,
1889 4017 2004 4079 nesqm
2023 3995 2066 4061 ed
2085 4015 2118 4058 se
2135 3992 2248 4071 trel-it,

242 4079 337 4159 qnasi
355 4080 452 4141 rostri
472 4079 607 4158 aetiani,
629 4080 683 4144 iibi-
704 4103 760 4145 nos
781 4086 930 4161 impendes
950 4101 987 4145 ae
1007 4084 1108 4143 metes
1129 4079 1218 4141 ridet
1270 4085 1304 4143 nt
1324 4081 1431 4145 stadie
1451 4102 1619 4162 amansque
1640 4089 1760 4147 nestros
1785 4086 1867 4148 serie
1894 4086 1938 4149 ed
1964 4080 2114 4148 erendnm
2141 4079 2250 4160 appli-

330 4169 358 4225 l.
404 4163 508 4229 Porro
536 4167 598 4230 rite
625 4166 790 4248 probeque
816 4165 1037 4230 instituendae
1062 4164 1219 4228 orationis
1269 4186 1380 4230 cemes.
1427 4167 1514 4248 Quia
1532 4167 1605 4247 lieri
1627 4188 1688 4232 rien
1703 4174 1810 4251 ,petest
1831 4172 1897 4233 nisi
1919 4189 2003 4234 mens
2022 4188 2092 4232 mm
2114 4165 2251 4247 impedi-

241 4254 312 4313 esto
334 4248 415 4314 haec
437 4251 626 4332 primnlex,
649 4264 774 4316 utnon
796 4251 899 4327 aliter,
922 4274 1021 4334 quam
1043 4272 1097 4314 ees
1116 4249 1217 4328 decet,
1243 4296 1246 4341 ἰ
1269 4254 1382 4316 martis
1414 4254 1537 4333 sortiter
1568 4254 1713 4319 lnetemm
1744 4277 1873 4320 sternam
1905 4259 2044 4338 erumpet
2098 4252 2251 4316 Alteram

241 4335 298 4417 qui
322 4335 364 4399 nd
385 4334 450 4399 Dei
473 4337 665 4419 colloquium
690 4337 935 4422 ingrediuntur,
960 4347 1070 4402 mente
1094 4338 1218 4401 anime-
1243 4341 1505 4427 poposuimus,
1538 4362 1577 4405 ne
1597 4347 1745 4421 petamus
1772 4344 1838 4406 nisi
1866 4349 2018 4423 quantem
2042 4340 2131 4404 nobis
2158 4338 2251 4403 Dens

241 4441 305 4502 que
338 4423 508 4504 compositi
535 4425 645 4488 sinms
698 4422 795 4503 Quod
822 4423 959 4497 seilicet,
991 4434 1151 4506 quantum
1176 4423 1218 4490 ad
1264 4425 1425 4504 permittit.
1461 4425 1535 4490 Etsi
1556 4429 1638 4491 enim
1659 4427 1741 4491 inbet
1762 4449 1819 4493 nes
1839 4430 1996 4509 mitridate
2016 4427 2110 4493 eorde
2133 4430 2250 4500 naara,

240 4515 402 4601 mentem.
428 4529 681 4591 consequemur.
705 4512 733 4574 si
763 4509 951 4575 camalibus
981 4509 1068 4575 euris
1096 4511 1218 4592 eogita-
1243 4566 1246 4589 ,
1271 4531 1331 4574 rien
1363 4515 1465 4575 tennn
1497 4512 1602 4578 etiams
1633 4535 1670 4577 ee
1696 4517 1815 4594 praeis
1846 4516 2005 4595 αῐῐοαίὸιις
2040 4513 2252 4593 indifferenter

242 4593 451 4675 nauibusque
478 4595 645 4677 expedita,
695 4597 792 4661 uibus
818 4618 839 4660 a
865 4605 954 4660 recto
981 4617 1128 4678 puroque
1153 4597 1219 4661 Dei
1243 4648 1246 4659 .
1269 4595 1406 4660 bobertus
1432 4598 1537 4677 laeet3
1569 4601 1694 4664 eldam
1716 4601 1873 4679 premittit
1897 4621 1931 4664 se
1957 4600 2118 4681 saetarum
2143 4617 2249 4662 secure-

241 4676 365 4772 intuitn
394 4681 525 4745 avocari
552 4691 608 4745 ont
637 4618 751 4747 diduci
779 4693 891 4766 quaest,
924 4702 993 4745 nan
1025 4681 1122 4746 modo
1148 4691 1219 4745 tota
1243 4690 1246 4755 ξ
1269 4682 1346 4745 dnm
1366 4685 1498 4764 piorem
1519 4685 1714 4762 mentalem,
1742 4706 1802 4750 mn
1829 4706 1961 4767 eousque
1981 4687 2122 4769 mooedit
2147 4683 2250 4746 nalal-

242 4762 395 4828 rntendat
416 4788 451 4829 se
477 4768 511 4830 in
537 4768 773 4848 precationem,
800 4767 860 4833 sed
888 4769 988 4833 etiam
1013 4767 1120 4851 quoad
1147 4768 1219 4831 fieri
1243 4790 1246 4795 ’
1266 4770 1381 4849 pontia,
1400 4775 1434 4833 nt
1454 4791 1560 4835 mmm
1577 4773 1708 4836 arbitrie
1724 4791 1757 4834 se
1773 4771 1945 4837 sirbmittat.
1988 4773 2091 4853 Atqui
2112 4773 2148 4835 in
2168 4773 2250 4832 atre

242 4851 386 4929 potuerit
407 4874 506 4933 supra
527 4874 563 4916 se
585 4853 690 4935 ipsam
712 4854 858 4919 elevetur
877 4877 915 4920 ao
936 4855 1068 4919 feratur.
1105 4853 1219 4935 Neque
1243 4878 1246 4885 ·
1268 4875 1328 4933 que
1346 4858 1471 4938 passim
1488 4859 1634 4941 graviter
1651 4856 1860 4938 delinquitur.
1905 4859 2022 4943 Neque
2041 4858 2134 4922 enim
2153 4855 2250 4920 mode

243 4953 321 4996 vem
343 4951 488 5000 mentem
516 4937 570 5002 liic
597 4941 728 5021 require
757 4942 805 5004 ita
830 4940 1034 5024 explicitam,
1062 4950 1101 5003 ut·
1127 4940 1220 5004 nulla
1243 4978 1246 5021 :
1270 4949 1403 5021 temere,
1425 4942 1498 5007 sine
1518 4943 1635 5018 fronte,
1657 4943 1730 5006 sine
1751 4945 1946 5024 reverentia,
1966 4944 2080 5009 Deum
2102 4945 2251 5027 plerique

243 5016 462 5087 sollicitudine
484 5036 651 5105 pungatur
672 5047 710 5091 ac
730 5024 928 5104 mordeatur,
949 5047 1051 5108 quum
1072 5033 1221 5108 oporteat
1243 5032 1246 5085 1
1271 5025 1311 5090 de
1334 5029 1402 5092 suis
1423 5028 1554 5110 ineptiis
1571 5027 1780 5110 interpellare
1800 5026 1932 5107 audent,
1955 5042 1990 5095 et
2010 5029 2171 5113 quidquid
2192 5050 2252 5113 per

242 5112 358 5168 cenna
388 5108 495 5173 multa
526 5110 692 5175 anxietate
726 5111 844 5176 orandi
870 5113 1033 5178 ferverem
1062 5113 1097 5175 in
1125 5112 1219 5177 nobis
1271 5114 1437 5177 somnium
1464 5113 1653 5190 adlibuerit,
1683 5111 1726 5176 ad
1758 5114 1829 5177 eius
1861 5116 2008 5181 tribunal
2039 5116 2252 5198 impudenter

243 5190 387 5256 accendi
429 5193 581 5275 Qualiter
602 5207 733 5263 sanctes
751 5197 818 5262 Dei
839 5220 952 5265 servos
972 5198 1124 5282 ingentes
1144 5219 1218 5264 cru-
1244 5248 1247 5253 >
1270 5199 1430 5280 prosena,
1459 5195 1516 5263 sed
1542 5208 1637 5263 tanta
1663 5199 1716 5263 vel
1744 5198 1908 5266 stoliditas
1928 5203 1984 5268 vel
2003 5201 2181 5285 sarpidius
2202 5222 2253 5267 eos
