4672 5842
135 2555 141 2564 '
237 2548 445 2630 implicemur
462 2547 637 2625 communi,
656 2569 722 2611 non
739 2547 832 2629 vulgi
849 2546 953 2625 modo,
977 2546 1035 2611 sed
1046 2545 1216 2611 doctorum

238 310 301 372 579
886 295 1153 367 INSTITU'I'IO
1174 298 1278 364 ΗΕΒ.
1301 296 1481 364 baama.
1504 301 1596 363 1559.
2181 299 2245 362 580

237 515 277 559 ue
303 492 379 574 qaid
405 492 448 555 od
473 490 701 571 baptisatam
727 507 830 554 seroos
856 509 930 553 suos
956 489 1091 567 auium
1123 493 1215 567 atque
1265 493 1363 569 patet.
1419 484 1518 551 Certe
1550 494 1590 550 ut
1622 494 1672 551 est
1704 486 1991 563 fastuosissimum,
2030 485 2116 550 nihil
2147 506 2248 568 quam

237 581 284 646 aa
302 577 516 642 liberalitatem
532 596 624 641 suom
640 576 850 658 prosequitur,
870 579 905 637 ot
921 579 1022 639 tamen
1042 574 1215 656 qrattum
1265 570 1439 637 obscurare
1460 573 1525 637 Dei
1553 573 1709 655 gratiam,
1740 580 1774 635 et
1795 572 1944 637 homines
1965 592 2069 655 prava
2090 572 2248 654 superbia

237 665 416 742 amarem,
438 684 519 744 qaae
537 664 610 743 foas
626 667 654 727 et
670 662 797 724 initiam
816 666 868 738 est,
889 661 1040 740 respicere
1061 680 1118 723 noa
1137 680 1215 723 serso·
1265 659 1412 723 imbuere
1438 666 1554 740 potest
1598 658 1659 723 Usi
1692 667 1783 737 sunt,
1813 659 1932 737 fateor,
1965 658 2089 740 passim
2121 658 2249 722 venisti

234 770 292 833 per
312 749 392 813 celii.
440 750 627 830 Quanquam
654 748 736 811 euim
763 768 843 828 quoe
869 746 957 809 roobia
984 747 1119 825 quotidie
1146 765 1214 810 ooa-
1267 743 1421 809 ecclesiae
1454 744 1646 827 scriptores,
1687 752 1784 826 atque
1819 745 1945 809 utinam
1978 744 2113 809 voculae
2146 745 2248 809 unius

153 868 170 908 ,v
235 834 297 918 fert
318 835 415 913 dono,
442 840 593 914 qauteom
614 854 652 898 ec
672 833 725 897 illo
746 832 827 913 fonte
842 831 1012 911 prodeunt,
1035 836 1134 909 amat,
1162 852 1215 895 oo
1266 830 1371 895 abusu
1398 830 1518 894 erroris
1544 831 1718 895 materiam
1748 831 1887 912 posteris
1914 852 1979 895 non
2008 830 2247 912 praebuissent

236 926 337 987 amm
359 925 460 991 moseo
482 926 533 998 est,
554 921 726 1003 qrotaitam
746 919 837 982 illam
854 919 1087 998 acceptationem
1105 923 1212 995 tenere,
1267 913 1467 998 Quanquam
1503 916 1670 980 nonnullis
1706 917 1767 998 ipsi
1802 937 1929 998 quoque
1960 916 2039 981 locis
2071 922 2248 992 testantur,

205 999 210 1007 ’
236 1027 316 1090 qaae
344 1006 411 1071 solo
440 1005 555 1087 fulcire
583 1006 709 1070 anicios
736 1008 859 1067 nostros
887 1007 1000 1084 potest:
1032 1023 1112 1084 qaae
1143 1022 1214 1068 ocro
1266 1022 1364 1083 quam
1382 1023 1449 1065 non
1470 1001 1693 1083 praeiudicare
1711 1002 1841 1066 veritati
1859 1002 2032 1067 voluerint
2078 998 2136 1067 Sic
2158 1002 2249 1066 enim

237 1094 373 1174 spiritos
390 1093 443 1156 sai
462 1093 545 1156 dorca
566 1091 675 1155 deiude
696 1089 846 1172 larqilar,
876 1090 923 1154 ito
951 1088 1123 1154 subnectere
1144 1090 1215 1170 pri
1266 1086 1387 1150 alicubi
1413 1088 1561 1169 loquitur
1582 1088 1803 1172 Augustinus:
1822 1087 1846 1172 ¹)
1874 1088 2020 1152 humana
2046 1087 2165 1151 merita
2193 1087 2250 1153 hie

238 1198 309 1243 mae
330 1199 452 1258 cosmae,
475 1181 509 1240 ot
531 1178 559 1240 ei
581 1176 663 1241 uiliil
684 1176 832 1259 deroqeot.
1267 1174 1501 1252 conticescant,
1531 1194 1614 1256 quae
1635 1174 1804 1255 perierunt
1831 1196 1891 1257 per
1917 1173 2042 1252 Adam,
2071 1181 2106 1237 et
2129 1181 2251 1256 regnet

1266 1259 1330 1322 Dei
1353 1259 1472 1342 gratia,
1506 1280 1565 1341 per
1586 1259 1696 1323 Iesum
1719 1260 1898 1325 (lhristum.
1944 1259 2046 1323 Item:
2062 1258 2090 1343 2)
2119 1259 2249 1323 moritis

1267 1345 1336 1408 suis
1356 1344 1440 1407 nihil
1463 1345 1614 1410 tribuunt
1635 1346 1755 1423 sancti;
1783 1353 1888 1410 totum
1910 1346 2040 1409 nonnisi
2064 1345 2250 1410 misericor-

580 1465 731 1531 CAPUT
754 1465 831 1529 ΧΨ
851 1465 876 1550 ¹)
1267 1429 1353 1580 (ditarit
1365 1430 1662 1599 tffiotqqrirqqqdo
1673 1432 1760 1581 bldrii1
1762 1431 1986 1582 sbabidiibiridri
2005 1438 2048 1582 eab
2067 1432 2251 1581 (blablblrefia

239 1608 361 1715 Quae
387 1609 440 1690 do
472 1637 647 1720 operum
679 1607 840 1688 meritis
871 1607 1095 1715 iactantur,
1126 1619 1217 1689 mm
1268 1623 1319 1677 se,
1343 1601 1400 1667 sed
1422 1623 1442 1666 a
1463 1602 1534 1667 Deo
1557 1624 1630 1682 suo,
1653 1601 1745 1667 videt
1765 1603 1799 1667 id
1821 1611 1926 1667 totum
1949 1602 2036 1684 quod
2057 1604 2092 1667 in
2115 1622 2154 1667 eo
2176 1601 2249 1666 lau-

311 1729 318 1746 .
541 1728 548 1745 .
884 1727 892 1744 ·
972 1727 979 1744 ·
1007 1728 1014 1745 .
1268 1686 1376 1766 datur,
1399 1709 1465 1787 non
1487 1686 1527 1752 de
1550 1688 1618 1752 suis
1641 1689 1777 1768 moritis,
1801 1689 1859 1788 sed
1880 1688 1921 1787 de
1938 1687 2167 1788 misericordia
2183 1687 2250 1788 Ilei

238 1730 321 1812 Der
345 1729 515 1811 landem
538 1728 1217 1838 mconferenda1ust1t1a,quam
1269 1794 1348 1837 esse.
1399 1773 1503 1838 We,
1530 1780 1568 1838 ut
1594 1773 1747 1857 adempta
1773 1775 1898 1839 homrm
1925 1776 2008 1840 bene
2035 1773 2154 1857 agendi
2180 1795 2249 1840 m,

370 1849 521 1930 salutis
554 1847 851 1930 certitudinem
882 1859 1084 1930 evertere.
1268 1865 1352 1936 tute,
1382 1859 1491 1923 meriti
1519 1881 1647 1943 quoque
1674 1858 1868 1945 digmtitem
1897 1869 2091 1944 prosternat.
2138 1860 2248 1943 Ohry-

1268 1953 1432 2010 sostomus
1446 1945 1474 2025 ⁴)
1507 1953 1632 2010 autem:
1667 1955 1780 2011 nostra
1812 1947 1840 2011 si
1872 1968 1939 2029 qua
1971 1952 2154 2030 sequuntur
2183 1947 2249 2025 Dei

328 2040 353 2097 l.
382 2032 784 2115 Iamquodpraecipuum
804 2033 905 2095 estin
923 2033 1216 2114 haceausaexpe·
1328 2031 1446 2095 tuitam
1468 2032 1671 2097 vocationem
1699 2054 1813 2116 opera,
1842 2033 2012 2097 retributio
2034 2039 2114 2097 sunt
2136 2038 2170 2096 et
2193 2031 2248 2096 de-

237 2118 392 2185 divimus:
415 2120 499 2202 quia,
523 2119 551 2183 si
572 2117 722 2200 operibus
740 2117 892 2182 fulciatur
909 2117 1041 2195 iustitia,
1065 2138 1216 2182 corruere
1302 2123 1390 2195 tum;
1414 2125 1448 2181 at
1464 2117 1528 2181 Dei
1551 2137 1695 2197 munera,
1719 2119 1826 2202 gratia
1844 2127 1878 2183 et
1894 2117 2109 2184 beneficentia
2130 2127 2165 2182 et
2183 2119 2249 2182 lar-

236 2207 386 2288 protinus
419 2225 438 2268 a
473 2211 647 2286 conspectu
680 2204 745 2268 Dei
784 2224 915 2269 neeesse
949 2205 1008 2282 sit,
1049 2203 1119 2267 sola
1152 2203 1216 2267 Dei
1268 2202 1400 2286 gitionis
1432 2203 1633 2287 magnitudo.
1689 2201 1821 2269 Omisso
1852 2212 1964 2269 tamen
1994 2205 2141 2281 nomine,
2178 2224 2263 2274 rem¹

237 2290 475 2367 misericordia,
503 2289 572 2353 sola
593 2288 720 2354 Christi
742 2291 1052 2365 communicatione,
1080 2288 1217 2371 ideoque
1267 2287 1376 2371 potius
1394 2310 1575 2354 cernamus.
1619 2288 1722 2355 Oltam
1739 2291 1864 2371 quidem
1881 2288 2248 2374 trecassinam)

238 2376 308 2441 sola
337 2375 402 2440 fide
432 2376 599 2440 contineri.
644 2376 863 2457 Praecipuum
890 2383 1000 2440 autem
1030 2375 1118 2440 hunc
1144 2396 1216 2439 esse
1267 2375 1465 2438 sententiam:
1496 2383 1535 2439 ut
1557 2375 1599 2439 ad
1620 2377 1775 2440 meritum
1797 2377 1877 2441 satis
1899 2386 1949 2440 est
1971 2375 2011 2441 de
2033 2374 2161 2441 meritis
2182 2397 2248 2440 non

238 2482 355 2528 causae
377 2461 543 2527 cardinem
566 2461 739 2544 diligenter
761 2459 1068 2536 animadvertamus,
1094 2483 1136 2525 ne
1158 2461 1214 2525 illa
1267 2480 1485 2610 grtffsmqre,
1509 2461 1685 2612 siqdqiartqre
1702 2463 1938 2612 immediatis
1955 2473 2006 2611 obt
2023 2460 2247 2611 adfiiudicium.

1295 2567 1313 2610 e
1358 2568 1417 2611 con
1435 2567 1513 2611 muo
1601 2570 1611 2612 ι
1670 2570 1706 2611 ιιι
1740 2569 1816 2630 rpre
1879 2570 1956 2626 one,
2002 2569 2054 2611 nrr
2083 2569 2137 2612 em
2158 2569 2248 2612 vocis

1291 2109 1298 2130 ὶ

238 2634 338 2699 etiam
365 2633 625 2698 hallucinatione.
671 2631 780 2698 Simul
808 2633 896 2697 anim
925 2640 1022 2715 atque
1047 2633 1216 2714 quaeritur
1268 2632 1348 2696 satis
1377 2631 1515 2711 emollit,
1548 2653 1649 2716 quum
1678 2633 1770 2699 dicit:
1805 2633 1943 2717 proinde
1975 2634 2093 2698 merita
2126 2633 2246 2698 habere

237 2718 278 2784 de
299 2719 376 2784 fidei
398 2739 595 2802 operumque
616 2719 863 2796 iustificatione,
895 2718 1074 2783 decurrunt
1097 2717 1138 2781 ad
1160 2739 1215 2783 eos
1267 2738 1376 2797 curcs3
1410 2718 1538 2799 habita,
1573 2718 1648 2784 data
1680 2720 1825 2799 noverim
1865 2721 2010 2785 hactum
2042 2738 2150 2821 speres
2180 2718 2246 2783 Dei

236 2805 323 2872 locos
363 2807 419 2890 qui
457 2805 588 2888 aliquod
623 2805 776 2888 operibus
812 2805 967 2870 meritum
1002 2825 1111 2870 coram
1142 2804 1215 2868 Deo
1266 2803 1532 2883 misericordiam,
1558 2812 1592 2869 et
1612 2826 1709 2869 omne
1730 2806 1912 2889 periculum
1934 2806 2081 2882 evasisti,
2104 2824 2246 2888 pauper·

236 2893 381 2958 tribuere
408 2892 575 2958 videntur:
610 2891 745 2974 perinde
776 2912 854 2955 vero
881 2911 918 2955 ac
945 2891 973 2956 si
1000 2891 1107 2956 evicta
1133 2890 1216 2954 foret
1267 2891 1358 2968 tatis,
1387 2890 1649 2974 ingratitudinis,
1682 2892 1970 2974 praesumptionis:
2004 2891 2083 2956 felix
2111 2890 2248 2956 ecclesia

237 2999 373 3062 operum
394 2979 594 3055 iustificatio,
620 2979 648 3042 si
669 2978 841 3059 probatum
863 2977 963 3041 fuerit
985 2975 1122 3041 alieuius
1144 2997 1215 3041 esse
1266 2975 1320 3040 cni
1338 2996 1399 3040 neo
1415 2976 1535 3041 merita
1552 2979 1622 3041 sine
1644 2978 1917 3060 praesumptione,
1941 2999 2001 3043 nec
2023 2978 2247 3060 praesumptio

237 3063 324 3146 apud
358 3065 468 3127 Deum
500 3065 604 3147 pretii.
650 3064 831 3127 Enimvero
864 3083 964 3144 supra
992 3062 1079 3127 clare
1105 3069 1214 3127 osten·
1266 3061 1336 3125 sine
1364 3063 1490 3127 meritis
1517 3062 1617 3128 deest.
1661 3063 1708 3129 Et
1739 3063 1836 3146 paulo
1870 3071 1946 3128 ante
1978 3061 2107 3128 abunde
2139 3072 2246 3128 osten·

238 3147 360 3226 dimus,
393 3148 427 3213 in
460 3150 604 3231 perfecta
637 3147 862 3213 tantummodo
888 3147 1098 3229 absolutaque
1131 3147 1214 3231 legis
1267 3145 1360 3211 derat
1390 3168 1489 3230 quam
1519 3150 1575 3231 pio
1602 3171 1701 3214 sensu
1728 3156 1883 3214 uteretur.
1928 3149 2016 3213 Nam
2044 3148 2085 3212 de
2111 3149 2246 3226 meritis,

237 3234 463 3300 observatione
502 3236 678 3299 consistere
717 3256 854 3317 operum
895 3234 1062 3298 iustitiam.
1116 3233 1214 3298 Unde
1266 3233 1387 3315 inquit,
1414 3232 1493 3315 quid
1520 3234 1660 3300 sollicita
1687 3236 1730 3300 sit
1751 3234 1901 3312 eeclesia,
1931 3235 1986 3299 oui
2014 3233 2055 3299 de
2082 3236 2247 3318 proposito

237 3321 395 3403 sequitur,
418 3341 485 3383 non
508 3321 676 3384 iustificari
699 3320 852 3402 operibus
873 3319 1049 3398 hominem,
1071 3318 1136 3384 nisi
1157 3320 1214 3401 qni
1266 3317 1331 3384 Dei
1352 3319 1478 3386 firmior
1495 3322 1703 3403 securiorque
1721 3322 1849 3385 exsistit
1870 3320 2032 3405 gloriandi
2052 3321 2159 3386 ratio?
2183 3343 2247 3386 non

237 3405 281 3471 ad
302 3427 468 3470 summum
488 3405 694 3487 perfectionis
716 3413 862 3481 evectus,
885 3404 1018 3482 nullius,
1041 3405 1095 3469 vel
1115 3406 1213 3469 mini·
1265 3411 1372 3486 potest
1394 3426 1429 3470 se
1449 3405 1558 3487 ipsum
1581 3428 1702 3490 negare
1724 3405 1831 3472 Deus:
1855 3408 1953 3472 faciet
1973 3406 2060 3489 quod
2083 3408 2246 3491 promisit3

237 3512 311 3556 mae
339 3491 608 3574 transgressionis
637 3492 730 3573 argui
759 3501 865 3572 queat.
910 3490 1026 3555 Altera
1052 3491 1154 3574 igitur
1182 3497 1215 3555 et
1266 3490 1294 3554 si
1316 3511 1383 3554 non
1406 3498 1456 3555 est
1483 3491 1570 3573 quod
1596 3513 1748 3576 quaeras,
1778 3493 1896 3577 quibus
1922 3494 2049 3559 moritis
2077 3515 2247 3577 speremus

237 3585 389 3658 separata
420 3584 470 3641 est
501 3577 660 3658 quaestio,
696 3584 862 3658 uteunque
895 3574 937 3640 ad
968 3576 1214 3642 iustificandum
1265 3574 1371 3641 bona?
1405 3578 1598 3659 praesertim
1649 3600 1728 3643 uum
1759 3578 1888 3643 audias:
1922 3601 1989 3643 non
2018 3588 2152 3662 propter
2176 3600 2243 3654 vos,

236 3661 405 3728 hominem
436 3663 572 3726 minime
604 3663 769 3730 sufficiant
801 3682 915 3745 opera,
952 3683 1064 3727 annon
1103 3670 1214 3727 tamen
1267 3659 1325 3726 sed
1351 3669 1485 3745 propter
1516 3684 1578 3727 me.
1624 3600 1754 3730 guffioit
1782 3664 1824 3729 ad
1851 3666 2016 3745 meritum,
2045 3666 2129 3731 scire
2159 3663 2244 3748 quod

236 3747 294 3814 illa
315 3745 402 3830 apud
424 3748 536 3814 Deum
558 3749 699 3832 gratiam
720 3748 989 3830 promereanmr?
1266 3768 1332 3812 non
1355 3748 1519 3815 sufficiant
1540 3750 1664 3813 merita.

324 3838 353 3899 2.
397 3835 558 3913 Primum,
587 3833 760 3899 demeriti
786 3834 919 3897 nomine
947 3832 982 3897 id
1010 3833 1093 3898 mihi
1119 3855 1213 3916 prae-
1354 3838 1383 3898 3.
1429 3833 1518 3915 Quid
1554 3843 1804 3917 promereantur
1843 3837 1955 3900 omnia
1989 3857 2087 3920 opera
2120 3843 2241 3913 nostra,

236 3921 299 3985 fari
326 3940 459 3984 neccsse
487 3928 551 3985 est:
585 3921 771 4003 quicunque
798 3920 923 4001 primus
951 3918 1034 3983 illud
1063 3919 1214 4002 operibus
1266 3921 1428 4002 scriptura
1448 3920 1589 3985 ostendit
1610 3941 1711 4004 quum
1727 3921 1793 3987 Dei
1812 3929 2022 4007 conspectum
2041 3923 2126 3986 ferre
2146 3941 2243 4004 posse

236 4005 390 4071 humanis
412 4005 453 4070 ad
475 4007 539 4070 Dei
560 4006 719 4071 iudicium
745 4006 941 4088 comparatis
970 4006 1109 4087 aptavit,
1137 4027 1214 4071 eum
1266 4013 1376 4089 negat,
1409 4007 1486 4088 quia
1517 4005 1745 4073 immunditiae
1776 4009 1843 4073 sint
1870 4007 1983 4091 plena;
2019 4006 2097 4091 quid
2124 4005 2243 4071 deinde

235 4090 314 4157 fidei
346 4092 525 4157 sinceritati
558 4093 699 4175 pessime
734 4091 945 4156 consuluisse.
997 4089 1161 4173 Equidem
1194 4112 1215 4155 a
1266 4093 1484 4174 promeriture
1503 4094 1547 4158 sit
1567 4094 1711 4175 perfecta
1731 4093 1814 4177 legis
1836 4095 2019 4160 observatio
2040 4093 2083 4176 (si
2104 4113 2170 4177 qua
2191 4116 2243 4158 re-

235 4177 449 4262 legomachiis
469 4176 574 4243 libens
595 4178 758 4254 abstineo,
786 4176 844 4242 sed
872 4198 1025 4259 cuperem
1048 4197 1124 4242 eam
1146 4197 1213 4241 ser·
1266 4178 1366 4260 periri
1387 4178 1521 4263 posset),
1543 4182 1645 4261 quum
1666 4180 1825 4262 praecipit
1845 4188 1884 4245 ut
1898 4201 1960 4245 nos
1977 4179 2111 4245 inutiles
2132 4201 2245 4245 servos

235 4270 349 4330 vatam
388 4263 489 4329 fuisse
521 4286 649 4347 semper
681 4265 768 4329 inter
807 4262 1003 4328 christianos
1040 4263 1214 4345 scriptores
1266 4271 1455 4347 reputemus
1482 4286 1584 4348 quum
1604 4264 1777 4331 fecerimus
1798 4266 1908 4331 omnia
1929 4287 2013 4349 quae
2039 4265 2244 4350 praecipiun-

236 4350 460 4427 sobrietatem,
494 4372 535 4414 ne
563 4371 737 4432 usurpare,
771 4370 874 4432 quum
900 4348 986 4414 nihil
1012 4370 1094 4432 opus
1118 4348 1213 4430 foret,
1266 4358 1321 4414 tur
1349 4348 1442 4416 nobis
1469 4350 1728 4436 (Lue.17,1o);
1757 4354 1834 4436 quia
1861 4352 1945 4416 nihil
1974 4353 2155 4438 gratuitum
2183 4352 2244 4416 im-

236 4443 395 4502 extranea
416 4456 436 4498 a
458 4436 627 4518 scripturis
655 4435 812 4502 voeabula
839 4436 876 4500 in
897 4436 1045 4500 animum
1064 4433 1214 4500 induxis·
1265 4435 1474 4519 penderimus
1501 4435 1660 4518 Domino,
1695 4437 1752 4503 sed
1779 4437 1897 4503 debitis
1923 4437 2088 4521 obsequiis
2114 4445 2243 4503 tantum

236 4529 325 4599 sent,
365 4542 448 4605 quae
480 4522 624 4587 multum
659 4530 813 4604 parerent
844 4519 1046 4598 offendiculi,
1087 4522 1214 4587 huces
1267 4521 1412 4588 defuncti
1446 4523 1564 4603 simus,
1604 4523 1724 4606 quibus
1756 4545 1824 4588 non
1857 4531 1907 4589 est
1940 4524 2093 4590 habenda
2131 4525 2244 4609 gratia.

235 4608 419 4673 minimum.
464 4606 631 4688 Quorsum
653 4608 756 4685 enim,
790 4607 939 4687 obsecro,
968 4628 1050 4689 opus
1071 4607 1135 4672 fuit
1162 4610 1213 4671 in-
1266 4608 1429 4674 Dominus
1455 4617 1579 4689 tamen,
1610 4631 1694 4693 qnae
1721 4610 1757 4673 in
1785 4630 1845 4675 nos
1866 4610 2008 4675 contulit
2029 4611 2116 4676 bona
2136 4631 2242 4692 opera,

236 4694 313 4760 vehi
340 4714 462 4759 nomen
487 4695 612 4774 meriti,
645 4715 747 4776 quum
778 4694 921 4775 pretium
949 4693 1111 4758 bonorum
1137 4714 1214 4776 ope·
1267 4701 1300 4760 et
1321 4701 1433 4760 nostm
1455 4695 1611 4777 appellat,
1642 4703 1676 4760 et
1695 4716 1764 4760 non
1785 4703 1913 4761 mamm
1935 4704 2068 4779 accepta
2090 4695 2152 4762 sibi
2172 4716 2244 4760 osse

235 4801 311 4844 rum
341 4781 565 4862 significanter
597 4780 660 4844 alio
695 4779 828 4844 nomine
862 4781 945 4845 eitra
979 4778 1214 4844 offendiculum
1266 4787 1420 4858 testatur,
1447 4780 1506 4847 sed
1532 4781 1826 4847 remunerationem
1848 4782 1949 4847 etiam
1970 4783 2132 4849 habitura
2176 4781 2244 4846 No-

237 4865 395 4946 explicari
433 4866 563 4947 posset?
608 4864 780 4946 Quantum
814 4873 924 4930 autam
961 4866 1071 4948 ipsum
1109 4864 1214 4930 offon-
1266 4873 1373 4932 strum
1394 4874 1444 4932 est
1465 4868 1609 4933 vicissim
1630 4874 1725 4932 tanta
1745 4868 1960 4949 promissione
1987 4870 2143 4948 animari,
2173 4868 2244 4932 ani·

237 4949 338 5013 sionis
359 4950 395 5012 in
417 4971 452 5014 se
473 4952 646 5031 contmeat,
669 4972 789 5035 magno
810 4973 886 5018 crim
907 4951 996 5017 orbis
1017 4950 1214 5016 detrimema

1335 5158 1365 5218 ι)
1382 5158 1422 5210 aa
1440 5156 1579 5209 emeat.
1599 5122 1688 5209 aanor.
1707 5173 1728 5209 ο.
1748 5155 1788 5209 15.
1853 5157 1884 5227 a)
1901 5160 1935 5211 In
1953 5159 2024 5212 rai.
2044 5159 2102 5213 ras.
2165 5158 2196 5226 s)
2215 5163 2244 5212 a

307 5220 337 5290 1)
357 5221 428 5276 Olim
448 5222 514 5290 Gap.
534 5222 568 5274 X.
587 5223 609 5288 ξ.
628 5221 748 5276 49-56.
1267 5226 1338 5279 Pul.
1356 5223 1399 5278 ἃ
1461 5223 1492 5290 4)
1510 5224 1610 5278 Hamil.
1629 5223 1671 5278 3&
1690 5225 1717 5277 in
1735 5225 1833 5279 Genea.
1897 5226 1978 5295 b)1n
1997 5228 2075 5283 cmi
2095 5230 2182 5283 Serm.
2200 5228 2243 5282 68.
