4672 5842
169 282 252 347 1083
812 271 1078 341 mamutio
1099 274 1205 342 REIr.
1221 269 1402 340 euulsa.
1429 278 1521 340 1559.
1584 268 1588 272 ’
2089 280 2165 341 1081

166 488 340 553 personam
359 465 524 542 sustinuit,
547 485 649 546 quum
670 483 787 547 corpus
809 476 841 527 et
863 464 1056 546 sanguinem
1075 461 1139 529 dis·
1165 472 1168 495 ¹
1193 472 1329 528 ventum
1351 462 1391 528 dc
1414 462 1616 545 septemplici
1643 474 1846 527 sacramento
1867 465 1902 528 in
1925 463 2097 530 ordinibus
2118 487 2165 531 ec-

168 553 283 618 tribuit
314 553 349 615 in
370 571 478 615 eoena.
514 548 699 615 Sacerdotis
726 557 835 631 partes
858 550 1015 632 implevit,
1039 571 1140 631 quum
1193 548 1395 627 clesiasticis;
1419 547 1458 612 de
1480 569 1544 630 quo
1565 570 1727 631 nusquam
1749 549 1825 613 alibi
1844 570 1945 631 quam
1967 549 2058 632 apud
2078 552 2165 634 inop-

165 641 201 703 in
223 658 317 702 cruce
337 637 421 718 patri
440 656 474 700 se
493 635 634 700 hostiam
657 636 782 700 obtnht
816 636 908 699 Haec
928 634 1048 715 absque
1070 635 1139 699 risu
1192 646 1242 700 tos
1264 637 1342 698 istos
1365 635 1509 711 rabulas,
1533 635 1732 701 sorbonistas
1755 644 1788 700 et
1808 636 2011 715 canonistas,
2036 637 2164 720 legitur.

166 723 245 789 adeo
262 722 368 787 audiri
379 744 444 786 non
463 731 610 804 possunt,
629 730 665 785 ut
681 723 782 784 mirer
801 721 921 802 absque
934 722 1001 785 risu
1019 723 1140 803 scripta
1279 725 1328 782 25.
1373 721 1446 783 lam
1468 720 1508 784 dc
1530 721 1742 785 caeremoniis
1769 743 1849 803 quas
1872 721 2031 787 adhibent
2060 723 2164 788 videa·

165 830 249 877 esse:
269 810 297 872 si
314 816 426 871 tamen
443 807 592 872 homines
611 815 705 870 erant
721 809 776 888 qui
795 806 986 871 scribebant.
1018 805 1085 870 Sed
1103 809 1139 870 in
1191 827 1274 870 mus.
1319 807 1500 888 Principio,
1522 826 1732 888 quoscunque
1753 807 1788 870 in
1809 807 1962 871 militiam
1994 830 2092 873 suam
2113 810 2165 874 ad·

165 896 279 978 primis
299 894 484 975 spectabilis
502 912 551 957 cst
569 894 699 976 argutia
715 914 779 974 qua
796 894 830 955 iu
847 892 989 956 acoluthi
1007 893 1138 957 nominc
1191 892 1350 970 scribunt,
1381 892 1548 957 communi
1580 892 1729 975 symbolo
1755 893 1888 957 initiant
1908 895 1944 958 in
1966 894 2164 961 clericatum.

165 979 450 1064 philosophantur,
479 979 707 1044 ceroferarium
731 978 949 1061 appellantes,
972 977 1080 1056 verbe,
1103 989 1139 1042 ut
1191 977 1327 1041 Rodunt
1349 979 1436 1041 enim
1454 999 1509 1040 eos
1527 979 1562 1041 in
1580 979 1711 1056 vortice,
1736 988 1774 1041 ut
1794 1001 1912 1043 corona
1935 980 2050 1064 regale
2071 980 2164 1047 decus

165 1066 321 1143 arbitror,
344 1066 486 1149 magico,
511 1073 597 1128 certe
616 1064 760 1128 inaudito
783 1064 934 1147 gentibus
957 1083 994 1128 ac
1016 1064 1138 1147 linguis
1191 1063 1366 1145 significet;
1396 1063 1473 1144 quia
1500 1084 1594 1146 reges
1621 1063 1741 1129 debent
1768 1086 1838 1129 esse
1867 1066 1993 1143 clerici,
2018 1074 2060 1129 ut
2081 1089 2116 1131 se
2136 1079 2165 1133 et-

165 1151 334 1229 omnibus,
357 1172 459 1233 quum
481 1149 645 1222 ἀκόλουθος
669 1150 805 1215 Graccis
828 1150 1019 1232 simpliciter
1037 1152 1137 1232 signi·
1191 1149 1270 1212 alios
1304 1161 1427 1231 regant.
1443 1148 1466 1231 ¹)
1516 1148 1568 1212 De
1596 1150 1636 1214 iis
1664 1152 1750 1214 enim
1778 1151 1824 1215 sic
1852 1151 1999 1233 loquitur
2032 1153 2163 1218 Petrus:

164 1240 241 1304 ficet
262 1236 500 1320 pedissequum.
543 1234 738 1317 Quanquam
761 1237 788 1300 si
807 1234 859 1300 his
882 1236 965 1299 serio
987 1236 1138 1299 refellen-
1190 1256 1249 1299 vos
1271 1234 1348 1298 estis
1371 1256 1474 1317 genus
1509 1235 1663 1312 electum,
1686 1236 1796 1319 regale
1824 1237 2065 1318 sacerdotium,
2088 1261 2164 1322 gens

165 1323 216 1389 dis
236 1323 439 1398 inhaeream,
462 1322 533 1385 iure
551 1322 670 1403 etipse
691 1343 817 1404 quoquc
839 1320 959 1385 ridear:
984 1320 1064 1385 adco
1082 1323 1138 1385 fri-
1190 1330 1319 1396 sancta,
1339 1319 1478 1401 populus
1506 1321 1727 1402 acquisitionis
1749 1322 1780 1404 (l
1801 1323 1891 1387 Petr.
1911 1328 1940 1400 2,
1960 1323 2006 1406 9).
2054 1325 2101 1388 nt
2117 1345 2163 1389 sa·

164 1409 241 1474 vola
263 1416 340 1472 sunt
360 1415 393 1470 et
413 1405 548 1472 ludicra
1191 1406 1360 1487 crilegium
1387 1405 1464 1481 fuit,
1494 1405 1581 1488 quod
1610 1408 1782 1472 universae
1810 1409 1964 1474 ccclesiae
2002 1408 2162 1489 tribuitur,

252 1497 302 1556 24.
346 1491 521 1557 Netamen
537 1493 737 1557 mulierculis
755 1491 861 1558 adhuc
880 1493 990 1557 fucum
1007 1493 1136 1570 faciant,
1191 1491 1267 1555 solis
1289 1491 1349 1554 sibi
1374 1512 1544 1574 arrogare,
1566 1498 1599 1556 et
1621 1493 1716 1557 titulo
1739 1494 1879 1576 superbe
1906 1495 2045 1578 gloriari
2073 1517 2163 1578 quem

165 1577 365 1645 traducenda
387 1586 437 1642 est
458 1578 563 1642 obiter
590 1599 703 1642 corum
736 1580 871 1643 vanitas.
917 1578 1041 1643 Orcant
1070 1581 1138 1642 exi·
1163 1640 1166 1645 ,
1190 1574 1341 1640 fidelibus
1364 1579 1619 1659 praeripuerant.
1660 1579 1780 1644 Petrus
1802 1588 1904 1644 tetram
1926 1581 2102 1645 ecclesiam
2121 1582 2162 1646 al·

163 1666 232 1762 mia
252 1684 372 1746 pompa
394 1684 430 1728 ac
451 1664 645 1729 solennitate
667 1685 742 1728 suos
761 1663 912 1741 lectores,
942 1664 1136 1746 psalmistas,
1191 1661 1349 1744 loquitur:
1372 1661 1427 1726 isti
1449 1662 1490 1726 ud
1513 1664 1666 1745 pauculos
1689 1687 1779 1730 rasos
1801 1665 2056 1750 detorquent;²)
2079 1671 2162 1749 quasi

164 1751 328 1827 ostiarios,
362 1749 545 1828 acoluthos,
575 1749 616 1814 ad
648 1771 687 1814 ea
715 1751 899 1814 ministeria
933 1749 1138 1832 exsequenda
1191 1749 1267 1813 solis
1296 1747 1361 1812 illis
1389 1746 1513 1812 dictum
1542 1750 1597 1826 sit,
1625 1753 1729 1815 saneti
1763 1762 1880 1831 cstotc3
1912 1753 2008 1834 quasi
2033 1753 2094 1818 soli
2119 1754 2160 1817 illi

165 1835 283 1920 quibus
301 1834 490 1916 velpueros,
508 1836 562 1900 vel
580 1844 667 1900 certe
685 1857 765 1918 quos
783 1844 902 1900 vocant
918 1836 1025 1912 laicos,
1044 1857 1137 1917 prae-
1191 1834 1352 1916 sanguine
1381 1832 1507 1898 Christi
1536 1835 1685 1917 acquisiti
1712 1836 1794 1916 sint;
1822 1839 1916 1919 quasi
1944 1838 2008 1903 soli
2036 1839 2087 1902 illi
2109 1861 2161 1922 per

164 1922 289 1986 ficiunt.
339 1920 424 2001 Quis
451 1921 539 1986 enim
566 1943 675 1987 cereos
699 1922 936 2003 utplurimum
966 1921 1136 1986 accendit?
1191 1918 1363 1984 Christum
1396 1920 1472 1983 f'acti
1503 1920 1568 1984 sint
1600 1943 1738 2005 regnum
1767 1931 1800 1987 et
1833 1922 2055 2007 sacerdotium
2085 1926 2158 1990 Deo.

90 2043 97 2053 ·
164 2008 236 2089 quis
265 2007 392 2071 urceolo
419 2007 534 2070 vinum
561 2014 595 2071 et
615 2027 733 2089 aquam
764 2007 922 2083 infundit,
954 2008 1016 2072 nisi
1047 2029 1137 2089 puer,
1190 2006 1372 2089 Assignant
1403 2003 1520 2069 deinde
1542 2015 1576 2070 et
1599 2007 1678 2072 alies
1696 2010 1850 2073 rationes:
1875 2011 2054 2074 summitas
2081 2012 2161 2095 capi-

165 2100 224 2156 ant
245 2114 287 2156 ex
308 2091 400 2157 laicis
428 2091 613 2157 sordidulus
641 2092 758 2174 aliquis
780 2094 835 2176 qui
859 2115 900 2157 cx
923 2114 961 2157 ea
981 2116 1016 2156 rc
1039 2115 1137 2174 quae-
1190 2089 1452 2169 tisdenudatur,
1476 2099 1647 2157 uteorum
1675 2115 1768 2159 mens
1785 2094 1827 2158 ad
1849 2094 2034 2159 Dominum
2066 2096 2162 2162 libera

165 2186 252 2244 stum
270 2176 369 2242 facit?
399 2178 518 2242 Nonne
534 2178 633 2241 iidem
651 2178 795 2243 canunt?
815 2199 924 2242 nonne
942 2178 1138 2261 templorum
1191 2175 1442 2253 demonstretur,
1466 2198 1549 2258 quae
1571 2178 1716 2242 revelata
1737 2181 1818 2243 facie
1838 2181 1903 2245 Dei
1926 2181 2070 2266 gloriam
2090 2205 2160 2248 con·

163 2265 280 2328 ianuas
302 2260 460 2328 claudunt
481 2272 514 2327 et
535 2263 708 2346 aperiunt?
755 2262 838 2344 Quis
861 2265 1002 2328 enimin
1026 2286 1137 2328 corum
1191 2262 1380 2343 tcmplctur;
1408 2261 1461 2325 vel
1484 2271 1521 2326 ut
1543 2264 1624 2327 vitia
1645 2266 1710 2329 oris
1733 2276 1766 2329 et
1788 2267 1958 2332 oculorum
1987 2267 2161 2334 doccantur

164 2349 295 2431 templis
328 2369 472 2430 unquam
495 2349 577 2413 vidit
598 2350 650 2413 vel
673 2350 870 2427 acoluthum,
894 2350 945 2414 vel
967 2351 1138 2415 ostiarium
1189 2345 1419 2430 praecidenda3
1442 2348 1494 2413 vel
1517 2370 1633 2414 rasura
1650 2352 1764 2433 capitis
1786 2362 1836 2417 est
1858 2354 2091 2436 temporalium
2110 2354 2161 2418 de-

165 2435 234 2500 suis
252 2434 398 2516 partibus
417 2435 632 2517 fungentem?
657 2434 747 2516 Quin
768 2437 876 2517 potius
899 2436 954 2518 qui
966 2458 1046 2518 puer
1065 2457 1137 2500 aco-
1189 2434 1321 2516 positio;
1354 2433 1614 2499 circumferentia
1640 2458 1718 2501 vero
1746 2459 1884 2503 coronae
1910 2438 2069 2521 rehquiae
2090 2450 2162 2505 sunt

164 2520 253 2584 luthi
272 2540 408 2583 munere
435 2520 567 2586 functus
590 2529 654 2600 est,
677 2542 779 2603 quum
803 2523 837 2585 in
860 2520 1006 2585 ordinem
1029 2523 1137 2587 acolu·
1190 2519 1351 2584 bonorum
1378 2540 1461 2600 quae
1483 2520 1524 2583 ad
1546 2524 1818 2588 sustentationem
1845 2526 2038 2591 retinentur.
2084 2525 2160 2590 Om-

164 2607 298 2670 thorum
319 2611 505 2688 cooptatur,
529 2604 647 2671 desinit
668 2628 738 2671 csse
760 2607 795 2670 id
816 2606 902 2688 quod
924 2604 986 2671 dici
1007 2608 1136 2690 incipit:
1191 2606 1247 2668 nia
1269 2606 1304 2668 in
1326 2605 1452 2687 figuris:
1484 2607 1561 2686 quia
1588 2608 1712 2673 scihcet
1739 2611 1850 2674 velum
1875 2612 1991 2694 templi
2018 2609 2158 2675 nondum

165 2699 203 2755 ut
225 2691 398 2756 videantur
425 2713 465 2756 ex
483 2693 627 2774 professo
655 2693 739 2756 velle
767 2708 888 2757 munus
922 2693 1029 2776 ipsum
1056 2693 1137 2757 abii·
1191 2693 1328 2755 scissum
1351 2690 1447 2773 ost.⁸)
1475 2691 1590 2774 Itaque
1612 2696 1767 2775 persuasi,
1791 2718 1826 2760 se
1848 2697 2013 2778 praeclare
2029 2697 2156 2761 defime-

164 2798 238 2843 cere
258 2798 360 2860 quum
380 2777 513 2842 titidum
535 2786 716 2842 assumunt.
760 2779 824 2856 En,
847 2801 905 2844 cur
927 2780 1138 2844 sacramentis
1192 2786 1240 2842 tos
1263 2798 1334 2841 esse
1352 2777 1419 2840 suis
1440 2778 1588 2858 partibus
1609 2779 1697 2861 quod
1718 2781 1797 2845 talia
1816 2804 1875 2864 per
1893 2803 2041 2848 coronam
2066 2801 2157 2846 suam

165 2863 347 2929 consecrari
368 2871 401 2926 et
418 2863 571 2945 spiritum
592 2871 744 2929 sanctum
765 2866 910 2947 accipere
928 2887 1060 2930 necesse
1079 2866 1137 2929 ha·
1189 2862 1414 2945 figuraverint,
1433 2862 1518 2926 nihil
1540 2884 1653 2928 eorum
1675 2869 1799 2949 reipsa
1819 2878 2000 2950 praestant
2034 2866 2160 2948 Quous-

164 2948 278 3026 beant,
300 2970 417 3031 nempe
440 2959 477 3013 ut
496 2950 580 3014 nihil
602 2960 710 3033 agant.
756 2949 794 3015 Si
816 2959 1024 3032 praetexant,
1053 2952 1138 3018 hanc
1191 2970 1254 3030 que
1275 2968 1335 3013 nos
1356 2948 1476 3013 talibus
1497 2949 1580 3014 fucis
1602 2959 1635 3014 et
1655 2954 1840 3036 praestigiis
1864 2954 2001 3019 ludent?
2045 2953 2161 3019 Clerici

165 3056 236 3099 esse
257 3043 439 3117 temporum
465 3037 728 3119 perversitatem,
756 3036 842 3118 qued
875 3038 1057 3102 ministeria
1080 3058 1139 3102 sua
1191 3033 1334 3098 detonsis
1356 3033 1480 3115 aliquot
1501 3035 1626 3117 capillis
1648 3037 1836 3120 significant
1860 3039 2092 3123 temperahum
2108 3040 2161 3105 bo-

165 3119 321 3185 deserunt
343 3142 380 3185 ac
403 3121 587 3206 negligunt,
617 3122 715 3186 simul
738 3124 901 3187 fateantur
928 3123 1057 3187 nullum
1080 3124 1137 3187 he-
1191 3141 1309 3184 norum
1330 3118 1566 3185 abundantiam
1589 3143 1623 3186 sc
1641 3124 1810 3203 abiecisse,
1841 3126 1981 3209 glorium
2003 3127 2068 3191 Dei
2089 3147 2161 3191 oon·

166 3204 217 3270 dic
235 3225 305 3270 csse
323 3205 358 3269 in
377 3206 511 3272 eeclesia
528 3230 622 3272 usum
640 3229 700 3275 nec
718 3208 860 3274 fructum
878 3230 1044 3274 sacrorum
1063 3230 1137 3274 sue·
1191 3206 1348 3288 templari,
1366 3205 1494 3269 aurium
1512 3206 1743 3292 oculorumque
1766 3213 2063 3294 concupiscentiam
2080 3234 2162 3276 mor-

165 3313 239 3355 rum
261 3291 427 3370 ordinum,
451 3314 531 3374 quos
549 3295 685 3360 mirifice
708 3293 947 3377 depraedicant,
971 3304 1137 3379 totamque
1190 3293 1343 3356 tilicasse:
1372 3295 1406 3354 ut
1433 3291 1560 3355 nullum
1587 3305 1638 3359 est
1665 3295 1836 3360 hominum
1867 3318 1973 3382 genus
2006 3299 2161 3381 rapacius,

165 3376 335 3442 ecclesiam
358 3399 452 3442 suam
475 3379 683 3445 anathemate
706 3381 851 3462 plenam;
873 3382 1138 3464 quandoquidem
1190 3376 1366 3460 stupidius,
1387 3376 1598 3444 libidinosius.
1643 3379 1712 3446 Cur
1733 3403 1800 3445 non
1818 3385 1926 3466 magis
1957 3386 2163 3450 sanctitatem

164 3482 274 3527 cereos
286 3474 319 3526 et
336 3462 483 3527 urceolos
500 3485 520 3526 a
537 3466 648 3547 pueris
667 3476 700 3530 et
717 3468 861 3548 profanis
879 3469 1046 3533 attrectari
1063 3490 1137 3551 per·
1190 3485 1267 3529 vere
1284 3462 1442 3528 exhibent
1463 3484 1561 3545 quam
1583 3465 1673 3531 falsis
1695 3468 1972 3552 mendacibusque
1995 3472 2102 3554 signis
2118 3471 2162 3553 ip·

163 3546 284 3624 mittat,
304 3545 420 3629 quibus
437 3549 610 3633 tangendis
628 3551 711 3615 nulli
730 3550 820 3634 digni
838 3554 996 3619 suntnisi
1014 3556 1137 3619 16666·-
1190 3551 1258 3614 sius
1281 3550 1422 3632 speciem
1444 3550 1622 3615 simulant?

163 3632 275 3697 luthos
297 3636 476 3699 consecrati
483 3659 490 3713 ;
512 3635 641 3717 quando
664 3638 832 3702 cantiones
850 3638 891 3702 ad
908 3661 1027 3722 pueros
1049 3639 1136 3704 able-
1276 3641 1325 3699 211.
1371 3635 1490 3713 Porr0,
1526 3659 1627 3719 quum
1660 3637 1773 3704 dicunt
1799 3660 1954 3704 eoronam
1981 3642 2162 3708 clericalem

163 3725 234 3869 ΕΞ,
256 3739 340 3801 quae
368 3721 432 3784 nisi
454 3720 493 3785 ab
515 3743 570 3785 ore
598 3730 785 3788 consecrato
812 3724 919 3789 audiri
945 3747 1012 3790 non
1041 3723 1136 3790 debe·
1189 3722 1310 3786 habere
1336 3721 1496 3805 originem
1524 3724 1794 3809 aNazaraeis,⁴)
1823 3732 1857 3790 et
1878 3726 2061 3807 rationem,
2090 3726 2161 3811 qnid

228 3813 250 3869 t
295 3805 484 3872 Exercistas
505 3828 584 3873 vero
606 3809 640 3872 in
658 3830 756 3891 quem
778 3809 910 3874 tandem
938 3813 1037 3876 finem
1060 3834 1135 3876 oon·
1189 3808 1279 3872 aliud
1300 3807 1454 3871 adferunt
1468 3828 1566 3889 quam
1588 3830 1648 3874 sua
1669 3812 1828 3893 mysteria
1850 3835 1870 3875 a
1891 3811 2033 3879 iudaicis
2059 3835 2161 3880 caere-

163 3889 315 3956 secrant?
360 3892 467 3957 Audio
489 3893 619 3958 Iudaeis
647 3895 745 3959 fuisse
768 3917 843 3960 suos
864 3899 1056 3975 exorcistas;
1079 3897 1135 3961 sed
1187 3895 1306 3957 moniis
1319 3902 1397 3958 nata
1414 3914 1493 3970 esse,
1513 3894 1566 3958 vel
1584 3895 1691 3977 potius
1709 3918 1836 3961 merum
1854 3919 1926 3963 esse
1943 3897 2158 3966 iudaismum?

163 3976 204 4040 ab
232 3977 419 4043 exorcismis
451 3979 554 4043 dictos
581 3980 690 4059 video,
718 4002 798 4063 quos
822 3983 1018 4047 exercebant
1046 3982 1133 4065 (Act.
1188 3977 1285 4058 Quod
1302 3987 1413 4043 autem
1430 3976 1564 4058 addunt,
1583 3981 1778 4061 Priscillam,
1800 3984 1952 4066 Acylam,
1973 3993 2009 4050 et
2024 3985 2159 4051 Paulum

167 4061 300 4146 19,13).
345 4061 397 4126 Dc
419 4066 583 4130 ementitis
611 4067 683 4132 istis
705 4067 874 4133 exorcistis
895 4068 967 4151 quis
989 4088 1135 4150 unquam
1186 4066 1295 4146 ipsum
1327 4072 1476 4146 suscepto
1500 4073 1576 4130 voto
1598 4066 1658 4131 sibi
1678 4070 1796 4133 rasisse
1817 4079 1929 4151 ceput,
1950 4079 1993 4135 ut
2014 4073 2159 4155 purifica·

162 4145 262 4210 fando
284 4146 409 4212 audivit
427 4149 513 4231 quod
530 4152 696 4234 specimen
712 4174 817 4216 unum
834 4175 911 4219 suae
929 4155 1135 4237 professionis
1188 4160 1304 4215 rentur
1320 4151 1408 4233 (Act
1425 4154 1471 4229 18,
1494 4152 1558 4235 18),
1577 4174 1721 4218 crassam
1737 4176 1832 4220 suam
1850 4156 2076 4240 ignorantiam
2089 4178 2160 4240 pro

163 4231 346 4297 ediderint?
391 4234 545 4320 Fing'tur
573 4238 638 4302 illis
668 4247 809 4320 potestas
845 4240 921 4305 data
946 4240 1135 4323 imponendi
1187 4236 1278 4302 drmt
1330 4236 1502 4319 Nusquam
1534 4240 1622 4302 enim
1648 4239 1770 4323 legitur
1796 4238 1837 4304 de
1864 4241 2039 4321 Priscilla;
2061 4265 2100 4309 ae
2124 4242 2161 4307 de

161 4339 281 4383 manus
299 4341 397 4402 super
415 4343 660 4406 energumenos,
681 4331 713 4388 et
730 4325 989 4406 catechumenos,
1008 4336 1041 4391 et
1058 4326 1134 4392 dae·
1187 4322 1293 4407 Acyla
1306 4322 1406 4388 etiem
1423 4322 1585 4387 incertum
1610 4333 1673 4403 est;
1697 4325 1856 4409 siquidem
1878 4335 1948 4392 tam
1969 4329 2160 4395 adPaulum

160 4405 337 4483 moniacos,
360 4404 417 4471 sed
435 4407 492 4471 tali
511 4430 545 4473 se
563 4416 724 4491 potestate
741 4411 904 4492 praeditos
923 4413 1135 4477 daemonibus
1187 4410 1302 4474 referri
1331 4416 1439 4490 potest
1464 4418 1599 4474 tonsura
1632 4411 1689 4475 illa
1716 4434 1814 4495 qnam
1844 4412 1886 4478 ad
1917 4413 2072 4499 Acylam.
2111 4414 2161 4479 Ne

161 4490 359 4574 persuadere
380 4514 447 4556 non
468 4504 614 4575 possunt,
638 4516 704 4558 non
725 4495 820 4560 modo
842 4499 918 4579 quia
939 4520 1052 4563 eorum
1072 4501 1134 4562 im·
1187 4516 1264 4561 vere
1281 4496 1346 4560 illis
1373 4495 1596 4577 relinquamus
1623 4496 1709 4580 qued
1741 4507 1871 4580 petunt,
1895 4503 2092 4586 exemplum
2111 4521 2162 4565 eos

160 4577 260 4674 periis
287 4598 353 4640 non
381 4577 501 4642 cedunt
532 4578 719 4658 daemones,
748 4581 928 4648 sedetiam
956 4586 1033 4666 quia
1053 4585 1133 4666 ipsis
1187 4580 1308 4647 habere
1341 4603 1360 4645 a
1392 4581 1513 4659 Paulo,
1548 4581 1790 4649 observandum
1817 4593 1867 4649 est
1899 4586 2161 4669 simplicioribus,

160 4669 333 4744 imperant
383 4663 452 4727 Vix
484 4667 572 4729 enim
607 4666 769 4731 decimum
797 4690 957 4752 quemque
971 4720 976 4740 .
990 4672 1133 4753 reperias
1186 4665 1328 4733 Paulum
1354 4688 1520 4749 nunquam
1553 4679 1649 4752 eaput
1672 4671 1734 4735 sibi
1752 4667 1930 4736 totondisse
1953 4673 1999 4738 ad
2020 4673 2163 4740 sanctifi·

161 4749 216 4828 qui
237 4770 305 4812 non
327 4749 413 4813 malo
435 4751 552 4832 spiritu
575 4759 700 4835 agatur.
736 4752 958 4837 Quaecunque
975 4757 1076 4838 igitur
1093 4757 1133 4821 de
1186 4757 1346 4819 ostionem
1367 4753 1525 4837 aliquam;
1544 4755 1601 4820 scd
1624 4754 1786 4821 duntaxat
1803 4765 1842 4820 ut
1859 4758 2005 4825 haeum
2026 4761 2163 4827 infirmi·

160 4834 330 4899 minutulis
352 4837 419 4899 suis
440 4837 607 4902 ordinibus
624 4836 819 4919 balbutiunt,
839 4843 978 4906 conflata
995 4850 1074 4906 sunt
1092 4865 1133 4907 ex
2025 4864 2028 4869 '

160 4917 283 4984 inscitia
312 4921 510 5004 insulsisque
528 4922 714 4989 mendaciis.
760 4925 813 4989 De
835 4926 1000 4992 veteribus
1022 4928 1132 4992 acolu·
1186 4932 1189 4935 ’
1212 4931 1304 4936 “—

160 5002 226 5068 this
243 5011 278 5069 ct
295 5007 435 5071 ostiariis
453 5017 486 5073 et
508 5009 682 5075 lectoribus
704 5009 781 5075 alibi
803 5011 926 5078 dictum
948 5023 1011 5094 est,
1031 5037 1132 5098 quum
1255 5065 1283 5126 1)
1303 5064 1340 5116 0³
1360 5104 1366 5115 .
1386 5064 1459 5131 dupl.
1480 5061 1525 5129 12,Ι
1541 5069 1645 5131 quaest.
1666 5064 1688 5115 1,
1767 5062 1797 5127 2)
1816 5064 1890 5116 libr.
1910 5063 1936 5118 4„
1955 5067 2086 5124 gemm,
2105 5071 2164 5124 dist

160 5088 313 5156 eeclesiae
335 5091 483 5157 ordinem
505 5116 750 5177 exponeremus.
789 5098 966 5199 Nobis-hic
986 5103 1133 5202 propesi-
1185 5131 1228 5187 24¹
1252 5150 1309 5202 cap.
1334 5081 1393 5185 lino
1417 5140 1487 5184 sunt.
1593 5130 1623 5194 3)
1645 5131 1763 5185 Libas
1788 5133 1912 5186 Sortem
1939 5134 2007 5190 dist
2032 5139 2079 5194 24
2103 5140 2165 5194 ,ι

160 5179 234 5238 tum
253 5185 303 5241 cst
325 5175 486 5244 duntaxat
505 5202 652 5265 pugnare
670 5189 784 5248 centra
804 5193 967 5251 novitium
983 5188 1064 5252 illud
1082 5213 1133 5253 m·
1184 5200 1215 5269 4)
1235 5201 1281 5255 Sic
1297 5217 1402 5270 qaoque
1420 5218 1491 5254 nova
1508 5203 1636 5256 recessa.
1842 5219 1845 5222 ·
