4672 5842
240 323 300 382 119
648 392 654 402 Ι
877 313 1144 380 ῙΝΒΉΤΠΤΙΟ
1166 315 1271 380 REL.
1294 311 1476 381 CHRISu.
1504 320 1596 380 1559.
2182 317 2244 378 120

237 507 434 588 madritum
455 504 543 568 nabis
559 505 704 585 proponi,
727 525 764 567 ue
785 505 884 567 dium
902 503 1006 567 mrim
1027 506 1216 568 somniemus
1268 524 1345 585 pere
1379 504 1432 567 vel
1464 503 1578 568 ordine
1611 526 1674 587 quo
1701 504 1801 568 creati
1835 505 1972 580 fuerint,
2000 504 2244 566 contentionem

237 614 332 676 quam
349 592 404 673 qni
425 593 459 654 in
480 590 539 655 illa
559 610 708 671 erpnessu
729 592 865 673 imapiue
885 589 948 652 uult
970 591 1103 672 aprrosci.
1268 610 1399 652 movere
1427 611 1535 653 nonne
1562 591 1763 671 pervicaciae
1791 590 1897 672 magis
1924 610 2022 670 quam
2055 588 2243 670 diligentiae

325 683 353 741 3.
402 677 463 740 Sed
483 680 646 756 nimquam
667 676 704 738 de
721 676 855 739 loannis
871 680 988 739 armana
1004 676 1131 755 plenius
1152 676 1216 739 dis-
1239 678 1242 715 '
1268 674 1339 738 est?
1392 675 1529 739 Terram
1558 696 1627 739 csse
1661 677 1852 757 perfectam,
1880 686 1914 739 et
1940 675 2045 739 coelos
2073 675 2241 756 perfectas,

237 786 338 830 serere
365 764 531 844 incipiam,
561 761 684 840 aliquid
711 762 748 825 de
776 761 894 844 unpelis
921 762 1056 824 inserere
1084 767 1215 842 aparuu
1267 783 1342 826 curn
1364 763 1452 825 omni
1474 763 1619 826 exercitu
1642 784 1763 837 eorum,
1782 769 1896 824 narrat
1913 762 2022 825 Moses
2040 760 2141 843 (Gen.
2154 765 2182 838 2,
2199 761 2242 843 1).

238 853 314 932 quia
336 850 392 912 etsi
415 848 534 924 Moses,
560 847 645 929 culpi
666 848 799 911 ruditati
825 869 857 911 se
881 846 1125 925 aoeouamcdaus,
1154 868 1214 909 raon
1267 845 1355 925 Quid
1374 848 1490 910 attinet
1508 849 1605 911 anxie
1625 848 1919 930 percontatiquota
1937 846 1998 923 dic,
2017 852 2244 927 praeterastra

238 937 304 1001 alia
325 936 388 1000 Dei
410 956 504 1015 opera
526 938 737 996 urmruemaral
756 934 790 996 in
812 933 945 996 historia
967 933 1132 996 creationis
1151 934 1214 995 nisi
1267 938 1294 994 ct
1310 933 1465 1013 planetas,
1484 933 1543 996 alii
1560 953 1677 1014 anapia
1693 935 1795 1016 mauis
1813 933 1958 996 receruliti
1975 932 2129 998 coelestes
2148 954 2243 996 exer-

237 1043 317 1103 quue
339 1021 436 1084 caelis
464 1021 580 1083 tiodris
605 1024 777 1093 mutuant,
806 1018 859 1081 nbi
878 1023 980 1082 tauma
996 1024 1103 1098 pastea
1125 1040 1215 1100 anpe-
1266 1019 1350 1082 citus
1371 1039 1441 1082 esse
1464 1019 1648 1101 coeperint?
1685 1020 1733 1083 Ne
1756 1020 1883 1101 longior
1904 1020 1974 1098 sim,
1998 1020 2243 1082 meminerimus

237 1110 282 1172 los
310 1107 373 1170 Dei
401 1107 560 1169 ministras
587 1104 719 1173 inducit,
749 1105 887 1187 colligere
906 1104 998 1185 facilc
1019 1106 1088 1169 licet
1108 1124 1215 1168 earum
1267 1104 1332 1181 hic,
1364 1113 1400 1166 ut
1427 1105 1462 1167 in
1490 1114 1560 1168 tota
1587 1105 1752 1188 roligionis
1782 1104 1944 1181 doctrina,
1975 1103 2147 1168 tenendam
2171 1126 2243 1169 esse

237 1215 302 1260 esse
329 1193 527 1266 conditores,
561 1191 611 1253 cui
641 1210 732 1252 suam
763 1195 936 1270 aperamet
964 1191 1068 1270 officia
1097 1191 1212 1272 impen-
1265 1211 1365 1253 unam
1387 1188 1563 1254 modestiae
1584 1202 1617 1254 et
1639 1190 1821 1254 sobrietatis
1843 1191 1999 1273 regulam,
2023 1212 2064 1254 ne
2086 1190 2243 1254 derebus

236 1283 323 1346 durat.
371 1278 521 1358 &tantais
548 1296 618 1357 erpa
647 1274 751 1339 Moses
773 1276 971 1357 pepudaritcr
992 1277 1129 1355 laqueus,
1153 1298 1213 1339 irari
1264 1276 1411 1340 obscuris
1433 1276 1521 1339 aliud
1539 1277 1591 1340 vel
1611 1279 1788 1359 loquamur,
1808 1277 1860 1341 vel
1879 1277 2066 1351 sentiamus,
2088 1275 2141 1340 vel
2159 1278 2243 1341 scire

236 1367 343 1430 statim
370 1386 390 1425 a
413 1364 531 1443 primis
560 1362 743 1425 mulinuntis
770 1363 892 1444 asrtpclas
921 1363 1105 1425 recensuerit
1134 1364 1212 1425 iuter
1264 1364 1362 1426 etiam
1383 1368 1583 1444 appotamus,
1607 1384 1703 1444 quam
1722 1362 1807 1444 quod
1826 1364 1889 1427 Dei
1910 1363 2012 1428 verbo
2031 1363 2130 1426 fuerit
2147 1363 2243 1427 nobis

237 1452 300 1518 Dei
327 1455 501 1524 creaturas,
533 1446 613 1510 nibil
639 1453 740 1509 mmeu
762 1453 841 1511 eetat
869 1450 1034 1527 qucmirnas
1052 1449 1164 1511 diserte
1186 1452 1213 1510 et
1264 1447 1430 1511 traditum.
1487 1448 1652 1526 Alterum,
1685 1463 1722 1512 ut
1754 1450 1788 1511 in
1822 1449 1959 1512 lectione
1993 1449 2173 1529 scripturae
2200 1449 2243 1512 iis

236 1537 384 1618 explicate
416 1536 452 1597 dc
483 1533 548 1596 illis
574 1533 738 1596 tradamus
764 1555 842 1613 quae
871 1534 946 1596 alibi
974 1535 1098 1613 passim
1131 1535 1212 1597 docet
1263 1534 1468 1599 continenter
1495 1534 1689 1614 quaerendis
1722 1554 1759 1599 ac
1789 1534 1985 1598 meditandis
2017 1536 2240 1610 immoremur,

236 1624 408 1702 scriptura,
437 1620 513 1699 prtia
540 1619 569 1680 si
597 1620 701 1683 Deum
729 1639 766 1682 ec
794 1621 936 1700 eperdrus
957 1621 1025 1683 suis
1052 1640 1212 1700 apposuere
1263 1641 1345 1702 quae
1378 1619 1419 1682 ad
1453 1619 1711 1684 aeclificationem
1748 1622 1925 1702 portinent,
1964 1641 2030 1683 non
2063 1620 2245 1684 curiositati

236 1709 392 1787 cuprina-as,
421 1706 549 1767 irritante
575 1705 773 1768 occidendam
800 1710 843 1768 est
871 1710 935 1767 tam
958 1705 1213 1785 praeclarumet
1264 1716 1322 1769 aut
1347 1727 1457 1768 rerum
1484 1706 1652 1768 inutilium
1680 1706 1786 1770 studio
1814 1705 2050 1789 indulgeamus.
2097 1706 2143 1769 Et
2165 1707 2244 1787 quia

236 1793 334 1858 nobile
348 1792 507 1872 specimen
537 1789 630 1855 Adde
642 1791 723 1870 quod
740 1792 915 1871 refutandis
931 1791 1038 1854 ratrdtis
1056 1790 1213 1854 erroribus
1264 1793 1426 1855 Dominus
1454 1811 1518 1853 non
1547 1792 1581 1854 in
1609 1791 1734 1855 frivolis
1760 1793 2017 1874 quaestionibus,
2049 1792 2104 1855 sed
2131 1793 2167 1854 in
2190 1813 2243 1856 so·

235 1879 336 1944 valde
354 1877 526 1941 necessaria
550 1880 594 1939 est
622 1876 694 1941 baec
717 1897 799 1957 pars
825 1877 989 1940 doctrinae.
1039 1876 1212 1940 Multarum
1263 1877 1331 1941 lida
1353 1878 1483 1958 pietate,
1507 1877 1624 1940 timore
1647 1879 1788 1941 nominis
1811 1879 1872 1955 sui,
1893 1899 1973 1942 vera
1994 1877 2122 1954 fiducia,
2147 1898 2242 1942 sano-

235 1969 349 2029 mentes
376 1965 422 2026 ita
449 1963 637 2043 perstrinait
671 1963 825 2045 angelicae
853 1968 984 2025 naturae
1007 1965 1212 2043 praestantia,
1264 1963 1369 2027 titatis
1391 1962 1506 2027 officiis
1534 1962 1662 2027 crudire
1684 1985 1743 2027 nos
1766 1964 1882 2038 voluit,
1912 1965 1948 2027 in
1968 1984 2006 2028 ea
2029 1965 2165 2027 scientia
2187 1985 2242 2029 ac·

236 2056 271 2116 ut
287 2054 435 2132 podorem
466 2048 531 2111 iltis
558 2047 712 2111 iniuriam
738 2049 810 2128 pieri
831 2049 861 2112 si
883 2050 976 2112 utrius
998 2047 1060 2113 Dei
1082 2049 1213 2129 imperio
1264 2049 1476 2131 quiescamus.
1528 2046 1764 2128 Quamobrem,
1794 2051 1820 2113 si
1849 2051 1911 2130 rite
1939 2071 2051 2131 sapere
2079 2050 2241 2127 volumus,

235 2136 362 2201 utbiedi
388 2135 481 2215 qatasi
507 2135 542 2197 in
569 2133 708 2196 ordinem
736 2139 920 2216 caperentur.
966 2134 1052 2197 Hinc
1078 2134 1145 2196 illis
1167 2135 1213 2215 af·
1265 2133 1478 2215 relinquenda
1500 2142 1577 2197 sunt
1599 2135 1692 2199 nobis
1714 2136 1771 2199 illa
1789 2135 2005 2214 ματακόματα,
2034 2157 2117 2216 quae
2146 2144 2179 2198 ct
2200 2136 2242 2200 ab

234 2221 309 2304 picta
335 2221 493 2284 diuinitus.
543 2218 683 2283 Eruersit
709 2221 801 2283 ctiam
825 2218 1031 2283 Manichacus
1058 2239 1126 2282 cutm
1153 2241 1213 2283 sua
1265 2221 1375 2285 otiosis
1402 2219 1589 2284 hominibus
1617 2220 1657 2284 de
1685 2221 1875 2304 angelorum
1903 2231 2034 2298 natura,
2064 2219 2242 2299 ordinibus,

236 2313 325 2385 secta,
349 2307 404 2387 qai
425 2305 486 2369 sibi
508 2305 568 2367 duo
590 2306 753 2387 principia
773 2306 949 2386 fabricavit,
972 2306 1075 2369 Deam
1096 2311 1124 2369 et
1145 2307 1213 2370 dia
1265 2305 1487 2383 multitudine,
1511 2305 1632 2387 absque
1651 2307 1713 2370 Dei
1732 2308 1831 2371 verbo
1849 2306 2031 2370 traduntur.
2068 2304 2143 2370 Soio
2162 2307 2243 2372 haec

237 2394 346 2458 bolam.
393 2392 441 2456 Ac
462 2392 529 2456 Deo
551 2392 674 2470 anilem
694 2391 843 2455 tribuebat
864 2392 1014 2455 borracum
1030 2412 1136 2454 rerum
1153 2392 1214 2454 ori
1265 2390 1413 2473 cupidius
1446 2412 1466 2454 a
1498 2391 1609 2455 multis
1636 2395 1751 2474 arripi,
1781 2401 1814 2456 ct
1840 2394 1955 2456 maiori
1983 2392 2145 2473 voluptati
2171 2414 2243 2457 esse

234 2482 355 2565 pinem5
376 2477 479 2540 rnalas
500 2480 601 2540 cartem
622 2482 755 2542 iacturas
774 2479 817 2541 ad
837 2478 993 2541 diabolum
1014 2482 1151 2540 euterun
1168 2498 1214 2540 re·
1266 2498 1365 2561 quam
1387 2498 1468 2560 quae
1491 2479 1525 2541 in
1547 2500 1608 2542 usu
1632 2478 1817 2560 quotidiano
1846 2488 1923 2542 sunt
1945 2480 2058 2562 posita.
2104 2479 2241 2555 Verum,

235 2566 360 2649 serebat.
406 2562 473 2626 Hoc
500 2561 648 2626 delirium
677 2565 706 2627 si
732 2568 845 2628 mentes
872 2569 995 2626 raodras
1022 2567 1130 2627 teneret
1156 2564 1214 2626 iat·
1265 2565 1331 2628 nisi
1359 2563 1483 2627 Christi
1518 2563 1693 2646 discipulos
1726 2586 1796 2628 esse
1824 2586 1882 2628 nos
1910 2567 2013 2647 piget,
2042 2586 2114 2628 eam
2143 2585 2241 2646 quam

231 2653 378 2735 pituitae,
410 2669 471 2711 arou
505 2655 654 2712 antistaret
681 2650 748 2714 Deo
774 2670 833 2712 sua
862 2650 895 2711 in
921 2649 1032 2712 aruitdi
1064 2650 1214 2712 creatione
1266 2652 1335 2732 ipse
1364 2649 1557 2713 methodum
1590 2651 1798 2733 praescripsit
1825 2651 1915 2732 sequi
1950 2672 1992 2714 ne
2021 2651 2138 2733 pigeat.
2189 2650 2243 2713 Ita

236 2738 347 2823 pluria.
393 2735 480 2799 Nam
511 2754 606 2814 ausum
638 2736 717 2799 nibil
749 2737 851 2818 magis
883 2734 945 2800 Dei
972 2737 1141 2816 proprium
1173 2734 1215 2797 sit
1265 2738 1322 2801 fiet
1344 2736 1472 2800 ateius
1493 2736 1682 2818 magisterio
1705 2738 1864 2815 contenti,
1893 2759 1913 2800 a
1935 2737 2145 2818 supervacuis
2168 2757 2243 2818 spe·

237 2845 333 2906 quam
353 2822 521 2886 aetenaitas
542 2827 569 2884 et
586 2820 736 2890 abacta,
758 2822 862 2899 idest,
885 2843 906 2883 a
927 2841 959 2883 se
980 2823 1048 2900 ipsa
1070 2822 1215 2885 ersisteu-
1267 2821 1492 2899 culationibus,
1517 2842 1536 2885 a
1559 2821 1677 2904 quibus
1699 2844 1758 2885 nos
1781 2829 1919 2900 revocat,
1944 2843 2011 2885 non
2033 2829 2163 2885 tantum
2186 2821 2243 2885 ab·

237 2913 297 2987 tia,
331 2914 365 2972 ut
391 2909 437 2971 ita
465 2908 589 2988 lacum,
623 2909 678 2988 qui
706 2907 826 2970 diabalo
853 2906 907 2969 hcc
933 2906 1084 2985 tribuunt,
1117 2926 1215 2970 noune
1267 2909 1456 2984 stineamus,
1470 2906 1527 2971 sed
1544 2909 1642 2971 etiam
1656 2906 1897 2973 abhorreamus.
1925 2909 2123 2992 Dionysiam
2137 2907 2242 2985 illum,

239 2994 461 3078 quadammodo
489 3014 558 3057 uim
585 2994 760 3058 diuinitatis
781 2998 891 3056 eruunt
912 2992 1024 3056 titula?
1068 2992 1140 3056 Iura
1161 2991 1215 3055 ubi
1267 2994 1451 3075 quicunque
1473 2993 1580 3071 fucrit,
1604 3014 1700 3057 nemo
1718 2996 1888 3076 negaverit
1905 2995 2010 3059 multa
2028 2993 2192 3057 subtiliter
2210 3000 2244 3057 et

238 3081 456 3162 omnipotentia
477 3079 549 3158 Dei,
572 3082 601 3143 si
623 3078 743 3142 diabolo
765 3079 824 3142 tale
844 3079 1016 3142 carmcditar
1037 3080 1213 3160 imper-iam,
1267 3090 1382 3163 argute
1410 3081 1446 3142 in
1474 3079 1603 3143 coelesti
1638 3079 1822 3145 hierarchia
1849 3081 2045 3162 disputasse;
2075 3100 2190 3144 verum
2214 3080 2242 3141 si

238 3171 273 3230 ut
299 3166 353 3229 illa
382 3166 478 3228 ‘irruite
506 3185 542 3229 ac
569 3169 769 3247 repttpuante,
799 3165 952 3244 quidquid
977 3165 1107 3228 coluerit
1133 3185 1215 3228 ease-
1267 3167 1339 3246 quis
1361 3166 1493 3248 propius
1511 3165 1664 3241 excutiat,
1688 3165 1910 3248 deprehendet
1926 3167 2072 3230 maxima
2088 3187 2130 3229 ex
2146 3173 2241 3246 parte

238 3251 375 3333 quatur?
429 3251 516 3330 Quod
548 3257 650 3315 autem
685 3252 812 3313 uaricum
842 3250 949 3313 hubent
979 3251 1215 3331 fundamentum
1266 3273 1392 3315 meram
1412 3272 1483 3315 esso
1506 3250 1739 3334 garrulitatem.
1769 3252 1933 3335 Theologc
1951 3260 2061 3316 autem
2081 3272 2146 3313 non
2165 3271 2242 3332 gar-

241 3337 431 3411 Mauichaei,
454 3338 542 3417 arelas
560 3358 624 3402 esse
643 3336 780 3401 adscribi
799 3336 872 3400 berra
886 3335 953 3400 aa
972 3337 1070 3400 allicis
1087 3338 1134 3400 rei
1151 3357 1216 3399 mu·
1267 3337 1379 3401 riendo
1408 3358 1503 3401 aures
1524 3338 1699 3414 oblectare,
1734 3338 1791 3402 sed
1818 3360 1910 3415 vera,
1939 3345 2042 3415 certa,
2069 3336 2162 3401 utilia
2184 3335 2244 3399 do-

239 3425 288 3489 lae
317 3423 512 3500 creationem,
546 3424 580 3488 id
609 3423 806 3487 ortlaadcaam
836 3423 930 3502 fidem
957 3424 1084 3486 mirnme
1111 3423 1224 3519 laedit,
1266 3422 1383 3501 cendo,
1413 3424 1627 3487 conscientias
1655 3425 1847 3488 confirmare
1876 3425 2078 3506 propositum
2100 3430 2158 3486 est
2206 3420 2245 3487 Si

237 3530 318 3591 quae
340 3530 401 3573 rien
428 3510 562 3573 admittit
583 3509 723 3588 aliquam
743 3529 808 3573 esse
828 3510 863 3570 in
882 3509 993 3572 mundi
1014 3509 1215 3572 universitate
1266 3509 1388 3573 librum
1407 3509 1501 3572 illum
1523 3509 1629 3592 legas,
1652 3520 1749 3591 putes
1772 3510 1937 3574 hominem
1959 3509 1999 3573 de
2021 3509 2109 3574 coelo
2132 3508 2244 3590 delap-

238 3595 356 3659 malam
381 3600 544 3671 naturum
572 3595 819 3674 qamradaquidem
840 3615 893 3657 acc
909 3596 1054 3675 prauitas
1075 3599 1103 3658 et
1123 3595 1215 3658 mali
1267 3616 1340 3659 sum
1362 3596 1484 3658 referre
1506 3616 1571 3658 non
1594 3616 1677 3676 quae
1700 3594 1821 3672 didicit,
1844 3597 1899 3660 sed
1923 3617 2005 3677 quae
2027 3596 2129 3660 oculis
2152 3594 2244 3658 vidit

238 3681 283 3745 tiu
305 3687 371 3744 turn
392 3681 534 3758 homiliis,
557 3685 622 3743 tum
640 3679 764 3757 diaboli,
787 3686 937 3761 aestutiae
954 3681 1026 3744 iude
1042 3681 1216 3743 nascuntur
1267 3681 1367 3762 Atqui
1390 3681 1522 3755 Paulus,
1547 3682 1601 3762 qui
1624 3691 1718 3744 extra
1740 3683 1873 3745 tertium
1896 3682 2022 3747 coelum
2045 3687 2157 3762 raptus
2175 3681 2245 3743 fue·

234 3772 373 3850 peccata,
403 3788 440 3831 ec
466 3772 582 3830 raatatrc
603 3771 689 3843 uerat,
718 3767 771 3830 sed
798 3787 835 3829 ec
856 3771 988 3828 naturae
1008 3768 1214 3847 corruptiorem
1267 3775 1319 3829 rat
1341 3767 1374 3849 (2
1396 3767 1470 3830 Oor.
1494 3771 1541 3843 12,
1564 3772 1576 3828 l
1600 3769 1717 3849 seqq.),
1746 3789 1811 3830 non
1840 3768 1935 3832 modo
1964 3767 2046 3830 nihil
2074 3767 2140 3831 tale
2169 3786 2246 3849 pro-

237 3874 291 3917 nec
312 3854 484 3934 quitquam
504 3854 627 3917 uraniam
657 3851 695 3914 ab
727 3852 817 3915 iiidie
845 3852 974 3930 eradit,
1003 3853 1038 3915 in
1064 3873 1123 3932 qua
1153 3873 1214 3915 nan
1267 3851 1358 3930 didit,
1382 3851 1438 3916 sed
1461 3860 1599 3916 testatus
1622 3873 1747 3935 quoquc
1765 3862 1824 3932 est,
1847 3856 1937 3918 nefas
1959 3874 2029 3918 esse
2051 3853 2175 3916 homini
2198 3852 2247 3916 lo·

238 3944 266 4002 et
286 3940 505 4020 sapientiaeet
531 3939 671 4002 iustitiae
690 3959 766 4000 suae
792 3939 943 4017 specimen
965 3938 1094 4002 ediderit
1116 3938 1213 4002 aaa.
1266 3939 1320 4020 qui
1344 3959 1426 4019 quae
1459 3938 1586 4001 viderat
1619 3959 1745 4003 arcana.
1797 3940 1860 4004 Illa
1887 3961 1963 4023 ergo
1990 3940 2165 4021 nugatoria
2193 3959 2246 4002 sa»

239 4024 303 4088 His
324 4046 393 4106 erpa
415 4025 575 4105 peruersis
602 4024 777 4088 commentis
798 4029 833 4085 ut
853 4023 972 4085 obviam
994 4028 1095 4102 eatur,
1118 4024 1214 4086 (altius
1266 4024 1389 4105 pientia
1411 4023 1520 4087 valere
1542 4025 1641 4102 iussa,
1668 4047 1708 4088 ex
1732 4026 1870 4106 simplici
1893 4026 2073 4108 scripturae
2096 4024 2246 4088 doctrina

238 4112 361 4174 animas
394 4110 527 4174 attollere
554 4130 672 4174 *areaesse
699 4115 743 4173 est
771 4130 865 4189 onam
893 4109 972 4172 oculi
1001 4111 1098 4172 nostri
1122 4130 1214 4190 peue-
1266 4107 1507 4173 consideremus
1530 4109 1614 4191 quod
1638 4110 1677 4174 de
1700 4111 1826 4195 angelis
1850 4113 1917 4177 suis
1942 4112 2023 4176 scire
2046 4132 2106 4174 nos
2129 4110 2247 4174 Domi-

237 4201 322 4260 trent.
371 4196 436 4276 Quo
458 4196 584 4259 caecilia
604 4196 772 4260 uerisimile
793 4200 851 4269 est,
873 4195 928 4258 abi
948 4195 983 4258 in
1012 4195 1145 4277 symbolo
1166 4196 1214 4258 ni-
1265 4217 1327 4259 nus
1348 4195 1459 4259 voluit.
1738 4198 1740 4202 '

237 4302 329 4347 caeno
357 4287 481 4345 cecatur
510 4280 599 4344 Deras
621 4283 758 4345 murciam
786 4281 934 4358 smmum,
968 4301 1019 4344 res
1043 4281 1214 4344 invisibiles
1355 4286 1382 4344 5.
1428 4281 1573 4364 Angelos
1596 4303 1665 4346 esse
1688 4282 1842 4347 coelestes
1865 4283 1998 4367 spiritus
2019 4302 2160 4364 quorum
2182 4281 2245 4344 mi-

235 4369 336 4451 suisse
357 4388 527 4449 cupressus.
560 4366 692 4431 Modum
713 4373 822 4444 mareri,
840 4386 930 4446 quem
943 4369 1131 4447 praescribit
1145 4369 1215 4448 pie·
1266 4367 1402 4430 nisterio
1426 4376 1459 4430 et
1480 4367 1632 4449 obsequio
1654 4369 1759 4432 utitur
1776 4370 1868 4433 Deus
1887 4369 1928 4432 ad
1950 4367 2158 4449 exsequenda
2176 4388 2246 4431 om-

238 4456 313 4518 tutis
332 4454 450 4536 rapula.
472 4460 570 4518 tenere
591 4475 685 4517 curae
706 4455 779 4531 erit,
803 4473 841 4515 ne
862 4453 958 4517 altius
978 4473 1072 4533 quam
1094 4454 1215 4534 capedit
1266 4454 1322 4517 nia
1343 4474 1426 4535 quae
1446 4453 1600 4533 docrevit,
1624 4457 1747 4537 passim
1765 4455 1798 4517 in
1822 4456 1985 4538 scriptura
1997 4454 2119 4537 legitur
2125 4476 2134 4531 ;
2156 4451 2246 4517 unde

238 4541 424 4622 speculanda
449 4541 571 4604 luderes
592 4562 613 4603 a
638 4540 713 4619 puer·
741 4539 937 4619 simplicitate
964 4539 1085 4603 abducti
1107 4561 1214 4622 capen-
1265 4547 1297 4603 et
1320 4538 1380 4604 hoc
1402 4539 1466 4603 illis
1488 4561 1608 4604 nomen
1630 4541 1823 4604 attributum
1846 4548 1910 4619 est,
1933 4541 2018 4622 quod
2041 4540 2113 4603 illos
2135 4539 2241 4605 veluti

239 4631 298 4689 tur.
343 4625 385 4689 Et
406 4632 497 4706 certe,
525 4647 621 4707 quum
643 4626 760 4688 utiliter
781 4645 901 4706 semper
918 4646 974 4689 rios
995 4626 1097 4690 doceat
1119 4627 1214 4707 spiri-
1265 4625 1485 4689 internuntios
1514 4625 1648 4690 adhibet
1674 4628 1766 4690 Deus
1799 4625 1901 4691 adse
1931 4626 2117 4690 hominibus
2137 4626 2245 4688 mani-

238 4716 298 4789 tus,
321 4713 356 4773 in
378 4714 489 4790 auibus
509 4734 578 4777 aera
598 4732 718 4793 parum
739 4717 784 4775 est
804 4712 946 4775 prurienti
967 4712 1009 4774 ad
1028 4712 1214 4792 aedificatis
1265 4710 1459 4776 testandum
1505 4713 1600 4776 Aliae
1622 4712 1721 4775 etiarn
1745 4711 1862 4792 quibus
1883 4713 2109 4796 insigniuntur
2131 4710 2243 4793 appel-

239 4817 307 4859 nem
329 4796 374 4858 uel
396 4797 540 4860 subticeat
561 4818 696 4880 prorsus
715 4798 762 4861 ael
783 4797 888 4860 leviter
908 4802 1028 4860 tutatum
1049 4798 1077 4861 e't
1097 4798 1214 4861 cursim
1265 4796 1412 4874 lationes,
1437 4820 1478 4862 ex
1500 4798 1598 4862 simili
1619 4797 1747 4859 ratione
1770 4805 1920 4880 sumptae
1942 4806 2028 4862 sunt.
2068 4797 2245 4863 Exercitus

240 4883 384 4963 ultinpat,
419 4885 515 4945 nestri
547 4905 664 4963 qumque
690 4883 788 4964 officii
821 4889 877 4959 est,
913 4884 1040 4948 libenter
1071 4886 1214 4966 ipnorare
1267 4893 1437 4961 vocantur,
1462 4886 1537 4966 quia
1557 4892 1596 4945 ut
1617 4881 1773 4945 satellites
1792 4884 1971 4966 principem
1989 4906 2086 4949 suum
2104 4884 2244 4948 circum-

239 4986 318 5047 quae
341 4985 406 5043 aaa
423 4967 600 5030 conducunt.
1250 4968 1357 5047 dant,
1381 4971 1451 5034 eius
1473 4970 1676 5032 maiestatem
1698 4978 1860 5034 exornant
1881 4980 1913 5034 et
1935 4971 2144 5052 conspicuam
2169 4967 2245 5032 red-

326 5057 355 5113 4.
400 5052 546 5134 Angelos
575 5073 667 5128 sane,
695 5075 795 5134 quum
817 5056 881 5119 Dei
910 5056 977 5119 sint
1002 5056 1144 5120 ministri
1174 5055 1214 5118 ad
1268 5054 1365 5133 dunt,
1389 5063 1423 5119 et
1450 5056 1556 5117 instar
1577 5051 1720 5116 militum
1747 5054 1790 5118 ad
1818 5056 1949 5139 signum
1972 5055 2062 5121 ducis
2085 5056 2135 5119 sui
2158 5076 2244 5119 sem·

239 5138 329 5202 iussa
356 5137 426 5201 eius
454 5138 661 5218 exsequenda
687 5139 841 5218 ordinati,
876 5162 946 5205 esse
974 5162 1100 5222 quoque
1127 5141 1215 5207 illius
1266 5162 1326 5224 per
1346 5141 1465 5204 intenti
1494 5146 1586 5215 sunt,
1615 5146 1649 5201 et-
1674 5139 1721 5203 ita
1741 5143 1848 5223 parati
1874 5148 1951 5207 sunt
1977 5165 2015 5208 ac
2037 5140 2179 5222 expediti
2203 5139 2245 5205 ad

239 5232 415 5300 creaturas,
438 5230 534 5287 extra
555 5226 808 5289 controversiam
830 5247 900 5290 esse
922 5226 1027 5292 debet.
1060 5227 1111 5292 De
1132 5237 1215 5291 tem·
1239 5290 1243 5307 ‚
1267 5224 1464 5309 capessenda
1492 5223 1580 5288 illius
1608 5223 1713 5304 iussa,
1741 5235 1779 5290 ut
1801 5228 1898 5292 simul
1919 5249 1957 5294 aa
1979 5229 2132 5293 annuerit
2153 5226 2245 5308 operi
