4672 5842
257 315 320 375 479
903 297 1170 368 mamaeam
1191 299 1297 365 REIa
1321 297 1502 366 CHRIST.
1529 304 1620 365 1559.
2202 306 2269 366 tao

258 521 348 573 mus,
381 508 513 579 peccata
544 494 670 577 aliquot
701 496 790 558 iusta
818 491 1039 558 satisfactione
1066 489 1235 563 redimere,
1288 487 1508 551 cumulabunt
1553 487 1627 550 lam
1649 489 1797 569 praecisa
1819 502 1869 551 est
1890 488 2109 554 satisfaciendi
2131 488 2267 555 fiducia:

257 583 334 667 quid
357 596 469 646 tamen
490 581 612 646 facient
634 578 691 643 ubi
713 588 762 642 tot
782 579 922 661 peccatis
940 576 1133 650 obruuntur,
1157 594 1236 656 qno·
1287 572 1366 654 quid
1399 572 1591 637 morantur?
1631 573 1790 655 quomodo
1824 572 1931 639 adhue
1965 574 2005 639 dc
2038 575 2268 640 satisfaciendo

258 692 332 735 rum
356 665 631 732 satisfactionibus
654 686 714 730 nec
737 677 868 729 centum
892 664 992 738 vitae,
1023 663 1074 727 vel
1101 662 1127 724 si
1150 673 1235 723 totae
1287 660 1429 740 cogitare
1451 658 1596 722 audent?

256 757 291 819 in
325 755 386 819 hoc
415 754 495 828 sint,
530 753 678 816 sufficere
711 751 855 832 queant?
908 748 1000 812 Adde
1015 749 1038 829 ¹)
1065 747 1146 831 qnod
1178 746 1235 808 loci
1374 752 1423 806 29.
1469 744 1641 808 Conantur
1663 745 1795 828 quidem
1817 768 1851 810 so
1881 746 2047 828 expedire:
2083 746 2141 810 sed
2174 768 2266 829 aqna,

255 862 359 906 arictes
385 839 500 919 quibas
527 839 681 901 asseritur
703 842 898 917 pcccatomm
924 834 1081 910 remissio,
1113 854 1172 896 non
1193 831 1236 894 od
1288 839 1326 893 ut
1347 830 1479 906 dicitur,
1504 831 1569 895 illis
1593 831 1714 895 haeret.
1766 832 1916 914 Fingunt
1939 831 1999 895 sibi
2022 832 2268 898 distinctionem

254 927 483 992 catmbnmencs
500 925 670 1004 perficiem,
693 923 747 985 scd
769 922 811 985 ed
832 922 981 1003 rependes
1003 919 1068 984 Dei
1088 918 1185 995 tilios.
1208 922 1235 980 et
1286 936 1410 998 poenae
1433 929 1466 979 et
1486 917 1614 998 culpae:
1644 918 1775 999 culpam
1804 919 1927 982 remitti
1949 919 2097 982 fzroentur
2118 917 2184 982 Dei
2207 921 2267 983 mi·

255 1016 311 1094 q'ni
334 1014 366 1074 in
389 1012 532 1075 ecclesiae
551 1011 625 1073 sinn
645 1009 774 1089 ficerunt
795 1009 852 1072 dia
875 1007 994 1069 recutiti.
1030 1006 1156 1087 Lepotio
1179 1003 1235 1066 illc
1288 1001 1477 1076 scricordia;
1506 1003 1563 1067 sed
1588 1003 1684 1085 culpa
1705 1005 1841 1068 remissa
1863 1025 2000 1086 poenam
2023 1017 2147 1069 restare
2169 1027 2267 1087 quam

255 1119 352 1181 quant
384 1104 450 1160 tei-in
477 1095 636 1176 splendide
664 1093 780 1156 extollit
809 1093 936 1156 Paulus
957 1094 992 1171 (2
1012 1091 1086 1154 Cor.
1107 1096 1141 1165 ι’),
1162 1089 1235 1169 20).·
1287 1088 1428 1170 persolvi
1449 1087 1512 1151 Dei
1535 1089 1659 1153 iustitia
1681 1090 1833 1171 postulat.
1874 1091 1927 1153 Ad
1950 1111 2073 1171 poenae
2093 1092 2195 1173 igitur
2216 1113 2267 1156 re·

256 1185 374 1250 obsecro
401 1203 455 1246 vos
484 1181 601 1244 Cirris-ti
629 1181 762 1247 ticinen,
790 1178 1035 1242 reconciliamini
1065 1176 1148 1252 Deo,
1175 1196 1234 1238 non
1288 1174 1476 1238 missionem
1495 1175 1625 1256 proprie
1644 1190 1791 1257 spectare
1809 1177 2053 1241 satisfactiones.
2084 1175 2178 1256 Quae
2191 1177 2266 1253 ista,

256 1271 299 1334 ori
320 1275 438 1333 cataros
458 1268 624 1348 diripitur,
653 1266 707 1329 sed
737 1264 780 1327 cd
807 1285 857 1327 eos
885 1264 938 1343 qni
956 1262 1083 1343 pridrrn
1106 1261 1235 1343 ccccliiii
1288 1260 1371 1323 bone
1393 1258 1502 1335 Deus,
1532 1260 1710 1325 desultoria
1732 1262 1870 1325 levitas?
1900 1262 2013 1343 culpae
2041 1262 2268 1327 remissionom

254 1357 391 1439 famant
429 1352 530 1431 Atqui
549 1349 817 1431 satisfactionibus
837 1350 1060 1423 recreasse,
1083 1349 1126 1411 cd
1146 1346 1235 1409 t'liri-
1286 1367 1373 1410 nunc
1402 1348 1580 1428 gratuitam
1607 1360 1754 1428 prostare
1780 1350 1992 1425 confitentur,
2026 1369 2125 1429 quam
2161 1350 2268 1431 preci-

255 1443 297 1507 sii
330 1459 449 1504 cracem
481 1458 531 1501 cos
559 1437 685 1515 ablcpct.
739 1437 792 1498 bic
817 1455 917 1516 quina
943 1433 1049 1498 scribit
1080 1434 1235 1497 Colossen-
1288 1432 1348 1496 bus
1371 1444 1403 1494 et
1425 1431 1581 1514 lacrymis
1603 1433 1741 1515 aliisque
1765 1455 1862 1497 omne
1884 1455 1989 1516 genus
2011 1436 2269 1515 pracpamtioni·

256 1528 344 1592 sibas
361 1525 446 1597 (Col.
464 1529 489 1598 1,
503 1525 568 1603 20).
590 1522 750 1585 (teretem
767 1521 952 1601 pacificasse
968 1541 1028 1601 per
1049 1521 1234 1600 scansionem
1286 1517 1348 1581 bus
1383 1519 1520 1580 emereri
1554 1518 1692 1583 subinde
1726 1519 1850 1584 docent.
1899 1520 2023 1584 Verum
2050 1519 2159 1584 adhuc
2193 1541 2269 1584 cum

255 1604 375 1681 mais,
393 1631 472 1690 quiec
493 1615 566 1673 serit
589 1609 622 1670 in
644 1610 723 1671 coelo
744 1607 790 1671 cel
812 1609 846 1670 in
867 1613 965 1682 terro,
994 1627 1054 1670 non
1075 1605 1236 1686 restrinpit
1287 1605 1351 1667 ista
1379 1603 1587 1668 distinctione
1620 1627 1662 1667 cx
1695 1604 1853 1669 diametro
1887 1614 2014 1689 pugnat
2042 1604 2202 1688 quidquid
2229 1606 2268 1671 dc

254 1698 308 1762 boc
329 1697 372 1760 cd
392 1701 578 1759 inmeritum
598 1715 658 1773 qno
679 1694 848 1773 recipiinnr
869 1694 903 1755 in
924 1692 1096 1767 ecclesiam,
1118 1691 1172 1754 sed
1193 1690 1235 1752 cd
1286 1699 1493 1771 menarum
1522 1691 1722 1769 remissione
1740 1692 1775 1754 in
1803 1694 1966 1773 scriptura
1993 1692 2087 1756 nobis
2114 1691 2267 1756 traditur.

254 1789 349 1848 ιοιιιηι
370 1801 496 1845 cnrsrnn
517 1780 658 1844 mternlit.
701 1779 790 1858 &rori
809 1779 905 1859 facile
926 1799 963 1841 er
984 1783 1124 1841 cordata
1140 1780 1235 1857 patet,
1289 1774 1387 1855 Quod
1420 1777 1552 1840 tametsi
1585 1778 1664 1840 satis
1697 1799 1860 1858 superque
1891 1776 2043 1841 existimo
2069 1777 2137 1841 iam
2169 1800 2189 1842 a
2216 1800 2269 1842 mo

256 1871 311 1932 nbi
338 1868 414 1931 dicit
439 1866 547 1947 fideles
575 1865 684 1928 liobere
712 1865 949 1944 redanpticnern
970 1863 1237 1944 perscripsissem
1288 1864 1535 1937 confirmatum,
1559 1862 1750 1927 subnectam
1772 1877 1882 1927 tamen
1905 1862 2064 1945 quaedam
2087 1863 2155 1929 alia
2175 1864 2268 1928 test-i-

259 1954 391 2031 Glnisti,
422 1973 527 2032 iicnqre
554 1952 768 2014 rectissimam
790 1955 994 2030 mamortini.
1049 1954 1237 2028 warancis
1289 1947 1409 2022 monia
1433 1945 1550 2027 qrribus
1573 1947 1652 2011 adeo
1675 1951 1946 2032 constringantur
1967 1950 2107 2013 tormcsi
2128 1951 2186 2013 isti
2208 1972 2267 2014 an-

252 2042 362 2122 plices
394 2039 473 2102 locris
505 2057 662 2119 conparere
694 2057 923 2117 supervacuam
955 2041 999 2098 cst
1027 2035 1082 2115 qni
1108 2033 1237 2097 sudatile
1289 2053 1384 2114 gnos,
1420 2043 1457 2094 ut
1489 2055 1529 2096 nc
1557 2055 1721 2098 summani
1747 2035 1878 2117 quidem
1905 2035 2044 2099 caudam
2071 2036 2268 2118 complicare

258 2130 430 2192 cccrrrrnnt.
1288 2118 1425 2199 posthac
1447 2132 1576 2199 queant.
1616 2120 1689 2185 Hoc
1711 2134 1761 2185 cst
1783 2133 2015 2186 testamentum
2038 2142 2161 2185 novum
2183 2122 2269 2204 quod

343 2216 393 2273 28.
440 2209 503 2272 Hic
526 2209 560 2270 in
578 2207 708 2289 asylum
731 2207 926 2289 confugiunt
948 2208 1078 2287 ineptae
1100 2204 1236 2269 distinc·
1288 2205 1380 2268 Deus
1402 2205 1436 2266 in
1458 2203 1593 2269 Christo
1615 2228 1674 2270 suo
1696 2206 1865 2272 nobiscum
1882 2208 2015 2290 pepigit,
2038 2207 2125 2289 quod
2148 2209 2268 2291 iniqui·

258 2298 365 2372 tionis,
387 2308 520 2378 peccata
538 2292 699 2374 quaedam
720 2293 862 2357 venialia
876 2314 956 2368 esse,
978 2291 1137 2373 quaedam
1150 2312 1237 2353 mor·
1287 2298 1395 2352 tatum
1416 2304 1604 2355 nostrarum
1626 2313 1692 2356 non
1714 2293 1938 2358 recordabitur
1959 2293 2037 2375 (lcr.
2058 2297 2109 2368 31,
2129 2299 2180 2357 31.
2202 2298 2266 2377 34)

259 2383 354 2458 talia;
386 2403 443 2463 pro
465 2379 657 2443 mortalibus
680 2399 816 2461 gravem
839 2379 1094 2443 satisfactionem
1117 2376 1236 2453 deberi,
1289 2373 1378 2454 Quid
1401 2375 1453 2438 his
1476 2377 1719 2460 significaverit,
1743 2379 1897 2442 discimus
1919 2401 1960 2442 ex
1983 2380 2085 2443 altero
2107 2381 2270 2462 propheta

258 2468 400 2534 venialia
417 2465 614 2530 facilioribus
632 2464 784 2529 remediis
801 2466 947 2548 pnrgari:
971 2466 1116 2527 oratione
1134 2462 1237 2526 dorni·
1288 2460 1360 2544 (Ec.
1386 2466 1438 2535 ltl,
1459 2465 1498 2525 21
1517 2470 1636 2545 seqq),
1665 2465 1721 2529 ubi
1743 2466 1919 2529 Donunus:
1947 2466 1974 2528 si
2001 2466 2124 2543 iustus,
2153 2467 2268 2548 inquit,

257 2555 340 2625 nica.
360 2573 464 2635 aquae
476 2550 664 2615 benedictae
675 2553 871 2632 aspersione,
894 2550 1094 2614 absolutionc
1108 2549 1235 2611 missae.
1289 2569 1310 2610 a
1335 2548 1460 2611 iustitia
1491 2571 1553 2613 sua
1579 2549 1763 2627 deflexerit,
1796 2552 1942 2614 omnium
1972 2552 2170 2615 iustitiarum
2199 2554 2269 2617 eius

141 2645 143 2650 ’
258 2639 315 2706 Sic
347 2661 422 2703 cum
448 2639 520 2702 Deo
554 2636 672 2700 ludunt
706 2648 740 2700 et
766 2637 937 2718 ineptiunt.
984 2634 1097 2715 Quum
1126 2645 1237 2697 tamen
1290 2654 1356 2696 non
1378 2634 1584 2711 recordabor;
1613 2637 1641 2699 si
1671 2637 1791 2719 impius
1818 2637 1859 2700 ab
1886 2638 2055 2718 impietate
2081 2658 2141 2700 sua
2162 2659 2271 2702 reces-

257 2726 389 2790 assidue
409 2737 580 2811 peccatum
599 2722 725 2786 veniale
747 2733 780 2786 et
799 2722 936 2786 mortale
958 2722 993 2784 iu
1010 2731 1066 2784 bre
1085 2720 1236 2795 habeant,
1289 2720 1382 2796 serit,
1423 2721 1571 2783 omniurn
1610 2723 1821 2804 iniquitatum
1862 2723 1934 2786 eius
1967 2744 2033 2786 nou
2066 2723 2269 2788 recordabor.

257 2811 404 2876 nondum
427 2810 568 2874 alterum
590 2809 631 2872 ab
652 2808 755 2872 altero
768 2807 1148 2889 discerncrepctucrunt,
1174 2805 1237 2869 nisi
1289 2802 1387 2884 Quod
1409 2828 1444 2869 se
1461 2808 1660 2871 iustitiarum
1679 2809 1924 2873 recordatumun
1944 2820 2052 2892 negat.
2075 2809 2188 2890 utique
2207 2809 2270 2874 hoc

259 2898 346 2980 quod
374 2898 576 2978 impietatem
607 2905 639 2958 et
668 2893 910 2958 immunditiem
938 2893 1043 2958 cordis
1067 2903 1237 2974 peccatum
1289 2901 1352 2966 est,
1383 2892 1508 2956 nullam
1534 2914 1568 2957 se
1595 2913 1709 2958 earum
1738 2895 1928 2961 habiturum
1952 2897 2128 2971 rationem,
2157 2904 2196 2959 ut
2217 2918 2269 2960 re-

258 2983 387 3049 venialc
415 2983 548 3045 faciunt.
600 2980 670 3044 Nos
697 2995 809 3044 amem
842 2980 944 3063 (quod
970 2980 1133 3060 scriptura
1161 2977 1238 3040 iusti
1290 2990 1489 3042 muneretur.
1534 2979 1624 3061 Ergo
1647 2991 1680 3045 et
1701 2994 1908 3063 peccatorum
1930 3002 1997 3044 non
2019 2980 2193 3057 recordari,
2220 2990 2270 3046 cst

259 3079 294 3132 et
316 3069 429 3131 iniusti
453 3066 567 3148 regula
589 3066 696 3147 dccet)
723 3068 848 3148 peccati
871 3064 1070 3147 stipendium
1093 3084 1237 3146 pronun·
1290 3084 1330 3126 ea
1357 3085 1422 3127 non
1450 3065 1616 3146 postulare
1643 3066 1685 3128 ad
1707 3089 1854 3148 poenam.
1901 3066 1937 3130 ld
1959 3068 2068 3149 ipsum
2091 3066 2169 3131 alibi
2191 3069 2267 3148 (Ies.

259 3157 380 3218 tiernus
408 3174 479 3216 csso
506 3166 660 3220 mortem.
692 3166 723 3215 et
752 3153 914 3226 animani,
943 3171 1027 3233 quac
1045 3150 1238 3231 peccaverit,
1292 3153 1408 3225 38,17
1432 3156 1616 3228 et44,22;
1645 3153 1745 3226 Mich.
1767 3158 1800 3229 7,
1824 3157 1876 3229 19;
1898 3153 1986 3216 Psal.
2009 3157 2065 3228 32,
2092 3158 2124 3235 1)
2151 3153 2270 3220 dicitrtr

258 3252 363 3303 morte
385 3238 519 3320 dignam
542 3237 652 3321 (Rom
673 3241 702 3310 a,
722 3242 778 3314 23;
800 3239 857 3301 lla.
884 3242 937 3313 18,
957 3239 1021 3317 20).
1063 3235 1238 3299 Caeterum
1290 3235 1449 3317 proiiccre
1476 3249 1549 3317 post
1571 3250 1714 3320 tergum,
1744 3238 1852 3303 delere
1875 3240 1980 3302 instar
2001 3239 2112 3316 uubis,
2142 3239 2269 3304 demer-

259 3325 405 3390 fidelium
428 3337 561 3405 peccata
581 3323 721 3387 venialia
750 3345 834 3388 esse:
865 3344 931 3386 non
959 3324 1036 3404 quia
1063 3343 1128 3384 non
1152 3342 1238 3384 mor·
1291 3342 1368 3403 gere
1387 3323 1422 3383 in
1444 3322 1640 3403 profundum
1662 3326 1777 3400 maris,
1805 3346 1870 3388 non
1894 3326 2057 3407 imputare
2083 3337 2269 3408 tectumque

259 3422 325 3474 tem
348 3422 547 3483 mereantur,
569 3408 627 3471 sed
648 3409 725 3489 quia
748 3410 809 3472 Dei
833 3407 1055 3473 misericordia
1076 3407 1169 3471 nulla
1190 3416 1240 3470 cst
1291 3406 1421 3471 habere.
1449 3407 1583 3473 Talibus
1606 3409 1929 3492 loquendi·foru1ulis
1951 3432 2018 3474 uon
2040 3409 2178 3476 obscure
2195 3435 2269 3477 sen-

258 3495 549 3562 condemnatioiis
571 3495 729 3576 quisunt
751 3495 785 3557 in
808 3494 942 3559 Christo
959 3495 1052 3571 Iesu;
1075 3495 1151 3575 quia
1173 3514 1239 3556 non
1291 3514 1364 3557 sunt
1383 3515 1480 3556 suurn
1503 3495 1595 3559 nobis
1616 3496 1819 3577 explicuerat
1840 3498 1975 3578 spiritus
1996 3510 2139 3574 sanctus,
2163 3500 2191 3563 si
2213 3499 2270 3563 do·

258 3583 479 3664 imputantur,
503 3580 580 3661 quia
600 3581 696 3644 venia
718 3579 870 3644 delentur
892 3581 1002 3655 (Rom.
1022 3583 1051 3656 8,
1074 3581 1115 3662 l).
1161 3576 1238 3643 Scio
1291 3578 1369 3642 ciles
1398 3601 1493 3643 aures
1525 3581 1574 3643 illi
1608 3581 1934 3647 accommodaremus.
1989 3582 2088 3647 Certe
2117 3585 2146 3648 si
2176 3586 2271 3664 punit

263 3689 364 3751 quam
386 3667 496 3748 inique
519 3664 703 3729 doctrinam
720 3665 805 3731 hanc
824 3682 971 3730 nostram
988 3665 1239 3730 calumnientur.
1290 3665 1382 3728 Deus
1410 3678 1556 3748 peccata,
1583 3669 1739 3749 imputat3
1770 3669 1797 3732 si
1826 3667 1983 3745 vindicat,
2006 3669 2211 3746 recordatur;
2241 3671 2271 3732 si

258 3755 384 3819 Dicunt
410 3754 499 3816 enim
527 3751 730 3834 paradoxum
763 3774 833 3816 esse
856 3754 1044 3816 Stoicorum
1065 3750 1104 3815 de
1126 3770 1236 3832 pecca·
1290 3749 1333 3814 ad
1362 3751 1519 3817 indicium
1545 3771 1655 3828 vocat,
1685 3767 1772 3818 tect-a
1799 3775 1866 3818 non
1894 3755 2008 3834 habet3
2035 3757 2064 3819 si
2091 3755 2269 3832 examinat,

259 3850 367 3904 torum
386 3838 596 3920 aequalitate;
619 3837 677 3901 sed
698 3860 757 3902 suo
780 3839 925 3920 ipsorum
946 3859 1002 3901 ore
1023 3836 1114 3900 nullo
1137 3856 1239 3918 nego-
1290 3848 1364 3919 post
1381 3851 1512 3921 tergum
1531 3860 1597 3902 non
1616 3841 1766 3921 proiecit;
1789 3843 1816 3905 si
1836 3841 1975 3923 inspicit,
1998 3851 2064 3905 non
2082 3840 2270 3904 obliteravit

260 3926 306 3988 tio
340 3926 584 3989 convincentur.
636 3921 768 4002 Quaero
803 3926 906 3998 enim,
937 3944 1048 3987 annon
1080 3923 1169 3986 inter
1200 3943 1240 3986 ea
1292 3925 1398 3987 instar
1420 3924 1574 4001 nebulae,
1603 3927 1631 3989 si
1656 3928 1809 4004 ventilet,
1832 3948 1899 3990 non
1920 3928 2054 4010 proiecit
2074 3927 2111 3989 in
2132 3927 2270 4007 protim-

261 4012 332 4092 ipsa
348 4022 481 4092 peecata
498 4030 583 4091 quae
600 4009 754 4074 mortalia
770 4010 923 4081 annun,
947 4008 1037 4073 aliud
1054 4008 1117 4072 alio
1130 4010 1239 4071 minus
1291 4008 1370 4072 dum
1399 4011 1510 4074 maris.
1554 4013 1665 4092 Atque
1692 4014 1727 4076 in
1757 4014 1846 4078 hunc
1874 4013 2008 4077 modum
2032 4013 2271 4093 interpretatur

260 4096 461 4180 agnoscant?
495 4096 571 4159 Non
589 4096 690 4178 igitur
707 4096 857 4177 protinus
876 4095 1032 4177 seqnitur,
1057 4096 1151 4177 paria
1168 4115 1239 4159 esse
1291 4096 1500 4176 Augustinus
1515 4097 1539 4179 Ι)
1566 4097 1663 4162 claris
1691 4099 1815 4162 verbis:
1849 4100 1877 4162 si
1906 4098 1989 4162 texit
2009 4106 2143 4181 peecata
2165 4099 2270 4176 Deus,

260 4197 393 4266 peccata
419 4202 503 4264 qnae
526 4182 630 4265 simul,
645 4182 798 4246 mortalia
817 4183 891 4246 sint.
937 4179 1052 4261 Quum
1078 4182 1241 4262 scriptura
1290 4180 1397 4245 noluit
1418 4181 1604 4260 invertere,
1627 4185 1656 4247 si
1674 4185 1780 4249 noluit-
1793 4185 1973 4261 advertera
1995 4183 2101 4248 uoluit
2119 4184 2269 4249 animad-

260 4269 405 4347 definiat,
429 4267 629 4348 stipendium
652 4269 776 4348 peccati
799 4282 939 4332 mortem
957 4289 1037 4344 esse,
1060 4266 1142 4349 legis
1164 4267 1239 4330 obe-
1291 4277 1434 4344 vertere;
1456 4271 1484 4331 si
1506 4269 1612 4333 noluit
1633 4270 1908 4347 animadvertere,
1932 4271 2036 4336 noluit
2055 4271 2189 4353 punire;
2212 4292 2270 4335 no-

259 4354 417 4420 dientiam
439 4375 511 4418 esse
533 4354 623 4416 vitoe
642 4354 745 4429 viam,
773 4354 1068 4437 transgressionem
1090 4366 1238 4430 mortem,
1292 4352 1355 4417 luit
1377 4375 1563 4437 agnoscere,
1586 4357 1704 4420 maluit
1724 4359 1906 4440 ignoscere:
1932 4366 2018 4422 tecta
2038 4378 2118 4440 orgo
2139 4367 2272 4439 peccata

260 4441 345 4506 hanc
367 4441 565 4505 sententiam
592 4439 731 4503 evadere
756 4461 822 4504 non
842 4450 987 4522 possunt
1031 4436 1141 4518 Quem
1161 4460 1240 4521 ergo
1291 4460 1393 4521 quare
1420 4439 1525 4503 dixit?
1555 4450 1592 4505 ut
1619 4464 1687 4507 non
1709 4443 1913 4519 viderentur;
1941 4442 2130 4525 quiderm,
2160 4445 2271 4508 Deum

259 4526 480 4593 satisfaciendi
508 4527 633 4590 exitum
659 4526 832 4591 invenient
858 4527 894 4590 in
917 4536 1009 4589 tanto
1031 4540 1240 4607 peccatorum
1292 4525 1404 4591 videre
1425 4540 1572 4609 peecata,
1596 4530 1659 4593 nisi
1682 4528 1821 4611 punire?
1866 4529 2052 4595 Audiamus
2073 4550 2153 4593 vcro
2175 4543 2272 4593 etex

259 4613 413 4680 cumulo?
443 4615 470 4677 si
498 4613 595 4675 unius
624 4610 689 4674 diei
712 4621 763 4676 est
784 4612 963 4677 musfactio
985 4612 1109 4695 peccati
1131 4613 1239 4689 unius,
1292 4612 1356 4676 alio
1377 4613 1555 4695 prophetae
1576 4616 1646 4681 loco
1667 4616 1745 4697 (les.
1768 4621 1795 4691 1,
1818 4615 1886 4698 18),
1909 4617 2028 4698 quibus
2048 4615 2177 4698 legibus
2195 4637 2271 4696 pec-

260 4699 340 4763 dum
357 4699 448 4762 illam
465 4698 675 4767 meditantur.
695 4697 843 4780 pluribus
858 4696 1091 4773 scinvclvnnt;
1110 4695 1240 4779 quando
1291 4710 1365 4763 eata
1386 4701 1534 4765 remittat
1554 4703 1728 4767 Dominus.
1773 4700 1813 4766 Si
1833 4702 1969 4777 fuerim,
1991 4703 2114 4784 inquit,
2136 4711 2271 4784 peccata

260 4785 347 4849 diem
369 4784 497 4848 nullum
518 4784 676 4866 praeterit
696 4785 896 4850 iustissimus
916 4785 1066 4867 quisquc,
1087 4804 1151 4865 quo
1173 4804 1240 4847 non
1292 4796 1403 4850 vestra
1429 4797 1467 4851 ut
1495 4789 1678 4864 coccinum,
1705 4789 1798 4868 quasi
1820 4789 1879 4851 nix
1900 4788 2083 4866 albescent}
2108 4798 2141 4851 et
2162 4787 2193 4851 si
2214 4809 2270 4850 ru·

261 4871 431 4952 aliquoties
462 4870 601 4935 labatur.
657 4870 711 4935 Ad
744 4892 857 4935 eorum
888 4891 971 4941 ,vero
1002 4869 1240 4935 satisfactiones
1291 4871 1424 4938 buerint
1444 4884 1483 4937 ut
1503 4872 1709 4949 vermiculus,
1732 4882 1832 4938 erunt
1851 4874 1947 4956 quasi
1967 4874 2052 4939 lana
2097 4872 2199 4955 Apud
2219 4873 2271 4938 Ie-

262 4954 342 5018 dum
369 4975 405 5018 sc
431 4956 618 5039 accingent,
645 4977 822 5022 numerosa
848 4957 901 5022 vel
929 4958 1040 5040 patim
1067 4956 1241 5021 innumera
1292 4961 1429 5024 rerniam
1456 4970 1566 5023 autem
1593 4959 1640 5024 sic
1663 4958 1786 5042 legitur
1807 4960 1881 5044 (50,
1901 4960 1972 5041 20):
1993 4962 2038 5025 in
2066 4959 2123 5024 illa
2144 4959 2198 5026 die
2219 4981 2271 5025 re-

333 5227 760 5293 matemautensem.
1264 5246 1268 5267 =
1363 5233 1391 5298 ι)
1409 5233 1442 5285 ιιι
1460 5233 1530 5285 rec.
1548 5231 1591 5284 31.
1610 5233 1706 5286 anm.
1724 5233 1750 5289 a
1768 5233 1792 5287 s.
