4672 5842
164 308 227 369 937
498 306 588 371 LIB.
611 306 663 371 IV
664 356 671 372 .
714 307 779 373 DE
800 304 1036 381 EXTERNIS
1058 307 1224 374 MEDIIS
1244 308 1310 374 AD
1333 307 1562 375 SALUTEM.
1607 309 1706 375 OAP.
1728 311 1828 375 XIIL
2105 318 2167 380 938

164 493 298 559 vivendi
325 494 441 577 regula
468 505 501 559 et
528 495 716 577 disciplina,
738 496 818 577 quin
847 504 1014 560 exstarent
1041 495 1141 578 aliqui
1192 497 1248 579 qui
1270 519 1433 562 unacum
1456 497 1581 562 cucullo
1599 497 1689 562 mille
1705 499 1881 580 impiarum
1898 502 2167 583 superstitionum

163 580 230 643 fuci
248 580 345 662 louge
364 580 436 644 aliis
454 580 636 658 dissimiles,
656 583 703 644 ita
721 604 786 645 uon
804 583 850 646 sio
868 579 964 645 hodie
987 604 1007 646 a
1028 589 1142 646 saneta
1192 583 1346 664 laqueum
1378 584 1439 647 sibi
1471 583 1639 647 iuduunt?
1695 585 1768 649 Iam
1798 607 1880 668 quae
1913 595 2063 650 vetorum
2095 610 2168 670 spe-

164 665 223 729 illa
256 666 449 748 antiquitate
482 668 658 732 monachos
692 666 907 749 degenerasse
940 666 1026 745 dieo,
1061 668 1141 750 quin
1193 668 1280 742 cies?
1312 668 1545 752 Virginitatem
1556 668 1629 733 Deo
1646 678 1838 752 perpetuam
1850 673 2055 753 promittuut,
2074 674 2168 755 quasi

165 751 292 834 aliquos
318 752 353 815 in
380 772 439 816 suo
466 774 566 836 grege
592 754 695 819 bonos
718 752 825 819 adhuc
848 752 1003 831 habeant;
1025 751 1082 817 sed
1105 752 1140 817 hi
1193 776 1269 820 cum
1297 755 1369 818 Deo
1397 765 1473 818 ante
1501 756 1686 838 pepigerint
1707 765 1744 819 ut
1764 778 1799 821 se
1822 777 1841 819 a
1863 759 2005 840 coniugii
2027 760 2168 823 necessi-

164 838 262 919 pauci
284 848 318 902 ct
338 838 476 920 dispersi
497 840 532 901 in
554 838 612 903 illa
633 840 758 922 ingenti
779 840 942 903 malorum
965 847 997 903 ct
1019 839 1141 921 impre-
1193 848 1259 904 tate
1281 839 1442 905 hberaret.
1478 840 1553 904 Non
1576 841 1730 923 estquod
1753 850 1938 921 causentur,
1961 865 1996 908 se
2020 865 2085 907 nen
2104 844 2168 909 uisi

163 923 282 988 borum
316 923 526 988 multitudiue
554 924 762 1004 delitescunt;
800 947 860 989 nec
887 932 1142 988 contemnuntur
1193 927 1301 1010 gratia
1318 926 1382 990 Dei
1401 927 1499 991 fretos
1517 935 1629 990 votum
1648 927 1709 991 hoc
1729 950 1926 1011 nuncupare.
1963 929 2049 993 Nam
2067 952 2168 1012 quum

164 1007 275 1087 mode,
309 1009 365 1074 sed
393 1011 492 1073 etiam
514 1011 700 1092 petulanter
721 1012 945 1088 incessuntur,
975 1010 1141 1075 interdum
1192 1013 1262 1094 ipse
1290 1033 1356 1075 non
1385 1010 1533 1075 omnibus
1558 1011 1630 1076 dari
1652 1015 1839 1093 pronuntiet
1862 1014 1995 1098 (Matth.
2024 1019 2076 1093 19,
2103 1020 2167 1099 11),

166 1096 265 1159 etiam
293 1095 468 1160 crudeliter
494 1104 677 1161 tractantur
705 1096 745 1161 ab
768 1096 854 1173 aliis,
883 1097 939 1178 qui
961 1097 1014 1179 (ut
1035 1096 1141 1160 estin
1193 1096 1345 1163 fiduciam
1373 1097 1521 1179 specialis
1550 1097 1626 1162 doni
1653 1101 1820 1180 concipere
1849 1109 1998 1164 nostrum
2019 1110 2167 1166 nonest

165 1180 372 1246 Milesiorum
394 1181 580 1264 proverbio)
608 1183 732 1247 nemini
755 1182 841 1264 apud
863 1204 898 1246 se
926 1182 1011 1247 beno
1032 1182 1142 1247 lecum
1194 1181 1261 1263 Qui
1283 1184 1414 1269 habent,
1437 1205 1474 1247 eo
1496 1191 1640 1247 utantur.
1680 1183 1868 1267 Siquando
1891 1208 1925 1250 se
1947 1207 2086 1251 aearue
2108 1207 2169 1251 sua

165 1287 237 1331 esse
260 1266 377 1331 debere
400 1267 544 1332 credunt.
1193 1268 1368 1350 inquietari
1396 1270 1558 1347 sentiunt,
1587 1271 1778 1353 confugiant
1804 1268 1846 1334 ad
1868 1272 1937 1336 eius
1959 1293 2053 1354 opem
2076 1273 2168 1336 cuius

256 1357 304 1417 16.
348 1353 421 1417 Hae
443 1355 563 1418 veteris
593 1362 626 1418 et
647 1353 797 1418 hodierni
818 1353 1033 1419 monachismi
1056 1373 1143 1417 eom-
1194 1355 1263 1419 sola
1285 1357 1406 1419 virtute
1424 1367 1562 1436 possunt
1579 1357 1738 1421 resistere.
1781 1355 1819 1420 si
1836 1378 1902 1420 uon
1921 1359 2103 1438 proficiunt,
2126 1378 2168 1422 ne

165 1440 336 1521 paratione
358 1440 503 1504 effecisse
525 1461 578 1504 me
601 1437 686 1520 quod
705 1439 794 1504 volui
816 1439 958 1516 confide,
982 1448 1022 1502 ut
1043 1460 1142 1521 appa·
1194 1440 1374 1505 remedium
1408 1440 1493 1522 qued
1526 1441 1604 1522 ipsis
1639 1443 1775 1506 effertur
1799 1453 2018 1507 contemnant.
2068 1442 2170 1508 Certa

166 1533 252 1601 reat,
283 1525 460 1590 cucullatos
487 1536 614 1590 nostros
637 1525 678 1589 ad
699 1525 908 1608 professionis
931 1547 1008 1590 suae
1032 1523 1142 1588 defen·
1195 1529 1283 1590 enim
1304 1525 1369 1589 Dei
1394 1548 1470 1591 voce
1492 1527 1635 1590 citantur
1667 1525 1708 1591 ad
1730 1528 1927 1611 coniugium,
1950 1528 2066 1610 quibus
2089 1550 2167 1594 eon-

166 1611 292 1675 sionem
310 1611 435 1693 primae
453 1611 607 1677 ecelesiae
630 1611 817 1694 exemplum
835 1611 915 1675 falso
936 1619 1126 1692 praetexere
1133 1633 1141 1688 ;
1195 1612 1322 1675 tinendi
1345 1613 1481 1676 facultas
1500 1611 1680 1695 denegatur
1698 1618 1729 1695 (1
1756 1612 1829 1678 Cor.
1855 1618 1882 1690 7,
1907 1614 1950 1698 9).
1988 1612 2167 1679 Continen-

165 1695 431 1779 quandoquidem
464 1697 504 1760 ab
538 1696 603 1760 illis
629 1719 696 1760 non
724 1698 832 1760 minus
858 1695 1015 1761 differunt
1043 1716 1143 1778 quam
1195 1699 1275 1762 tiam
1305 1699 1446 1780 appello,
1474 1719 1540 1761 nou
1566 1720 1630 1780 qua
1658 1720 1775 1781 eorpus
1803 1700 1909 1764 solum
1931 1721 1950 1762 a
1972 1701 2170 1765 scortatione

165 1783 280 1847 simiae
307 1784 347 1847 ab
375 1783 571 1848 hominibus.
615 1783 753 1847 iuterim
782 1804 849 1845 neu
877 1781 1061 1859 dissimulo,
1089 1780 1142 1845 vel
1194 1805 1315 1866 purum
1337 1792 1502 1862 servatur,
1530 1784 1587 1848 sed
1608 1807 1673 1865 qua
1695 1807 1788 1850 meus
1809 1785 2015 1867 impollutam
2037 1786 2168 1849 castita·

165 1869 202 1932 iu
213 1868 380 1951 illaquam
390 1869 598 1952 Augustinus
610 1867 934 1950 commendatprisca
950 1870 1055 1932 forma
1073 1873 1161 1932 esse*
1194 1879 1260 1933 tem
1279 1878 1396 1935 servat.
1426 1870 1539 1952 Neque
1557 1872 1644 1934 enim
1662 1879 1832 1934 externam
1848 1880 1978 1935 tantum
1989 1871 2166 1948 lasciviam,

164 1954 315 2019 nonnihil
338 1953 423 2037 quod
447 1955 529 2018 mihi
551 1976 667 2036 parum
690 1955 825 2037 placcat.
866 1954 906 2016 In
930 1954 1075 2018 externis
1098 1954 1141 2015 ri·
1194 1955 1250 2020 scd
1273 1956 1373 2018 animi
1395 1977 1520 2038 queque
1543 1957 1705 2020 ustionem
1726 1958 1835 2023 caveri
1856 1956 1980 2021 Paulus
2001 1957 2167 2038 praecipit

164 2040 300 2124 gidieris
327 2040 517 2122 discipliuae
545 2041 707 2104 exercitiis
730 2061 795 2103 uon
817 2040 917 2104 fuisse
940 2040 1141 2122 superstitio-
1194 2041 1276 2118 Hoc,
1298 2042 1459 2123 inquiunt,
1488 2041 1529 2105 ab
1551 2041 1667 2106 ultima
1687 2043 1846 2107 memoria
1867 2043 1929 2106 fuit
1950 2042 2167 2122 observatum,

163 2148 218 2191 sos
240 2126 393 2202 coucede;
417 2136 451 2189 at
471 2125 679 2191 immodicam
702 2126 942 2190 affectationem
969 2133 1003 2189 et
1023 2128 1142 2204 κακοζη-
1194 2134 1231 2190 ut
1252 2149 1287 2191 se
1309 2127 1483 2210 alligarent
1509 2128 1728 2192 continentiae
1752 2137 1834 2205 veto,
1858 2129 1914 2210 qui
1936 2136 2020 2192 totos
2042 2150 2076 2192 se
2099 2128 2168 2191 Do-

164 2216 233 2274 λίαν
260 2232 328 2275 uon
362 2212 504 2276 abfuisse
539 2211 619 2277 dico.
669 2211 852 2276 Pulchrum
878 2211 954 2287 fuit,
985 2210 1141 2276 abdicatis
1194 2214 1282 2276 mino
1301 2211 1409 2277 dicare
1428 2213 1558 2276 vellent
1595 2214 1716 2278 Fateor
1734 2225 1821 2280 certe
1839 2214 2020 2296 antiquitus
2041 2234 2168 2295 queque

163 2297 378 2362 facultatibus
407 2297 497 2361 omni
530 2305 663 2362 terrena
695 2296 910 2362 solheitudiue
943 2318 1068 2376 carere3
1106 2304 1141 2361 at
1192 2306 1360 2381 receptum
1382 2299 1480 2364 fuisse
1503 2299 1591 2365 hune
1612 2320 1752 2379 morem;
1781 2299 1838 2365 sed
1865 2321 1939 2363 eam
1959 2306 2100 2364 aetatem
2122 2299 2169 2363 sic

162 2384 269 2467 pluris
303 2405 322 2448 a
349 2383 421 2446 Deo
454 2385 491 2447 fit
517 2384 660 2448 familiae
685 2383 738 2466 pie
767 2380 928 2466 regendae
956 2404 1049 2461 cura,
1084 2382 1140 2447 ubi
1172 2384 1234 2449 ‘ab
1260 2385 1349 2448 omni
1375 2385 1455 2450 vitio
1484 2384 1621 2450 liberam
1649 2386 1749 2453 fuisse
1776 2407 1842 2449 non
1869 2385 2023 2462 concedo,
2051 2393 2088 2448 ut
2109 2405 2168 2466 pro

164 2482 297 2534 sanctus
319 2470 561 2551 paterfamilias,
580 2470 668 2533 omni
687 2470 833 2546 avaritia,
858 2468 1034 2532 ambitione
1052 2468 1139 2532 aliis-
1192 2471 1308 2553 regula
1329 2469 1517 2535 habendum
1539 2472 1582 2536 sit
1603 2469 1759 2554 quidquid
1781 2481 1859 2536 tune
1881 2472 2002 2536 factum
2025 2480 2081 2535 est.
2122 2470 2169 2534 Et

164 2578 228 2638 que
250 2555 357 2621 carnis
379 2554 613 2638 cupiditatibus
636 2556 761 2620 solutus
784 2566 817 2618 et
843 2554 933 2632 liber,
958 2555 1019 2619 hoc
1042 2554 1141 2619 habet
1191 2556 1350 2639 paulatim
1377 2556 1511 2639 irrepsit
1532 2557 1742 2622 inexorabilis
1763 2557 1819 2621 illa
1841 2557 2012 2634 severitas,
2036 2567 2074 2620 ut
2095 2564 2168 2638 post

163 2641 226 2707 sibi
248 2642 461 2724 prepositum,
486 2650 523 2706 ut
544 2642 579 2705 iu
606 2651 697 2706 certa
724 2641 891 2706 vocatione
913 2639 986 2703 Deo
1008 2641 1139 2705 serviat.
1191 2651 1385 2723 conceptum
1412 2652 1540 2720 votum,
1570 2643 1681 2707 nullus
1708 2643 1925 2725 poenitentiae
1953 2641 2043 2707 locus
2063 2643 2166 2706 fieret

161 2728 345 2793 Pulchrum
367 2737 418 2792 est
440 2728 475 2791 iu
498 2749 642 2806 secessu,
671 2727 784 2810 procul
813 2725 984 2789 hominum
1006 2747 1141 2791 consue·
1192 2726 1289 2808 Quod
1311 2749 1353 2792 er
1375 2726 1542 2810 Cypriane
1556 2728 1579 2812 ¹)
1609 2736 1750 2794 constat:
1779 2730 1806 2794 si
1830 2751 1864 2793 se
1886 2750 1927 2792 ex
1948 2726 2012 2792 fide
2034 2726 2167 2792 Christo

162 2814 294 2891 tudine,
324 2812 563 2897 philosophari;
592 2822 627 2878 at
653 2813 851 2878 christianae
880 2812 1140 2876 mausuetudinis
1192 2814 1384 2879 dicaverunt
1411 2815 1571 2896 virgines,
1600 2814 1717 2897 pudice
1745 2823 1778 2878 et
1806 2823 1907 2892 caste,
1937 2815 2008 2879 sine
2029 2813 2098 2876 ulla
2119 2813 2167 2876 fa-

162 2913 309 2977 nonest,
333 2900 425 2981 quasi
448 2899 521 2964 odio
544 2900 680 2964 humani
701 2899 840 2982 generis,
864 2899 899 2960 in
919 2896 1085 2962 desertum
1108 2906 1141 2962 et
1191 2899 1282 2976 bula,
1311 2909 1534 2982 perseverent3
1566 2902 1611 2963 ita
1634 2903 1734 2964 fortes
1762 2908 1794 2965 et
1822 2899 1955 2964 stabiles
1983 2899 2168 2982 praemium

163 2983 372 3049 sohtudinem
400 2989 589 3068 confugere,
620 2994 653 3050 et
680 2984 779 3050 simul
800 3006 839 3048 ea
862 2985 969 3048 officia
990 2983 1140 3049 deserere
1191 2986 1391 3069 virginitatis
1410 2994 1612 3069 exspecteut;
1635 2988 1663 3049 si
1685 2995 1795 3051 autem
1814 3005 2023 3067 perseverare
2041 2984 2166 3062 nolunt,

162 3091 244 3152 quae
262 3070 424 3135 Dominus
441 3072 477 3134 iu
494 3072 609 3154 primis
626 3070 802 3136 mandavit.
838 3070 951 3133 Etiam
968 3069 996 3133 si
1015 3067 1139 3144 demus,
1191 3072 1243 3136 vel
1266 3091 1331 3135 uon
1352 3080 1498 3153 possunt,
1520 3071 1637 3137 melius
1656 3080 1706 3138 est
1727 3072 1862 3149 nubant,
1884 3092 1985 3153 quam
2002 3070 2168 3152 inignem

163 3155 246 3218 nihil
268 3155 357 3219 aliud
379 3157 478 3221 fuisse
499 3158 578 3222 mali
607 3159 641 3221 in
664 3179 703 3221 ea
724 3155 939 3239 professione,
968 3156 1030 3221 heo
1052 3164 1140 3221 certe
1192 3157 1315 3222 deliciis
1336 3158 1403 3222 suis
1424 3156 1550 3222 cadant.
1595 3157 1724 3239 Quibus
1746 3155 1872 3241 probris
1895 3178 1962 3221 nen
1985 3155 2177 3221 lacerarent>

163 3261 230 3304 nou
258 3241 434 3307 mediocre.
449 3243 571 3307 malum
599 3245 674 3322 fuit,
703 3242 788 3325 quod
815 3240 1003 3324 exemplum
1022 3241 1140 3307 inutile
1191 3265 1279 3308 nunc
1306 3263 1396 3320 eum,
1431 3245 1488 3325 qui
1520 3246 1738 3310 continentiae
1769 3251 1884 3310 votum
1917 3242 1974 3306 tali
2002 3242 2167 3324 aequitate

163 3337 197 3390 ct
218 3327 435 3409 periculosum
458 3330 492 3392 in
515 3329 684 3395 ecclesiam
705 3328 845 3393 induxit.
1191 3336 1374 3411 temperare
1391 3329 1513 3393 vellet?
1550 3332 1666 3414 Longe
1687 3353 1764 3413 ergo
1787 3331 1827 3394 ab
1845 3328 1902 3392 ille
1925 3335 2053 3394 vetuste
2075 3346 2166 3390 mere

253 3417 300 3477 17.
345 3415 440 3479 Nunc
457 3415 559 3498 igitur
575 3415 746 3480 videamus
764 3413 945 3481 cuiusmodi
968 3413 1034 3477 sint
1051 3422 1137 3492 veta,
1191 3414 1417 3494 discessertmt,
1441 3416 1497 3498 qui
1515 3438 1579 3480 neu
1600 3415 1696 3479 medo
1714 3416 1837 3479 nullam
1858 3414 2037 3478 admittunt
2055 3411 2166 3476 mode—

162 3497 281 3580 quibus
299 3500 334 3561 in
351 3501 555 3581 praeclarum
573 3502 662 3566 hunc
680 3501 829 3566 ordinem
849 3498 946 3563 hodie
963 3499 1139 3563 initiantur
1190 3501 1350 3565 rationem
1370 3511 1427 3565 aut
1445 3502 1583 3580 veniam,
1602 3503 1719 3584 siquis
1742 3499 1938 3583 praestando
1961 3508 2037 3565 voto
2059 3500 2167 3580 impar

162 3584 323 3648 monachi.
363 3586 522 3666 Primum,
546 3589 622 3669 quia
640 3609 763 3651 nevum
781 3593 814 3650 et
830 3586 982 3649 fictitium
1003 3585 1136 3663 cularm,
1191 3586 1467 3669 deprehendatur,
1500 3587 1557 3652 sed
1594 3588 1727 3670 gravius
1756 3608 1889 3670 peccare
1917 3586 2007 3650 nulle
2040 3583 2166 3666 pudore

161 3670 370 3754 promerendi
392 3670 458 3736 Dei
486 3693 597 3751 causa,
630 3674 802 3738 instituere
834 3671 899 3735 illis
921 3671 1049 3735 animus
1078 3680 1136 3748 est,
1189 3673 1420 3754 pronuntiant,
1446 3675 1473 3738 si
1492 3681 1623 3756 accepta
1640 3696 1742 3739 uxore
1767 3673 1875 3738 caruis
1895 3671 2163 3751 intemperantiae

162 3757 398 3823 abominationi
421 3779 491 3822 esse
513 3759 600 3841 apud
623 3759 734 3823 Deum
756 3756 912 3842 quidquid
934 3766 1068 3833 vovent,
1095 3778 1137 3821 ex
1190 3757 1353 3835 medetur,
1382 3780 1480 3841 quam
1510 3762 1538 3825 si
1560 3760 1731 3825 scortando
1753 3779 1869 3840 eorpus
1891 3766 1924 3820 et
1946 3756 2088 3819 animam
2111 3774 2165 3816 co-

160 3841 561 3925 superioribuseeneludo.
598 3845 736 3922 Deinde,
777 3845 833 3908 uia
851 3842 943 3906 nullo
960 3842 1138 3907 vocationis
1188 3845 1336 3912 taminet

161 3928 227 3994 Dei
245 3928 377 4006 iutuitu,
396 3929 549 4012 nullaque
572 3933 641 3996 cius
663 3867 902 4014 apprdbatiene,
926 3927 1061 3993 vivendi
1081 3951 1137 4012 ge·
1279 3935 1326 3994 18.
1370 3931 1498 3995 Verum
1530 3931 1657 3995 instant
1689 3927 1816 4005 adhuc,
1852 3935 1886 3990 et
1919 3925 1979 3990 sub
2012 3923 2166 4004 apostolis

161 4037 226 4079 nus
255 4016 350 4097 quale
377 4014 457 4079 libet
485 4016 545 4080 sihi
572 4018 635 4098 ipsi
663 4017 968 4092 comminiscuntur,
998 4022 1137 4079 temera-
1189 4017 1346 4081 usitatum
1369 4017 1469 4081 fuisse
1490 4016 1555 4080 tale
1574 4024 1686 4080 vetum
1704 4012 1874 4077 ostendere
1893 4019 2064 4105 conantur:
2089 4010 2166 4091 quia

162 4103 249 4165 rium
276 4100 412 4183 ideoque
434 4100 584 4166 illicitum
607 4125 722 4167 ausum
744 4124 814 4167 esse
835 4100 921 4180 dico;
949 4099 1027 4183 quia
1053 4100 1137 4165 nihil
1189 4102 1314 4167 Paulus
1337 4103 1369 4187 (l
1393 4103 1476 4165 Tim.
1502 4106 1530 4179 5,
1556 4101 1610 4185 12)
1631 4099 1756 4177 viduas,
1778 4120 1862 4180 quae
1880 4095 1978 4162 semel
2000 4116 2036 4159 111
2058 4094 2165 4176 puhli-

162 4186 262 4252 hahet
283 4188 429 4269 ipsorum
452 4187 649 4252 conscientia
667 4209 731 4269 quo
749 4208 784 4252 se
805 4186 892 4270 apud
913 4187 1022 4251 Deum
1039 4187 1137 4252 susti-
1189 4210 1265 4253 cum
1285 4187 1506 4252 ministerium
1533 4196 1681 4267 receptae
1701 4185 1878 4261 nuberent,
1904 4182 2044 4264 primam
2065 4179 2165 4244 fidem

162 4282 253 4351 neat,
284 4281 317 4337 et
342 4271 499 4355 quidquid
526 4293 594 4337 non
622 4280 673 4336 est
702 4293 743 4335 ex
768 4272 847 4351 fide,
878 4281 1049 4354 peceatum
1077 4279 1135 4336 est.
1189 4272 1352 4356 abnegare
1371 4272 1467 4336 dicat.
1504 4272 1577 4355 Ego
1599 4293 1677 4336 vero
1695 4271 1760 4335 illis
1777 4270 1911 4334 minime
1933 4287 2025 4349 nego,
2048 4266 2165 4330 viduas

163 4358 354 4436 Praeterea,
382 4380 483 4440 quum
507 4357 548 4422 ad
575 4358 697 4422 multos
718 4357 816 4422 simul
843 4379 1014 4440 perversos
1040 4365 1137 4440 atque
1188 4380 1272 4442 quae
1294 4380 1364 4423 sese
1386 4379 1526 4441 suasque
1547 4358 1700 4423 ecelesiae
1722 4378 1838 4440 operas
1860 4352 2061 4429 addicerent,
2090 4371 2163 4449 per·

162 4445 277 4525 impios
306 4445 428 4522 cultus,
457 4465 537 4526 quos
565 4443 743 4508 hodiernus
770 4442 985 4509 monachatus
1013 4443 1074 4508 sub
1102 4464 1137 4508 se
1188 4446 1279 4527 petui
1307 4444 1484 4510 caehbatus
1513 4444 1619 4528 legem
1647 4443 1745 4510 simul
1767 4440 1961 4523 suscepisse:
1991 4459 2057 4501 nen
2086 4456 2165 4534 qiua

162 4531 322 4609 continet,
352 4552 386 4595 εε
407 4531 494 4613 ipsos
517 4531 718 4613 astringant,
747 4550 801 4593 ees
830 4551 895 4593 neu
925 4530 996 4594 Deo
1024 4549 1136 4593 couse-
1188 4531 1223 4594 in
1245 4552 1283 4595 eo
1305 4531 1496 4615 rehgionem
1518 4530 1661 4612 aliquam
1683 4534 1870 4605 statuerent,
1900 4532 1937 4589 ut
1954 4530 2070 4623 postca
2088 4524 2164 4619 'fieri

161 4616 256 4692 erari,
280 4615 335 4680 sed
355 4615 534 4695 daemonio,
554 4614 724 4684 contende.
762 4613 868 4697 (hrr')
887 4615 974 4678 enim
995 4614 1136 4698 prophe·
1188 4627 1339 4700 coeptum
1366 4626 1431 4694 est;
1460 4616 1517 4681 sed
1544 4617 1711 4698 quoniam,
1742 4614 1805 4680 nisi
1828 4611 1994 4687 suimus,
2024 4618 2058 4673 et
2085 4626 2162 4690 rugo

162 4707 215 4763 tae
242 4700 348 4765 dicere
375 4702 504 4767 houerit
532 4701 645 4787 (Deut.
676 4706 730 4779 32,
762 4700 830 4784 17),
858 4700 1025 4765 Israelitas
1051 4700 1136 4766 filios
1187 4703 1330 4767 maritali
1347 4702 1480 4781 solutae,
1499 4703 1699 4769 functionem
1715 4701 1806 4765 illam
1824 4698 1985 4764 sustinere
2004 4715 2070 4758 nou
2088 4713 2163 4775 pos·

161 4806 237 4849 sues
264 4786 448 4854 immolasse
474 4787 654 4853 daemoniis
682 4795 716 4851 et
742 4807 808 4850 nou
830 4787 917 4863 Deo,
944 4792 1072 4850 tantum
1094 4786 1135 4852 ob
1188 4798 1271 4853 sent.
1317 4786 1414 4868 Quod
1443 4791 1470 4855 si
1497 4788 1574 4853 data
1600 4787 1665 4852 fide
1692 4787 1733 4852 ad
1755 4807 1857 4850 nevas
1880 4783 2013 4865 nuptias
2035 4800 2163 4861 respec-

160 4869 195 4935 id
230 4870 316 4952 quod
349 4896 464 4939 verum
495 4875 561 4939 Dei
592 4874 717 4940 cultum
749 4872 894 4955 profanis
926 4873 1135 4938 eaeremoniis
1187 4881 1314 4953 tarent,
1343 4874 1506 4998 quidhoc
1534 4882 1605 4939 erat
1626 4873 1729 4951 aliud,
1753 4891 1851 4954 quam
1873 4870 1937 4933 Dei
1959 4866 2163 4964 vocationem

160 4968 388 5040 corruperant:
422 4959 510 5025 idem
537 4960 578 5025 de
605 4959 775 5025 monachis
803 4958 910 5023 dicere
937 4976 1005 5021 non
1029 4957 1133 5038 liceat,
1188 4967 1355 5026 excutere.
1396 4961 1473 5026 Non
1489 4962 1591 5044 igitur
1608 4960 1730 5023 mirum
1748 4955 1832 5040 quod
1849 4955 1971 5020 talibus
1993 4950 2164 5018 desideras

229 5232 257 5300 l)
284 5190 349 5287 ttae
366 5248 435 5302 qaae
458 5232 486 5285 T.
504 5232 529 5288 1.
542 5251 575 5303 p.
591 5233 643 5288 449
660 5236 859 5290 adnotaveras.
927 5305 930 5311 Ι
1159 5224 1161 5280 l
1257 5235 1285 5302 1)
1303 5236 1390 5303 Epist.
1410 5234 1450 5286 11.
