4672 5842
196 334 240 397 41
504 426 507 435 Ι
573 331 714 398 LIRL
757 333 822 398 DE
844 331 1133 399 OOGNITIONE
1156 333 1238 398 DEI
1260 331 1533 399 OREA'PORIS.
1579 332 1678 399 CAP.
1701 334 1761 398 IV.
1784 332 1826 398 V.
2166 337 2207 399 42

196 522 255 603 qui
272 525 452 603 appareant.
480 520 545 587 Ubi
563 522 651 586 enim
668 528 846 605 perpetuus
864 519 1066 585 obedientiae
1084 528 1178 585 tenor
1229 520 1307 584 dicit
1333 521 1524 602 eaatipuasse
1551 521 1585 584 im
1613 522 1721 602 aquis,
1752 521 1849 585 reubes
1875 522 1944 585 eius
1972 542 2037 586 esse
2058 522 2208 604 velificata,

196 607 234 672 in
256 617 325 670 tota
346 609 416 672 sita
437 628 508 672 esse
530 607 702 685 debuerat,
730 610 765 672 in
790 608 916 672 cunctis
937 607 1005 670 tere
1026 605 1177 688 operibus
1230 607 1367 685 eqridare
1384 626 1478 687 suaper
1495 607 1566 670 alas
1582 613 1748 684 centorum,
1769 613 1871 671 acutos
1893 612 1920 671 et
1939 608 2078 690 fulgetra
2099 609 2209 676 celeres

197 714 312 760 secure
343 693 392 757 illi
425 692 635 771 rebellantes,
666 693 813 776 pauculis
848 700 977 756 000οι00
1010 693 1177 757 sacrificiis
1230 712 1294 754 esse
1327 692 1394 754 cius
1426 694 1561 756 uuirtios.
1608 691 1653 756 Et
1679 693 1826 772 quereiam
1852 693 1982 772 plenius
2008 715 2135 778 sursum
2162 717 2209 760 re

195 779 328 863 placare
351 801 426 843 eum
449 778 597 858 student3
626 778 681 844 ubi
709 780 924 844 sanctimonia
946 780 1032 842 vitae
1052 790 1086 842 et
1107 800 1177 843 cor·
1228 776 1327 859 fulget
1346 779 1500 857 potentiae
1528 779 1596 842 eius
1625 784 1653 842 et
1674 780 1847 859 sapic-idias
1865 779 1984 860 pluria,
2008 781 2133 860 passim
2159 803 2209 847 00-

196 864 259 930 dis·
276 867 466 949 integritate
493 865 544 928 illi
571 865 779 930 serviendum
802 874 886 941 erat,
915 864 1049 928 frivolas
1071 885 1177 946 nugas
1228 868 1318 927 eatur
1344 863 1459 927 coelum
1486 865 1554 927 eius
1576 865 1744 945 palatium.
1794 865 1845 927 Ae
1872 865 2030 946 primmn,
2063 887 2208 948 quaqua

195 952 504 1028 comminiscuntur,
542 960 575 1015 00
602 951 698 1014 nihili
730 950 1031 1016 observatiuneulas
1061 950 1178 1032 quibus
1229 970 1364 1012 versum
1391 948 1691 1026 oculos‘coniicias,
1720 950 1812 1013 nulla
1840 959 1890 1014 000
1911 951 2026 1014 mundi
2048 953 2208 1032 particula
2279 964 2286 977 '

194 1058 273 1102 eum
295 1037 358 1101 sibi
380 1037 564 1102 concilient
609 1036 680 1100 Ima
701 1038 818 1101 maiore
840 1037 965 1101 lucretia
985 1038 1021 1099 iu
1039 1036 1179 1117 semibus
1230 1034 1266 1098 in
1292 1056 1358 1115 qua
1383 1056 1448 1098 non
1477 1035 1638 1100 scintillae
1666 1036 1783 1099 saltem
1810 1035 1936 1118 aliquae
1965 1036 2088 1119 gloriae
2105 1039 2208 1120 ipsius

193 1124 266 1188 sicis
292 1128 424 1204 torpeat,
457 1124 534 1204 quia
562 1124 716 1203 aufiduut
745 1123 958 1204 expiationum
987 1123 1119 1186 leulicris
1146 1142 1178 1185 se
1231 1121 1369 1183 emicare
1408 1130 1593 1185 cernantur.
1649 1121 1898 1202 Amplissimam
1933 1144 2012 1186 vcro
2050 1122 2136 1188 hanc
2174 1134 2208 1188 et

186 1229 285 1292 posse
305 1230 380 1291 erpa
401 1210 495 1274 illum
516 1209 663 1291 defirrrpi,
684 1208 801 1272 deinde
823 1208 878 1273 ubi
901 1209 936 1271 in
958 1208 1051 1271 illum
1070 1207 1178 1270 defixa
1229 1205 1484 1287 pulcherrimam
1506 1207 1709 1283 machinam,
1733 1228 1832 1289 quarn
1854 1208 1919 1271 late
1941 1216 2047 1290 patet,
2070 1231 2135 1273 uno
2157 1211 2207 1274 in·

193 1317 267 1360 esse
289 1294 410 1360 fiducia
432 1294 602 1371 debuerat,
624 1295 661 1357 in
683 1316 718 1358 se
739 1294 792 1359 vel
815 1294 973 1359 creaturis
995 1293 1175 1370 subsidunt,
1228 1293 1315 1354 tuitu
1338 1291 1479 1355 lustrare
1501 1315 1642 1375 nequeas
1664 1293 1743 1374 quin
1764 1294 1797 1357 vi
1817 1295 1978 1358 immensa
1999 1294 2137 1378 fulgoris
2158 1306 2208 1360 to-

193 1402 229 1447 ea
249 1381 434 1461 posthabiti.
485 1379 632 1444 'landem
666 1401 700 1444 se
735 1388 828 1444 tanta
856 1401 1005 1444 errorum
1027 1380 1177 1461 congerie
1229 1385 1281 1441 tus
1311 1377 1453 1458 undique
1479 1379 1635 1443 obruaris.
1688 1377 1800 1459 Quare
1827 1379 1994 1463 eleganter
2023 1392 2118 1445 autor
2140 1383 2208 1465 epi-

192 1467 382 1550 implicant,
404 1474 441 1530 ut
462 1466 623 1530 scintillas
644 1466 726 1545 illes,
751 1487 833 1547 quae
855 1464 1022 1530 micabant
1043 1464 1085 1528 ad
1106 1485 1176 1529 cer·
1230 1463 1331 1527 stolae
1366 1463 1406 1526 ud
1434 1463 1603 1529 Hebraeos
1633 1463 1759 1546 (11,3)
1794 1466 1924 1529 saecula
1952 1477 2120 1548 nuncupat
2155 1469 2207 1531 in-

192 1552 339 1618 nendam
350 1552 416 1617 Dei
438 1552 584 1635 gloriam,
608 1552 752 1629 suffocet,
775 1574 813 1617 00
835 1551 967 1615 demum
987 1552 1178 1634 exstingunt
1228 1549 1407 1613 visibilium
1428 1571 1539 1613 rerum
1557 1552 1754 1632 spectacula;
1777 1550 1863 1632 qnod
1885 1552 1978 1616 nobis
1996 1553 2066 1616 vice
2084 1554 2208 1635 speculi

191 1639 341 1704 malitiae
374 1638 488 1721 caligo.
543 1638 659 1702 Manet
691 1648 803 1702 tamen
836 1659 948 1702 semen
977 1637 1058 1700 illud
1091 1635 1176 1718 quod
1229 1634 1273 1697 sit
1296 1644 1363 1699 tani
1386 1637 1544 1700 concinna
1566 1637 1683 1700 mundi
1705 1637 1838 1718 positio,
1866 1638 1901 1700 in
1923 1658 1986 1718 qno
2008 1638 2206 1703 invisibilem

191 1725 308 1790 revelli
333 1745 353 1788 a
374 1723 483 1788 radice
505 1723 595 1787 nullo
617 1724 712 1788 modo
729 1730 845 1806 potest,
868 1723 1011 1805 aliquam
1033 1744 1104 1786 esse
1127 1722 1176 1785 di·
1228 1720 1348 1807 alioqui
1370 1722 1480 1785 Deum
1508 1723 1723 1804 contemplari
1749 1724 1846 1787 liccat.
1891 1721 1965 1802 Qua
1984 1724 2110 1788 ratione
2132 1747 2207 1806 pro·

190 1811 383 1887 vinitatem;
412 1809 469 1874 sed
495 1811 602 1892 ipsum
627 1809 707 1874 adeo
728 1819 932 1891 corruptum,
962 1817 998 1872 ut
1024 1829 1091 1872 non
1113 1809 1176 1871 nisi
1229 1806 1330 1887 pheta
1352 1807 1454 1890 (Psal.
1478 1813 1532 1885 la,
1556 1809 1587 1893 l)
1616 1808 1808 1873 coelestibus
1835 1810 1993 1872 creaturis
2015 1808 2136 1874 idioma
2158 1821 2207 1874 at·

190 1896 352 1981 pessimos
382 1916 424 1959 ex
453 1917 488 1960 00
515 1896 641 1960 fruetus
669 1895 834 1979 producat.
881 1894 951 1958 Ima
970 1895 1043 1958 irule
1064 1895 1177 1959 certius
1229 1892 1359 1970 tribuit,
1389 1894 1488 1957 nullis
1510 1893 1695 1959 nationibus
1717 1895 1935 1977 incognitum3
1964 1894 2049 1977 quod
2073 1896 2206 1960 0010100-
2283 1891 2288 1899 ’

191 1982 318 2047 elicitur
343 1982 426 2062 quod
457 2001 540 2045 ausc
572 1982 733 2060 contardo,
767 1981 958 2045 staturaliter
990 1981 1176 2061 iasarlptum
1228 1979 1292 2042 tior
1314 1980 1380 2043 illie
1403 1990 1511 2044 exstat
1530 1979 1713 2044 divinitatis
1735 1980 1917 2044 testificatio
1935 2002 2033 2062 quam
2054 1988 2092 2044 ut
2113 2004 2207 2064 prae-

190 2088 259 2133 esse
285 2068 413 2132 deitatis
439 2088 564 2132 scissum
585 2067 734 2131 lausiacis
755 2067 913 2145 cordibus,
941 2067 1018 2147 quic
1038 2065 1176 2147 reprobis
1229 2065 1328 2129 teriro
1354 2067 1462 2148 gentis
1480 2067 1579 2130 ullius
1596 2066 1650 2147 vel
1668 2066 1895 2130 obtusissimus
1914 2066 2207 2132 considerationem

191 2174 314 2237 quaque
346 2154 426 2235 ipsis
457 2155 527 2217 eius
560 2154 776 2234 amatissimam
815 2157 971 2234 curque
1001 2153 1175 2217 arcessitus.
1229 2150 1352 2215 debeat.
1409 2150 1506 2232 Quod
1534 2152 1653 2217 elarius
1676 2173 1833 2215 enarrans
1856 2152 2022 2233 apostolus
2045 2153 2155 2235 (Rom.
2178 2160 2204 2232 1,

194 2239 303 2305 Rebus
330 2239 513 2329 tranquillis
544 2239 640 2320 facete
668 2239 808 2304 illudunt
822 2224 910 2315 *Dea
938 2240 1001 2302 imo
1028 2238 1070 2302 ad
1097 2243 1176 2302 cate-
1231 2237 1302 2321 lt),
1331 2238 1529 2318 patefactum
1558 2259 1628 2302 esse
1650 2238 1836 2302 bominibus
1865 2238 2051 2320 dicitquod
2074 2238 2206 2303 deDeo

191 2327 359 2391 masadam
376 2327 445 2390 eius
460 2325 634 2406 potentiam
654 2325 774 2389 dicaces
793 2329 865 2389 sunt
887 2345 924 2388 ac
942 2324 1078 2406 periali.
1112 2323 1176 2387 De
1228 2325 1381 2405 cognosci
1403 2344 1520 2406 operae
1541 2324 1683 2406 pretium
1706 2333 1791 2403 crat3
1820 2323 1896 2405 qnia
1923 2323 2100 2388 invisibilia
2126 2325 2205 2403 0100,

190 2413 329 2492 speretis
350 2413 381 2476 si
400 2432 463 2492 qua
485 2430 536 2475 eas
556 2417 657 2492 urpet,
681 2411 723 2475 ad
744 2412 873 2475 eumdem
894 2411 1104 2490 euwaidum
1125 2429 1176 2472 ea·
1228 2409 1269 2473 ad
1293 2420 1462 2473 aeternam
1484 2431 1587 2492 usque
1609 2411 1680 2474 0100
1702 2410 1860 2473 virtutem
1882 2419 1915 2472 et
1937 2407 2157 2488 divinitatem,
2187 2433 2207 2476 0

191 2498 350 2576 stimulat,
382 2498 536 2576 dictatque
556 2498 694 2561 corrasus
710 2517 834 2578 preces,
868 2517 906 2560 er
933 2496 1045 2577 quibus
1066 2500 1176 2576 pateat
1228 2497 1393 2559 creatione
1426 2495 1538 2559 mundi
1565 2496 1740 2574 intellecta,
1774 2516 1887 2560 omnes
1920 2495 1962 2559 ad
1995 2518 2098 2560 unuin
2130 2519 2206 2562 con-

189 2604 251 2648 ium
270 2603 406 2665 morsus
425 2584 554 2665 iprraros
573 2582 674 2662 tuisse
695 2582 773 2661 Dei,
794 2583 849 2647 sed
870 2583 951 2662 quod
971 2583 1064 2645 citius
1083 2601 1176 2645 mier-
1228 2582 1378 2662 spiciunt.

186 2690 262 2754 pere
282 2670 436 2746 debuerat,
457 2669 560 2750 fuisse
575 2669 755 2748 pervicacia
777 2688 988 2750 suppressum.
1314 2676 1342 2730 2.
1387 2668 1564 2732 Mirificam
1598 2669 1668 2731 eius
1700 2668 1894 2750 sapientiam
1921 2688 2004 2748 quae
2032 2675 2205 2746 testentur,

1227 2752 1403 2818 innumera
1429 2764 1510 2819 0000
1537 2762 1608 2817 tum
1637 2754 1672 2816 in
1694 2754 1798 2831 00010,
1826 2761 1898 2816 tum
1925 2754 1960 2816 in
1987 2753 2084 2819 terris
2108 2754 2206 2818 doen·
2316 2771 2319 2779 ·

1227 2848 1353 2903 menta:
1381 2862 1447 2903 non
1474 2839 1531 2902 illa
1557 2837 1652 2903 modo
1674 2838 1904 2917 reconditiora,
1933 2840 2050 2922 quibus
2072 2841 2206 2923 propius

552 2923 705 2992 clPur
726 2925 768 2990 V.
787 2925 812 3010 ¹)
888 2966 893 2975 ·
1226 2924 1437 2990 observandis
1471 2926 1661 3009 astrologia,
1694 2925 1871 3001 medicina,
1906 2933 1939 2989 et
1965 2933 2036 2989 0000
2067 2925 2206 3024 plrysica

188 3069 277 3152 Dei
307 3069 504 3152 notitiam
541 3069 586 3150 10
621 3067 770 3150 mundi
808 3068 968 3151 fabrica
998 3078 1044 3150 00
1074 3097 1172 3152 con·
1225 3010 2205 3180 1111101801111111ιὸ006εὲ011101ῗῆ1οωοἲἓὲ100011οἨ111

290 3190 412 3272 01000
443 3191 534 3272 0100
565 3189 875 3301 gubernatione
905 3189 1060 3270 lucere.
1226 3184 1458 3333 affiaffieffi
1475 3190 1771 3333 00101ωῶ08ᾶῦ131·
1781 3190 1995 3334 1030000800
2040 3182 2205 3334 1110ὠὲἓέ

281 3362 308 3420 l.
353 3356 408 3421 Ad
431 3357 528 3435 haec,
542 3356 572 3441 ⁶²)
595 3356 672 3440 quia
693 3355 831 3420 ultimus
853 3356 967 3420 beatae
989 3354 1076 3420 vitae
1097 3354 1173 3419 finis
1225 3290 1451 3437 degustarunt,
1474 3292 1588 3420 0001101
1607 3291 1751 3419 subsidio
1770 3291 1997 3438 adiulildbgd
2011 3291 2203 3438 0111οθ000-

185 3444 226 3509 in
257 3443 323 3506 Dei
355 3443 538 3525 cognitione
570 3443 697 3525 positus
726 3449 790 3520 est,
825 3463 868 3504 ne
900 3442 952 3505 cui
984 3440 1174 3522 praeclusus
1224 3441 1391 3506 vehuntur
1423 3440 1465 3504 ad
1496 3440 1754 3522 introspicienda
1781 3440 1912 3506 divinae
1940 3440 2119 3522 sapientiae
2150 3462 2203 3505 ar·

184 3534 280 3595 esset
313 3525 355 3591 ad
387 3526 573 3592 felicitatem
606 3527 731 3606 aditus,
765 3548 832 3591 non
865 3526 972 3592 solum
1001 3526 1173 3590 hominum
1225 3547 1321 3605 cana;
1353 3547 1449 3591 nemo
1477 3538 1588 3591 tamen
1616 3547 1730 3590 earum
1757 3526 1888 3592 inscitia
1914 3525 2092 3609 impeditur
2124 3549 2203 3610 qno·

185 3611 360 3679 mentibus
389 3610 508 3676 indidit
532 3613 613 3678 illud
640 3613 727 3698 quod
754 3613 898 3678 diximus
925 3612 1092 3695 religionis
1121 3633 1172 3677 00-
1223 3612 1334 3676 minus
1355 3613 1484 3677 artificii
1507 3613 1585 3677 satis
1607 3634 1771 3695 superque
1792 3612 1962 3695 pervideat
1983 3613 2017 3676 in
2039 3613 2103 3678 Dei
2126 3635 2203 3696 ope-

187 3721 285 3777 men,
309 3697 367 3763 sed
388 3696 437 3760 ita
457 3719 492 3762 se
512 3701 663 3780 patefecit
683 3701 718 3764 in
742 3706 809 3764 toto
830 3698 946 3762 mundi
968 3699 1109 3780 opificia,
1135 3720 1172 3763 ac
1224 3699 1329 3775 ribus,
1369 3697 1456 3762 unde
1488 3699 1524 3762 in
1557 3700 1683 3781 opificis
1716 3697 1967 3763 admirationem
2000 3707 2201 3782 prorumpat.

189 3808 226 3853 se
248 3783 394 3868 quotidie
416 3783 527 3865 palam
548 3784 650 3863 offert,
673 3794 711 3851 00
732 3786 858 3870 aperire
880 3784 992 3863 oculos
1007 3792 1173 3865 nequeant
1223 3784 1350 3866 Nempe
1371 3783 1414 3848 ad
1435 3783 1663 3867 disquirendos
1681 3795 1844 3848 astrorum
1865 3794 1982 3861 motus,
2007 3785 2204 3850 distribuen-

190 3872 271 3955 quin
293 3871 440 3953 aspicere
464 3890 541 3933 eum
561 3878 727 3953 cogantur.
771 3871 926 3936 Essentia
947 3869 1078 3952 quidem
1101 3871 1171 3936 eius
1225 3870 1284 3934 das
1307 3869 1414 3949 sedes,
1442 3870 1609 3935 metienda
1630 3870 1820 3947 intervalla,
1847 3871 2064 3954 proprietates
2086 3879 2206 3936 notan-

190 3955 535 4040 inoomprehensibilis
568 3963 630 4035 est,
664 3965 702 4021 ut
724 3978 840 4023 sensus
867 3977 981 4021 omnes
1011 3955 1171 4022 humanos
1224 3955 1298 4035 das,
1333 3965 1403 4020 arte
1432 3978 1469 4022 00
1497 3958 1661 4021 exactiore
1687 3954 1849 4020 industria
1875 3977 1957 4038 opus
1986 3965 2055 4036 cst3
2088 3958 2224 4040 quibus.

191 4043 303 4126 procul
326 4043 465 4127 effugiat
483 4043 554 4106 eius
572 4062 709 4122 numen3
730 4065 846 4108 verum
864 4041 1001 4125 singulis
1020 4043 1171 4124 operibns
1222 4042 1416 4126 perspectis,
1449 4051 1488 4105 ut
1515 4043 1581 4106 Dei
1609 4042 1816 4126 providentia
1843 4042 2036 4124 explicatius
2069 4065 2104 4108 se
2130 4065 2205 4126 pro-

192 4131 261 4194 0010
281 4137 388 4194 certas
409 4128 534 4212 gloriae
556 4148 635 4192 suae
654 4134 748 4192 notas
768 4128 955 4211 insculpsit,
985 4127 1172 4210 etquidem
1222 4129 1300 4207 fert,
1333 4128 1381 4191 ita
1408 4128 1444 4191 in
1473 4128 1545 4192 eius
1578 4128 1717 4211 gloriam
1747 4126 2022 4210 conspiciendam,
2057 4130 2205 4194 animum

194 4214 273 4280 adeo
296 4215 401 4280 claras
423 4222 456 4279 et
477 4214 625 4297 insignes
646 4221 684 4277 00
703 4213 830 4278 sublata
851 4215 894 4279 010
914 4213 1094 4297 quamlibet
1115 4237 1171 4277 ru-
1222 4234 1282 4296 par
1310 4223 1360 4277 est
1389 4213 1555 4296 aliquanto
1585 4213 1756 4279 sublimius
1784 4234 1964 4297 assurgere.
2011 4213 2079 4280 Sed
2101 4236 2204 4297 quum

194 4299 288 4366 dibus
310 4307 344 4365 et
365 4298 505 4383 stupidis
526 4300 732 4383 ignorantiae
754 4300 928 4365 excusatio.
961 4299 1037 4365 Ideo
1057 4301 1171 4383 optimo
1222 4321 1265 4364 ne
1289 4298 1406 4383 plebeii
1439 4297 1571 4381 quidem
1603 4309 1637 4364 et
1665 4296 1840 4378 rudissimi,
1864 4300 1920 4381 001
1940 4300 2007 4365 0010
2034 4299 2204 4365 oculorum

194 4386 264 4452 iure
279 4386 432 4468 propbeta
453 4385 556 4470 (Psal.
583 4389 651 4464 104,
671 4384 707 4468 2)
729 4384 893 4464 mclamat,
923 4386 988 4450 luce
1008 4387 1102 4467 quasi
1123 4408 1171 4451 ce·
1223 4385 1421 4450 adminiculo
1448 4385 1601 4449 instructi
1628 4392 1716 4463 sunt,
1745 4386 1900 4469 ignorare
1923 4393 2044 4468 queant
2072 4384 2202 4450 divinae

194 4474 334 4537 stimmtc
359 4473 467 4555 ipsum
493 4492 559 4537 csse
579 4473 746 4549 amictum
772 4491 809 4534 ac
830 4470 860 4535 si
881 4471 1007 4551 diceret,
1039 4473 1171 4554 coepisse
1223 4473 1304 4536 artis
1326 4471 1570 4548 excellentiam,
1593 4472 1680 4536 ultro
1703 4494 1738 4537 se
1759 4473 1795 4535 in
1816 4472 1880 4535 ista
1901 4470 2144 4547 innumerabili,
2170 4480 2203 4536 et

194 4563 264 4628 tuac
290 4557 413 4623 danum
438 4557 557 4623 visibili
586 4562 699 4622 omiatu
727 4556 881 4639 eruimus
896 4557 1025 4637 prodire
1051 4578 1090 4622 ea
1110 4579 1171 4639 000
1223 4567 1336 4623 tamen
1367 4554 1447 4621 adeo
1476 4556 1631 4623 distincta
1660 4566 1693 4622 et
1715 4557 1871 4640 disposita
1892 4556 2040 4621 coelestis
2064 4556 2203 4621 militiae

194 4645 227 4709 iu
247 4645 361 4710 muudi
382 4645 533 4709 acutione
553 4663 614 4709 sua
635 4643 778 4727 insigma
790 4640 934 4723 protulit,
956 4641 1070 4723 quibus
1089 4664 1172 4711 uuae
1222 4644 1382 4709 varietate
1403 4652 1617 4721 exserentem,
1640 4651 1768 4707 constat
1788 4643 1953 4706 neminem
1971 4662 2042 4706 0000
2064 4642 2117 4707 001
2133 4663 2203 4707 000

193 4732 311 4815 audies
344 4730 447 4797 000100
477 4729 537 4794 luc
565 4729 614 4794 vel
645 4730 720 4794 illuc
745 4727 1011 4808 circumferimus,
1044 4729 1172 4794 deamat
1222 4728 1352 4794 abunde
1370 4729 1564 4811 sapientiam
1582 4750 1677 4794 suam
1694 4728 1860 4809 Dominus
1877 4729 2060 4814 patefaciat.
2104 4726 2204 4794 simi-

188 4820 330 4899 apparet.
375 4815 503 4881 Ibidem
525 4816 619 4881 etiarn
646 4816 719 4882 scite
741 4816 824 4880 idern
843 4811 997 4897 maphate
1023 4814 1117 4879 coelos
1137 4819 1172 4878 ut
1221 4815 1297 4880 liter
1310 4816 1345 4879 in
1357 4815 1651 4898 humanicorporis
1668 4821 1834 4879 structura
1844 4815 2092 4893 connexionem,
2112 4837 2202 4898 sym-

194 4903 325 4989 wpaaei
343 4909 418 4969 aaut
437 4902 522 4986 repis
543 4901 632 4967 illius
655 4902 784 4967 tentorio
805 4905 982 4982 comparat,
1008 4900 1171 4965 euacua
1221 4903 1382 4978 metricam,
1405 4899 1692 4985 pulchritudinem,
1711 4921 1817 4978 usum,
1840 4922 1879 4965 ea
1896 4923 1996 4984 quam
2014 4901 2163 4967 Galenus
2176 4901 2202 4986 ¹)

1222 4987 1356 5052 adhibet
1388 4987 1521 5052 solertia
1553 4985 1772 5069 pensiculare,
1803 4987 1916 5051 eximii
1949 5000 1999 5053 eet
2031 4987 2200 5052 acuminis.

259 5190 292 5262 1)
311 5192 413 5261 Gruter
429 5192 559 5249 matous
572 5191 763 5262 00000000ηο0
781 5191 847 5263 (lap.
866 5194 892 5250 1.
910 5194 932 5262 §-
952 5190 1064 5246 11-18.
1139 5191 1170 5261 2)

192 5260 309 5319 lutam
321 5264 409 5332 paula
425 5268 566 5318 mmmm
688 5266 691 5277 '
1290 5261 1322 5330 1)
1340 5262 1431 5315 Libris
1448 5262 1483 5314 de
1501 5279 1551 5314 usu
1568 5263 1695 5331 partium.
