4672 5842
106 305 168 367 sca
406 300 495 366 111.
518 301 563 366 1.
608 302 671 367 111
694 298 981 367 1111111111
1002 299 1450 369 11111111111111.
1496 252 1811 371 enarravi.
2031 309 2111 374 ,111

104 492 229 568 1111111,
257 488 368 554 minus
397 510 646 573 agnosceremus
674 510 773 572 quam
802 490 912 553 miseri
939 511 1083 556 essemus
1135 492 1228 557 nobis
1250 492 1328 556 mali
1351 500 1401 556 est
1423 490 1545 572 abolet,
1572 497 1612 555 ut
1635 491 1714 556 iusti
1734 493 1768 555 in
1792 494 1861 557 eius
1883 501 2056 578 conspectu
2078 502 2112 561 et

35 588 41 595 “
106 578 178 642 1111
211 577 275 640 Dei
308 576 543 653 misericordia,
583 583 616 640 et
653 576 846 640 beneficium
881 575 1083 641 liberationis
1135 579 1241 643 sancti
1262 598 1492 660 appareamus,
1523 577 1580 661 qui
1606 584 1703 641 antea
1727 578 1889 642 immundi
1915 602 2045 645 eramus
2073 603 2110 648 ac

105 663 242 726 minoris
265 663 519 726 aestimaremus.
563 662 718 743 Exempli
740 662 859 744 gratia,
890 661 1003 726 audiat
1024 662 1083 725 ali-
1135 664 1263 745 impuri.
1308 662 1452 728 Proinde
1481 680 1540 727 sua
1567 660 1739 728 dilectione
1760 666 1929 745 praevenit
1956 687 1993 730 ac
2017 676 2110 732 ante-

106 749 193 831 quis:
216 749 244 812 si
261 755 304 824 te,
323 768 387 828 quo
406 755 551 830 tempore
569 745 676 811 adhue
693 754 842 829 peccator
860 767 940 823 eras,
963 746 1084 812 odisset
1135 750 1235 815 vertit
1257 749 1349 813 Deus
1376 755 1470 830 pater
1490 757 1638 812 nostram
1663 749 1698 813 in
1721 748 1853 814 Christo
1875 752 2110 818 reconciliatio·

104 836 198 900 Deus
219 842 253 897 et
272 841 304 896 te
323 832 500 911 abiecisset,
523 841 561 898 ut
578 854 650 897 eras
669 833 815 911 meritus,
838 833 994 898 horribile
1014 833 1083 897 exi-
1134 856 1220 898 nem.
1254 834 1326 898 Imo
1348 835 1425 917 quia
1445 834 1537 915 prius
1559 833 1673 917 diligit,
1697 843 1811 916 postea
1831 857 1892 900 uos
1914 838 1976 901 sibi
1996 858 2109 903 recon-

107 922 191 984 tium
212 927 245 983 te
267 919 421 984 manebat
428 943 435 998 ;
464 919 520 983 sed
548 920 626 1002 quia
651 926 766 1001 sponte
794 939 831 983 ac
858 921 1003 1001 gratuita
1024 940 1084 983 sua
1135 920 1231 985 ciliat
1277 917 1344 984 Sed
1363 921 1439 1003 quia
1460 920 1496 982 in
1515 920 1621 996 nobis,
1645 919 1747 984 donec
1769 943 1829 985 sua
1849 930 1954 987 morte
1976 943 2110 989 succur-

107 1003 310 1088 indulgentia
337 1012 370 1069 te
391 1005 426 1068 in
448 1006 555 1088 gratia
576 1005 725 1082 retinuit,
753 1025 814 1068 nec
841 1004 978 1068 alienari
1007 1025 1083 1069 ase
1134 1007 1179 1070 rit
1190 1004 1353 1084 Christus,
1371 1014 1484 1069 manet
1500 1005 1657 1088 iniquitas
1675 1026 1758 1088 quae
1771 1006 1834 1070 Dei
1851 1006 2109 1091 indignationem
2178 1062 2181 1069 .

106 1113 222 1174 passus
254 1100 318 1169 est,
353 1111 391 1155 eo
419 1091 562 1172 periculo
594 1092 640 1155 sic
667 1100 701 1153 te
728 1090 891 1154 liberavit:
924 1090 1083 1154 afficietur
1134 1099 1287 1170 meretur,
1310 1098 1343 1155 et
1365 1098 1415 1155 est
1432 1111 1541 1155 coram
1559 1111 1596 1154 eo
1614 1089 1788 1156 maledicta
1806 1092 2019 1174 aodamnata,
2042 1116 2110 1160 non

107 1177 239 1260 quidem
267 1183 301 1240 11
322 1175 440 1240 sentiet
468 1177 577 1258 aliqua
603 1198 644 1241 ex
671 1183 763 1258 parto
786 1183 945 1258 quantum
967 1175 1083 1241 debeat
1135 1185 1212 1242 ante
1233 1178 1365 1261 plenam
1386 1176 1544 1241 habemus
1561 1177 1753 1258 firmamque
1775 1199 1850 1242 cum
1868 1179 1940 1242 Deo
1958 1181 2109 1245 coniunc-

106 1260 348 1327 misericordiae
385 1263 458 1326 Doi.
518 1262 647 1326 Verum
683 1260 796 1326 audiat
833 1283 964 1325 1111111
997 1261 1083 1343 quod
1135 1265 1265 1340 tionem,
1289 1284 1387 1345 quam
1409 1262 1464 1326 ubi
1487 1260 1639 1327 Christus
1661 1283 1721 1326 nos
1744 1263 1919 1346 coniungit,
1953 1264 2111 1348 Adeoque

107 1350 269 1430 scriptura
291 1346 396 1426 docet,
419 1370 453 1412 se
475 1347 653 1412 alienatum
675 1347 774 1412 fuisse
795 1369 814 1412 a
835 1347 907 1412 Deo
928 1368 1082 1429 1111111-
1135 1349 1164 1414 si
1185 1350 1295 1413 Deum
1322 1347 1414 1413 nohis
1436 1356 1589 1430 pacatum
1612 1368 1649 1411 ao
1670 1348 1846 1429 propitium
1866 1350 2018 1414 volumus
2039 1351 2109 1435 pol-

108 1445 227 1507 catum,
250 1432 425 1498 haeredem
446 1435 528 1512 irae,
551 1435 666 1498 mortis
690 1441 840 1498 aeternae
863 1431 1083 1497 maledictioni
1134 1435 1233 1513 liceri,
1255 1434 1291 1498 in
1308 1433 1478 1500 Christum
1501 1433 1606 1498 solum
1629 1432 1738 1498 oculos
1759 1441 1949 1516 mentesque
1969 1435 2110 1520 defigere

106 1520 297 1597 obnoxium,
333 1519 503 1583 exclusum
532 1521 572 1584 ab
601 1520 689 1583 omni
721 1540 776 1601 spe
809 1518 938 1597 salutis,
973 1525 1082 1583 extra·
1135 1521 1300 1598 convenit;
1329 1526 1368 1583 ut
1394 1540 1509 1584 revera
1536 1540 1595 1601 per
1621 1519 1730 1600 ipsum
1752 1519 1858 1582 solum
1881 1524 2111 1603 consequimur

105 1627 205 1670 neum
224 1603 266 1669 ab
283 1605 373 1669 omni
390 1605 613 1670 benedictione
625 1606 699 1682 Dei,
724 1614 857 1669 satanae
874 1605 1082 1687 mancipium,
1133 1627 1176 1670 ne
1192 1607 1397 1687 imputentur
1415 1604 1507 1669 nobis
1523 1611 1665 1687 peccata,
1688 1625 1826 1686 quorum
1844 1606 2014 1688 imputatio
2026 1609 2109 1677 iram

105 1692 165 1757 sub
193 1691 318 1774 peccati
340 1692 415 1773 iugo
437 1693 616 1773 captivum,
647 1690 795 1754 horribili
822 1688 962 1771 denique
984 1690 1083 1754 exitio
1135 1691 1200 1755 Dei
1222 1712 1333 1756 secum
1354 1691 1466 1754 trahit.
1757 1720 1765 1743 ι

105 1777 305 1842 destinatum
327 1784 360 1840 et
381 1778 447 1840 iam
468 1777 675 1859 implicitum:
700 1776 754 1840 hic
777 1775 947 1840 Christum
970 1772 1084 1857 depre-
1222 1784 1251 1840 4.
1296 1779 1405 1858 Atque
1438 1776 1500 1841 hac
1534 1776 1660 1840 ratione
1696 1775 1774 1840 dicit
1802 1776 1927 1840 Paulus
1955 1777 2054 1861 (Eph.
2082 1783 2109 1858 l,

105 1874 250 1928 catorem
282 1863 519 1941 intercessisse,
553 1884 691 1943 poenam
724 1863 759 1926 11
793 1883 827 1925 11
855 1861 1014 1943 recepisse
1047 1882 1085 1925 ac
1137 1863 1279 1947 4)„eam
1302 1861 1522 1940 dilectionem,
1551 1882 1617 1943 qua
1644 1881 1705 1925 nos
1734 1866 1810 1925 ante
1837 1861 1953 1925 mundi
1974 1863 2110 1928 creatio-

106 1949 215 2026 luisse,
239 1968 321 2031 quae
344 1970 386 2012 cx
408 1949 492 2012 iusto
510 1949 574 2013 Dei
597 1947 714 2012 iudicio
735 1947 959 2031 peccatoribus
981 1948 1084 2011 omni·
1136 1970 1214 2013 nem
1235 1947 1422 2030 complexus
1445 1956 1495 2011 est
1515 1947 1622 2025 Deus,
1652 1947 1688 2009 in
1702 1945 1844 2010 Christo
1867 1948 2050 2013 constitisse
2073 1971 2111 2015 ae

107 2036 167 2099 bus
189 2034 394 2112 imminebat;
416 2034 517 2111 mala,
541 2055 622 2115 quae
643 2034 716 2097 Deo
739 2054 855 2097 exosos
875 2032 948 2097 illos
969 2032 1084 2097 redde-
1136 2034 1236 2098 firisse
1244 2033 1267 2117 ¹)
1282 2033 1460 2098 hmdatam.
1489 2033 1582 2097 Haeo
1600 2032 1770 2114 perspicua
1787 2040 1864 2096 sunt
1881 2042 1914 2096 et
1931 2035 2111 2116 scripturae

107 2121 201 2197 bant,
230 2119 392 2201 sanguine
421 2142 479 2184 suo
502 2122 665 2201 expiasse;
693 2119 754 2183 hoc
781 2118 910 2201 piaculo
938 2119 1084 2183 satisfac-
1137 2127 1373 2197 consentanea,
1399 2119 1549 2200 locosque
1582 2118 1655 2182 illos
1683 2118 1803 2199 optime
1830 2119 1919 2182 inter
1947 2141 1981 2184 se
2004 2121 2111 2185 conci·

107 2213 179 2270 tum
202 2228 239 2271 ac
260 2205 322 2268 1111
340 2204 472 2269 litatum
484 2206 555 2269 Deo
577 2207 662 2288 patri
685 2225 770 2283 esse;
793 2205 854 2269 hoc
871 2204 1085 2269 intercessore
1136 2206 1228 2283 liant,
1251 2204 1450 2269 ubidicitur
1478 2203 1607 2287 (Ioann.
1633 2208 1660 2281 3,
1688 2204 1754 2285 16),
1784 2203 1895 2267 Deum
1917 2226 2011 2269 suam
2033 2226 2112 2289 erga

107 2293 191 2355 iram
222 2292 292 2355 eius
319 2291 418 2355 fuisse
445 2291 623 2372 placatam3
653 2291 714 2354 hoc
740 2289 951 2354 fundamento
972 2284 1085 2372 pacem
1137 2312 1197 2355 nos
1226 2289 1431 2354 dilectionem
1459 2289 1492 2353 in
1520 2310 1557 2353 eo
1582 2288 1763 2353 declarasse
1789 2288 1875 2371 quod
1903 2291 2110 2374 unigenitum

107 2377 174 2441 Dei
196 2399 270 2442 cum
292 2375 479 2441 hominibus
501 2398 571 2441 esse
590 2376 762 2441 subnixam
768 2399 776 2454 ;
799 2375 860 2440 hoc
877 2375 1008 2440 vinculo
1031 2375 1085 2439 be-
1136 2376 1243 2440 filium
1259 2377 1294 2439 in
1311 2383 1450 2440 mortem
1468 2374 1594 2439 dederit
1601 2398 1609 2454 ;
1632 2382 1665 2439 11
1681 2383 1793 2438 tamen
1814 2375 1913 2439 fuisse
1931 2377 2111 2455 inimicum,

109 2463 328 2527 nevolentiam
355 2462 443 2527 illius
471 2483 551 2546 erga
577 2463 664 2543 ipsos
690 2462 863 2526 contineri:
894 2461 950 2539 ¹his
976 2482 1085 2525 nonne
1137 2470 1312 2544 antequam
1340 2468 1444 2525 morte
1473 2460 1597 2525 Christi
1625 2461 1661 2523 in
1688 2460 1829 2542 gratiam
1851 2461 2004 2527 reductus
2027 2468 2113 2527 esset

109 2569 147 2613 eo
175 2549 279 2631 magis
308 2548 564 2629 permovebitur,
598 2569 661 2630 quo
689 2548 805 2612 melius
833 2545 1010 2611 advirum
1033 2568 1085 2610 re-
1138 2546 1388 2630 (11111110).
1433 2547 1559 2611 Verum
1590 2567 1654 2629 quo
1682 2546 1827 2609 firmiora
1855 2547 1922 2610 sint
1949 2547 2035 2630 apud
2057 2569 2112 2612 eos

108 2642 338 2717 praesentatur
377 2644 500 2716 quanta
532 2656 550 2698 e
582 2633 767 2699 calamitate
800 2640 930 2714 ereptus
962 2631 1082 2696 fuerit?
1137 2634 1193 2716 qui
1216 2633 1336 2699 veteris
1364 2632 1519 2698 eeclesiae
1545 2631 1769 2696 testimonium
1796 2633 1977 2712 requirunt,
2006 2634 2111 2698 citabo

108 2720 150 2785 In
172 2741 308 2795 summa,
332 2720 484 2802 quoniam
507 2741 574 2783 non
594 2726 702 2803 potest
718 2719 847 2783 animus
861 2717 1087 2783 nostervitam
1137 2719 1246 2784 locum
1272 2719 1505 2802 Augustini,²)
1531 2716 1587 2781 uhi
1607 2716 1642 2780 id
1662 2717 1772 2800 ipsum
1795 2715 1937 2781 docetur.
1981 2718 2111 2783 Incom-

109 2808 144 2870 in
170 2807 235 2870 Dei
261 2805 483 2870 misericordia
511 2806 564 2871 vel
593 2807 671 2870 satis
698 2804 813 2887 cupide
841 2802 1086 2887 apprehendere
1137 2804 1381 2888 prehensibilis,
1404 2804 1527 2887 inquit,
1556 2825 1593 2867 ae
1614 2801 1828 2867 immutabilis
1857 2808 1906 2867 est
1927 2803 1990 2867 Dei
2013 2802 2111 2870 dilee-

109 2892 163 2958 vel
190 2913 255 2975 qua
281 2890 372 2956 decet
394 2891 595 2975 gratitudine
624 2892 787 2974 excipere,
821 2890 885 2955 nisi
913 2888 1086 2953 formidine
1138 2891 1197 2955 tio:
1221 2911 1289 2954 non
1310 2890 1399 2953 enim
1420 2911 1462 2954 ex
1480 2909 1544 2971 quo
1562 2888 1593 2953 ei
1609 2887 1808 2952 reconciliati
1825 2909 1938 2953 sumus
1960 2910 2018 2970 per
2036 2911 2111 2954 san-

109 2979 179 3042 irae
199 2977 264 3042 Dei
291 2986 324 3042 et
351 2985 503 3042 aeternae
525 2977 640 3041 mortis
662 2977 798 3041 horrore
821 2983 897 3039 ante
919 2975 1086 3057 perculsus
1139 2977 1271 3060 guinem
1288 2975 1348 3040 filii
1368 2977 1447 3054 eius,
1467 2976 1572 3057 coepit
1589 2996 1647 3038 nos
1667 2972 1809 3056 diligere,
1834 2971 1891 3037 sed
1908 2981 1984 3037 ante
1998 2974 2112 3038 mundi

110 3073 144 3127 et
165 3069 404 3143 consternatus,
434 3064 480 3129 sic
506 3064 711 3127 instituimur
738 3084 831 3127 sacra
858 3061 1019 3139 doctrina,
1049 3067 1088 3125 ut
1139 3062 1406 3127 constitutionem
1435 3060 1549 3125 dilexit
1576 3082 1653 3137 nos,
1688 3066 1725 3122 ut
1753 3078 1827 3122 oum
1853 3059 1922 3123 eius
1945 3061 2113 3143 unigenito

109 3150 178 3214 sine
212 3148 345 3214 Christo
378 3150 487 3214 Deum
519 3149 613 3213 nobis
654 3146 892 3231 quodammodo
930 3146 1087 3210 infestum
1132 3149 1238 3212 'etiam
1260 3167 1320 3210 nos
1342 3147 1402 3212 filii
1424 3147 1494 3211 eius
1516 3167 1675 3221 essemus,
1704 3151 1879 3227 antequam
1900 3145 2033 3208 omnino
2054 3144 2113 3209 ali-

109 3257 289 3312 carnamus,
312 3237 431 3300 eteius
449 3257 584 3299 manum
602 3235 639 3297 in
659 3235 796 3298 exitium
809 3239 957 3297 nostrum
979 3253 1087 3296 arma-
1139 3232 1217 3315 quid
1245 3253 1398 3298 essemus.
1444 3230 1541 3312 Quod
1569 3252 1647 3314 ergo
1677 3229 1875 3294 reconciliati
1908 3251 2021 3295 sumus
2055 3250 2114 3313 per

108 3328 192 3398 tam,
234 3319 494 3384 benevolentiam
533 3321 602 3384 eius
641 3327 876 3402 paternamque
916 3317 1087 3382 caritatem
1138 3326 1292 3382 mortem
1307 3317 1448 3396 Christi,
1478 3338 1546 3381 uon
1573 3318 1619 3382 sic
1648 3316 1827 3398 accipiatur
1844 3317 1938 3397 quasi
1959 3314 2032 3380 ideo
2054 3337 2113 3380 nos

108 3428 178 3471 non
197 3405 260 3468 nisi
283 3407 318 3468 in
337 3404 469 3470 Christo
493 3405 726 3487 amplexemur.
1139 3403 1398 3469 reconciliaverit
1416 3404 1444 3467 ei
1462 3403 1559 3482 filius,
1583 3409 1621 3466 ut
1640 3402 1708 3465 iam
1727 3422 1837 3465 amare
1854 3401 2013 3483 inciperet
2032 3422 2113 3484 quos

198 3493 230 3570 3.⁴
271 3491 380 3571 Atque
401 3490 464 3555 hoc
491 3491 622 3555 tametsi
648 3512 707 3572 pro
735 3497 848 3572 captus
870 3488 972 3553 nostri
993 3489 1085 3552 infir-
1139 3490 1268 3569 oderat,
1301 3489 1359 3553 sed
1385 3490 1453 3553 iam
1483 3508 1545 3552 nos
1573 3487 1723 3570 diligenti
1757 3486 1956 3551 reconciliati
1990 3508 2113 3566 sumus,

107 3577 226 3640 mitate
254 3574 387 3651 dicitur,
416 3597 482 3639 non
513 3584 624 3640 tamen
646 3576 736 3641 falso.
781 3576 872 3640 Deus
896 3575 1000 3653 enim,
1031 3575 1086 3656 qui
1139 3597 1214 3640 cum
1236 3596 1299 3657 quo
1325 3583 1458 3658 propter
1490 3581 1660 3656 peccatum
1687 3573 1874 3637 inimicitias
1903 3572 2113 3638 habebamus.

109 3683 241 3727 summa
272 3660 397 3724 iustitia
423 3672 487 3739 est,
524 3662 744 3744 iniquitatem,
774 3682 873 3744 quam
908 3662 942 3723 in
981 3661 1086 3723 omui-
1140 3660 1237 3741 Quod
1270 3669 1385 3724 utrum
1423 3681 1539 3725 verum
1573 3658 1693 3737 dicam,
1734 3665 1908 3723 attestetur
1939 3658 2111 3740 apostolus.

109 3749 170 3813 bus
198 3747 291 3825 nobis
322 3745 493 3828 conspicit,
532 3768 642 3812 amare
670 3769 736 3811 non
757 3755 872 3830 potest.
916 3744 1087 3811 Habemus
1139 3742 1371 3824 Commendat,
1399 3746 1507 3828 inquit
1530 3744 1640 3831 (Rom.
1663 3749 1690 3820 5,
1711 3744 1761 3828 8),
1788 3744 1993 3807 dilectionem
2020 3764 2114 3807 suam

110 3854 188 3917 ergo
217 3853 329 3897 omnes
356 3833 392 3895 11
420 3832 527 3910 nobis,
560 3832 646 3914 quod
672 3834 738 3898 Dei
766 3833 840 3897 odio
869 3831 1005 3915 dignum
1034 3833 1085 3897 sit.
1140 3853 1219 3916 erga
1240 3853 1309 3910 nos,
1327 3832 1490 3914 quoniam,
1514 3852 1614 3914 quum
1632 3829 1739 3895 adhue
1756 3837 1941 3911 peccatores
1959 3848 2114 3906 essemus,

109 3917 253 3983 Proinde
286 3917 466 3982 secundum
496 3927 666 4001 corruptae
697 3927 828 3984 nostrae
860 3926 1014 3998 naturae,
1054 3926 1088 3982 et
1140 3917 1293 3983 Christus
1320 3938 1379 4000 pro
1407 3917 1501 3982 nobis
1536 3923 1685 3980 mortuus
1713 3923 1771 3980 est.
1822 3913 1977 3977 Habebat
2004 3913 2115 3996 itaque

110 4004 227 4070 deinde
250 4004 433 4070 accedentis
455 4025 576 4085 pravae
598 4004 685 4068 vitae
712 4009 894 4087 ratpodum,
921 4005 956 4067 iu
984 4004 1087 4067 offen·
1139 4003 1196 4068 ille
1216 4024 1296 4086 erga
1313 4024 1372 4068 nos
1393 4004 1571 4081 caritatem,
1602 4003 1701 4065 etiam
1724 4020 1825 4083 quum
1846 3999 2033 4065 iuimicitias
2057 3999 2114 4064 ad-

112 4092 200 4155 sione
227 4091 293 4154 Dei
320 4111 436 4156 revera
464 4110 577 4154 sumus
605 4110 717 4154 omnes
749 4091 785 4154 in
818 4091 887 4155 eius
914 4095 1088 4171 conspectu
1139 4111 1256 4155 versus
1302 4110 1378 4154 eum
1423 4095 1612 4153 exercentes
1650 4106 1859 4167 operaremur
1898 4085 2113 4168 iniquitatem.

111 4177 167 4255 roi,
191 4185 225 4240 et
244 4175 285 4240 ad
303 4176 474 4260 gehennae
492 4173 735 4240 damnationem
754 4176 830 4240 nati.
866 4175 993 4239 Verum
1011 4174 1088 4257 quia
1138 4173 1282 4240 Proinde
1299 4175 1384 4237 miro
1407 4186 1439 4239 et
1458 4173 1568 4239 divino
1585 4170 1691 4249 mode,
1715 4178 1748 4235 et
1769 4169 1897 4252 quaudo
1915 4192 1975 4236 nos
1993 4170 2114 4251 ederat,

111 4263 273 4327 Dominus
295 4261 381 4344 quod
401 4283 499 4327 suum
521 4267 572 4324 est
591 4261 627 4324 in
649 4262 740 4327 nobis
761 4260 898 4343 perdere
919 4281 985 4325 non
1006 4259 1086 4339 vult,
1140 4260 1304 4345 diligebat.
1350 4257 1474 4324 Oderat
1501 4260 1589 4323 enim
1610 4278 1685 4334 nos,
1715 4255 1827 4338 quales
1849 4257 1919 4339 ipse
1941 4277 2007 4320 non
2029 4257 2114 4321 feee-

111 4347 218 4412 111111
251 4347 375 4430 aliquid
407 4347 550 4425 invonit,
585 4345 671 4429 quod
702 4366 761 4428 pro
794 4368 854 4411 sua
885 4346 1087 4430 benignitate
1139 4354 1204 4411 rat:
1235 4354 1268 4411 et
1294 4346 1371 4428 quia
1398 4345 1554 4426 iniquitas
1581 4349 1694 4407 nostra
1721 4362 1802 4424 opus
1830 4343 1901 4405 eius
1928 4362 1996 4405 non
2025 4341 2115 4404 omni

112 4440 207 4497 amet.
252 4433 426 4516 Utcunque
462 4432 549 4498 enim
578 4438 762 4516 peccatores
788 4432 868 4498 vitio
899 4439 1011 4497 nostro
1044 4432 1086 4495 si·
1139 4439 1296 4515 exparte
1318 4438 1573 4513 consumpserat,
1596 4426 1851 4492 noveratsimul
1869 4428 1904 4489 11
1921 4447 2115 4508 unoquoque

111 4541 193 4596 mus,
217 4539 388 4584 manemus
405 4527 516 4583 tamen
529 4519 600 4583 eius
613 4525 796 4596 ereaturae;
818 4528 983 4601 utcunque
1000 4537 1087 4581 mor-
1138 4525 1289 4582 nostrum
1311 4521 1344 4581 et
1366 4515 1471 4581 odisse
1493 4514 1580 4597 quod
1607 4515 1803 4589 feceramus,
1835 4521 1868 4576 et
1898 4531 2008 4575 amare
2026 4509 2114 4594 quod

111 4612 179 4669 tem
210 4605 304 4670 nobis
337 4606 561 4684 asciverimus,
595 4605 666 4689 ipse
692 4613 802 4667 tamen
830 4624 890 4666 nos
916 4602 958 4667 ad
985 4603 1088 4667 vitam
1138 4603 1268 4669 lecerat.
1312 4603 1406 4666 Haec
1426 4612 1504 4666 1111
1524 4599 1703 4684 Augustini
1725 4598 1833 4664 verba

111 4689 308 4757 condiderat.
354 4689 411 4756 Sic
437 4712 529 4756 mera
556 4700 591 4755 et
614 4689 759 4774 gratuita
787 4689 892 4753 nostri
914 4687 1087 4752 dilectione
1226 4693 1254 4751 5.
1299 4687 1373 4752 Iam
1392 4687 1447 4751 ubi
1474 4688 1637 4767 quaeritur
1664 4684 1812 4766 quomodo
1840 4680 1964 4746 abolitis
1977 4682 2114 4763 peccatis

112 4778 274 4841 excitatur
301 4775 342 4841 ad
363 4798 423 4842 uos
443 4777 480 4841 in
501 4776 643 4860 gratiam
661 4772 871 4858 recipiendos.
913 4773 1030 4855 Atqui,
1058 4773 1087 4839 si
1136 4774 1309 4839 dissidium
1339 4772 1486 4838 Christus
1512 4774 1593 4836 ‘iuter
1619 4791 1676 4835 aas
1703 4775 1732 4836 et
1759 4769 1864 4834 Deam
1885 4767 2058 4846 1111111111,
2087 4773 2114 4832 et

110 4874 305 4945 perpetuum
327 4870 361 4927 11
379 4860 649 4929 irreconciliabile
670 4858 840 4927 dissidium
864 4866 914 4923 est
928 4859 1015 4922 inter
1034 4857 1085 4922 iu·
1138 4861 1295 4925 iustitiam
1318 4859 1498 4940 acquisierit
1525 4877 1602 4938 quoe
1628 4877 1699 4921 eam
1730 4854 1818 4919 actis
1837 4854 1990 4936 sauciatas
2012 4874 2048 4918 cc
2067 4853 2114 4918 be

112 4948 234 5013 stitiam
256 4956 290 5013 et
304 4949 521 5034 111111111111,
542 4946 698 5031 quamdiu
708 4955 894 5031 peccatores
903 4964 1084 5024 manemus,
1136 4945 1279 5011 accolam
1312 4944 1462 5027 redderet,
1493 4942 1679 5027 9111111111
1705 4941 1883 5022 asumma?
1911 4944 2021 5023 potest,
2055 4944 2113 5006 1111

112 5035 278 5118 suscipere
305 5054 365 5099 nos
390 5040 476 5100 totos
501 5054 568 5100 non
594 5041 709 5118 potest.
753 5035 871 5118 Itaque
898 5040 935 5095 ut
956 5029 1085 5094 sublata

111 5121 218 5185 omnis
241 5113 415 5197 simultatis
434 5120 653 5185 materiense
674 5120 736 5186 sibi
744 5140 881 5205 prorsus
890 5116 1083 5197 reconciliet,

111 5204 340 5289 proposite'iu
364 5212 469 5272 morte
491 5204 616 5271 Christi
638 5206 836 5288 expiatione,
865 5202 1022 5288 quidquid
1048 5203 1083 5266 in
1207 5219 1236 5289 1)
1260 5237 1290 5273 1ο
1313 5218 1395 5271 fuisse
1413 5233 1463 5270 om.
1483 5214 1558 5269 1161.
1628 5213 1765 5282 111111.
1785 5217 1811 5268 in
1830 5215 1991 5268 1111111.
2011 5214 2068 5279 110,
2088 5211 2112 5266 6.

219 5294 434 5379 cesama
474 5305 593 5364 11111.
893 5291 896 5297 “
1372 5300 1379 5311 ‘
1874 5298 1910 5353 24
