4672 5842
163 302 246 363 1115
809 291 1076 358 INSTITUTIO
1097 292 1203 356 REI..
1224 289 1407 357 CHRIS'I'.
1431 294 1524 355 1559.
2093 295 2167 357 1116

160 508 244 562 6551,
267 492 324 548 551
344 483 413 547 dies
434 484 505 546 eius
527 484 656 546 venerit
672 491 712 547 ut
727 483 895 557 moriatur,
914 496 972 546 aut
993 482 1028 544 in
1047 502 1140 562 proe-
1165 480 1168 497 '
1192 482 1411 564 cogitantium
1433 494 1467 545 61
1489 479 1578 545 aliud
1600 479 1806 544 molientium
1825 479 1998 544 hominum
2020 500 2059 543 eo
2077 477 2167 544 desti·

160 573 241 636 lium
274 567 492 634 descenderit:
528 568 614 632 absit
641 588 661 631 a
688 588 740 631 me
774 582 812 631 ut
843 567 975 630 mittam
1004 588 1138 631 manum
1193 580 1257 630 nat
1297 564 1354 633 Sic
1375 565 1534 649 populum
1557 565 1661 630 Israel
1679 587 1697 629 6
1716 565 1890 648 tyrannide
1911 565 2099 631 Pharaonis
2115 586 2168 648 ρ61

158 677 267 721 516515
287 656 323 719 15
344 655 506 720 christum
526 651 673 717 Domini.
1191 652 1324 732 116665,
1351 675 1371 717 6
1392 652 1548 716 violentia
1571 650 1718 716 Ohusam
1738 652 1825 735 regis
1846 650 1965 736 Syriae
1987 673 2048 735 per
2069 648 2168 717 0156-

246 744 294 804 29.
333 740 435 804 Hunc
452 740 657 804 reverentiae
675 747 772 820 atquo
790 737 870 801 adeo
889 739 1021 820 pietatis
1039 738 1137 803 affec·
1192 739 1273 819 niel;
1300 758 1344 803 ex
1365 738 1437 803 aliis
1466 739 1609 803 servitiis
1636 759 1696 819 per
1717 737 1798 801 alios
1820 736 1872 801 vel
1895 759 1991 821 reges
2014 736 2167 801 16115111-

159 838 231 892 tum
253 825 408 890 debemus
426 823 467 888 ad
486 838 671 890 extremum
693 824 866 906 praefectis
889 826 1009 889 nostris
1032 825 1138 887 omni·
1191 845 1244 889 ces
1265 822 1300 888 in
1322 823 1508 889 5561151615
1531 825 1678 888 56661511
1724 821 1780 887 Sic
1802 822 1884 907 Tyri
1904 822 2095 915 snperbiam
2113 844 2168 905 per

158 914 229 989 556,
253 912 365 994 555166
383 911 517 977 tandem
537 931 665 993 cunque
687 910 763 974 sint.
798 907 896 989 Quod
915 911 1044 992 saepius
1066 909 1138 973 ideo
1191 911 1389 994 Aegyptios,
1424 910 1470 975 sic
1492 910 1732 992 Aegyptiorum
1754 909 1965 973 insolentiam
1987 930 2048 991 per
2069 910 2168 994 Assy-

159 1010 280 1081 repeto,
299 1008 338 1060 ut
355 996 517 1062 discimus
535 1018 600 1061 non
621 996 770 1060 homines
788 997 876 1078 ipsos
898 1009 1061 1071 excutere,
1080 995 1138 1059 sed
1191 997 1273 1073 rios,
1295 997 1507 1079 Assyriorum
1528 996 1682 1059 ferociam
1704 1015 1764 1076 per
1786 993 1983 1071 Chaldaeos,
2006 994 2167 1059 confiden-

159 1084 240 1150 satis
263 1084 456 1160 habeamus,
479 1082 564 1165 quod
587 1103 675 1158 eam,
699 1081 867 1145 voluntate
890 1083 1039 1159 Domini,
1063 1104 1137 1163 per-
1191 1082 1272 1145 tiam
1294 1080 1475 1166 Babylonis
1497 1102 1556 1164 per
1577 1080 1693 1145 Medos
1714 1096 1747 1144 61
1768 1081 1888 1146 Ρ6ι656
1907 1080 2052 1157 domuit,
2075 1101 2167 1162 56651

2148 204 2152 217 -
2201 70 2210 305 1

2205 308 2210 447 1

159 1191 275 1236 665515
303 1169 487 1233 sustineant
513 1168 564 1231 cui
593 1167 816 1232 inviolabilem
848 1169 1053 1232 maiestatem
1075 1168 1137 1230 iru-
1190 1168 1257 1232 ιῗαιιι
1290 1167 1401 1232 Medos
1434 1164 1537 1249 Gyras
1565 1165 1768 1249 avbieposset.
1812 1167 1944 1249 Regum
1976 1188 2057 1231 vero
2089 1156 2174 1233 Iudi·
2208 1236 2210 1241 ,

159 1256 280 1339 ρ166611
301 1256 370 1337 1ρ66
393 1262 426 1317 61
447 1253 629 1334 insculpsit
668 1254 716 1317 At
737 1266 878 1330 mutuas,
900 1254 1038 1335 inquies,
1061 1252 1137 1317 655
1191 1264 1225 1317 61
1252 1252 1355 1318 161561
1383 1251 1655 1336 ingratitudinem
1681 1263 1714 1316 et
1741 1272 1820 1335 erga
1847 1261 1897 1315 tot
1923 1272 1986 1315 sua
2014 1252 2167 1318 beneficia
2206 1250 2210 1269 ⁴

160 1342 239 1406 ditis
261 1341 329 1405 suis
351 1340 438 1403 vices
460 1338 581 1404 debent
609 1339 772 1422 praefecti.
817 1336 858 1402 Id
878 1339 944 1402 iam
972 1340 1138 1405 confessus
1190 1340 1325 1421 impiam
1353 1339 1592 1403 contumaciam
1620 1360 1708 1403 5556
1728 1359 1789 1436 per
1806 1338 1980 1422 Assyrios,
2003 1356 2092 1403 nuno
2110 1360 2167 1421 ρει

161 1449 244 1493 6551.
289 1427 415 1489 Verum
437 1425 465 1489 61
488 1446 529 1488 ex
551 1424 742 1501 costumis,
771 1445 839 1489 non
861 1425 925 1488 nisi
952 1426 1048 1489 iustis
1076 1425 1138 1488 im-
1191 1425 1393 1509 Babylonios
1416 1423 1565 1490 contudit
1592 1434 1627 1487 et
1647 1423 1780 1501 afflixrt,
1809 1444 1999 1506 quanquam
2023 1445 2089 1488 nou
2113 1445 2165 1489 ea-

160 1514 260 1597 periis
282 1509 489 1593 rependenda
511 1510 675 1592 obsequia,
699 1510 842 1575 insulsus
860 1532 895 1574 cs
917 1511 1137 1576 ratiocinator.
1191 1508 1267 1574 dem
1295 1511 1405 1574 omnia
1436 1511 1572 1575 ratione.
1616 1508 1749 1575 Priores
1780 1510 1869 1573 enim
1894 1509 1942 1572 illi
1969 1508 2099 1590 quaudo
2126 1509 2168 1577 ad

160 1599 248 1663 Nam
269 1605 302 1661 et
321 1597 383 1660 viri
405 1595 926 1678 5161155661115611655165166
949 1597 1072 1661 mutuis
1090 1595 1139 1660 of·
1191 1595 1318 1661 edenda
1339 1596 1416 1659 talia
1437 1595 1582 1661 facinora
1612 1594 1761 1678 legitima
1781 1594 1844 1658 Dei
1868 1595 2039 1663 vocatione
2060 1615 2163 1660 accer-

160 1685 242 1749 ficiis
264 1683 501 1831 astriupppmtur.
542 1679 723 1746 Discedunt
745 1681 786 1745 ab
808 1682 913 1746 officio
931 1692 1085 1764 parentes
1104 1692 1139 1746 et
1191 1683 1246 1746 siti
1267 1696 1372 1758 erant,
1394 1683 1430 1745 iu
1452 1703 1547 1765 reges
1564 1702 1658 1745 orato
1674 1680 1823 1747 6515611616
1845 1681 1982 1745 51151156
2001 1680 2166 1746 violabant
2207 1700 2210 1715 ·

160 1769 285 1847 mariti;
313 1768 361 1831 illi
404 1767 506 1845 56116,
529 1787 612 1850 5566
633 1766 849 1849 prohibentur
870 1767 913 1831 ad
935 1766 1139 1833 iracundiam
1191 1789 1280 1846 earn,
1314 1788 1397 1850 quae
1429 1767 1542 1833 ‹fivina
1572 1766 1778 1833 ordinatione
1810 1767 1942 1849 regibus
1976 1764 2084 1831 indita
2110 1782 2166 1843 661,

160 1875 339 1939 provocare
376 1853 463 1936 Epir.
485 1856 520 1930 6,
540 1854 593 1937 4),
615 1851 663 1918 sie
684 1874 720 1916 se
742 1851 841 1918 duros
863 1865 897 1918 et
918 1852 1139 1919 intractabiles
1190 1855 1412 1933 maiestatem
1434 1853 1492 1919 sed
1513 1875 1529 1918 e
1550 1852 1628 1917 coelo
1649 1853 1948 1917 5566151555
1975 1864 2167 1934 potestaten

159 1941 346 2024 praebeant
367 1952 406 2004 ut
428 1961 488 2004 sua
510 1960 565 2003 666
584 1937 773 2003 morositate
801 1938 889 2002 ultra
911 1938 1043 2003 modum
1064 1939 1139 2003 fati-
1190 1941 1313 2004 maiore
1339 1939 1547 2015 coercebant,
1576 1937 1711 2021 perinde
1731 1959 1769 2002 ac
1791 1939 1826 2002 15
1847 1960 1923 2003 6566
1946 1948 2098 2020 satrapas
2118 1960 2167 2003 re·

70 2050 74 2057 ·
159 2039 253 2110 gent;
275 2026 405 2091 516556
423 2045 552 2103 uxores,
570 2045 654 2107 quas
664 2021 812 2107 diligere,
835 2038 869 2089 et
891 2023 1019 2107 quibus,
1042 2046 1100 2090 seu
1114 2024 1140 2111 ¹)
1192 2026 1288 2109 gibus
1309 2023 1569 2091 animadvertere
1594 2022 1678 2088 11661.
1736 2024 1783 2088 Hi
1811 2024 1945 2089 tametsi
1970 2022 2036 2088 Dei
2057 2046 2167 2099 manu,

160 2111 302 2177 vasculis
334 2109 513 2193 fragilibus,
540 2131 673 2193 parcere
706 2110 860 2175 iubentur
893 2110 995 2192 (Eph.
1021 2117 1055 2188 5,
1082 2113 1138 2191 25;
1191 2132 1254 2194 556
1283 2110 1332 2175 1111
1365 2112 1473 2176 visum
1502 2120 1588 2187 erat,
1622 2108 1885 2186 destinabantur,
1920 2130 2068 2192 opusque
2099 2112 2169 2176 eius

162 2203 176 2261 1
197 2198 288 2262 Ρ611.
309 2201 337 2271 3,
358 2199 402 2279 7),
425 2195 752 2261 contumeliosissime
774 2197 945 2278 accipiant,
966 2216 1009 2261 an
1027 2197 1138 2261 minus
1191 2198 1365 2262 inscientes
1382 2195 1589 2280 peragebant,
1608 2195 1691 2260 nihil
1711 2206 1822 2260 tamen
1840 2194 1933 2261 aliud
1947 2195 2168 2281 animoquam

159 2298 271 2348 tamen
298 2297 332 2347 et
360 2282 551 2364 parentibus
578 2280 673 2345 liberi
701 2291 736 2346 61
763 2281 955 2366 coniugibus
983 2282 1139 2348 mulieres
1191 2282 1296 2349 soclus
1319 2283 1520 2348 volutabant

159 2370 376 2450 obsequentes
393 2367 510 2432 currit?
542 2369 588 2432 At
609 2367 767 2449 improbis
785 2389 912 2450 quoque
929 2378 963 2432 et
979 2368 1138 2433 inofficio·
1277 2373 1326 2432 31.
1372 2369 1500 2433 Verum
1522 2380 1685 2450 51655556
1706 2370 1778 2450 1ρ65
1799 2366 1972 2431 hominum
1989 2366 2078 2433 facta
2094 2388 2168 2432 eeu·

160 2455 206 2518 sis
228 2454 452 2519 subiiciuntur.
497 2450 601 2534 Quin,
624 2474 725 2536 quum
752 2453 903 2518 omnibus
926 2452 1015 2519 istud
1037 2476 1138 2537 agen·
1190 2467 1339 2533 scantur,
1367 2453 1530 2519 Dominus
1559 2464 1670 2518 tamen
1691 2476 1750 2536 per
1772 2474 1930 2517 casuum
1955 2474 2060 2535 aeque
2087 2475 2169 2536 opus

160 2540 240 2604 dum
261 2540 304 2604 sit
324 2539 442 2621 potius,
464 2560 506 2602 ne
528 2539 563 2602 in
584 2540 761 2603 manticam
783 2559 804 2603 a
824 2550 918 2622 tergo
939 2537 1139 2622 pendentem
1190 2542 1438 2623 exsequebatur,
1462 2562 1562 2622 quum
1584 2539 1795 2623 sanguinaria
1817 2560 1933 2621 regum
1956 2538 2167 2604 insolentium

160 2633 353 2707 respectent,
378 2625 439 2690 hoc
459 2638 517 2700 est,
543 2624 716 2688 56511115
737 2624 877 2689 51161515
899 2626 1068 2708 inquirant
1090 2627 1138 2690 of·
1190 2635 1318 2708 sceptra
1347 2627 1582 2724 confringeret,
1612 2648 1649 2690 ac
1676 2623 1900 2689 intolerandas
1929 2623 2164 2689 dominationes

160 2713 248 2789 ficia,
275 2710 333 2775 sed
361 2710 446 2792 quod
468 2712 519 2775 651
542 2720 593 2775 661
615 2710 773 2787 15556116,
801 2709 835 2775 id
858 2711 918 2776 sibi
938 2733 1042 2776 unum
1068 2713 1136 2777 sin·
1189 2726 1358 2777 everteret
1404 2709 1551 2777 Audraut
1570 2712 1744 2795 principes,
1767 2722 1801 2776 et
1822 2722 2014 2775 terreantur.
2058 2708 2160 2774 Nobis

206 2797 230 2860 li
252 2797 440 2863 subiiciunt:
470 2795 502 2860 id
524 2817 601 2860 vero
622 2797 710 2860 inter
731 2816 786 2861 eos
807 2798 1000 2879 praesertim
1028 2797 1138 2862 valere
1189 2810 1301 2862 autem
1323 2798 1457 2862 interim
1479 2818 1685 2878 summopere
1707 2794 1900 2869 cavendum,
1923 2794 2074 2860 ncillam
2094 2795 2165 2877 ple·

161 2819 257 2948 551561
277 2884 333 2965 551
355 2881 416 2947 655
438 2882 579 2946 51161551
595 2894 673 2946 6551
694 2890 857 2965 potestate
878 2883 984 2964 positi
1026 2881 1137 2963 Quare
1190 2905 1268 2949 uam
1291 2880 1497 2948 venerandae
1524 2883 1704 2947 maiestatis
1805 2882 1981 2946 'stratuum
2007 2881 2167 2946 autorita-

161 2970 190 3034 si
222 2990 242 3033 a
275 2990 371 3033 saevo
403 2968 548 3051 principe
586 2967 763 3033 crudeliter
802 2982 1009 3051 torquemur,
1039 2970 1067 3033 si
1096 2970 1136 3034 ab
1190 2978 1267 3048 tem,
1290 2991 1388 3052 quam
1410 2970 1502 3033 Dens
1529 2968 1732 3053 gravissimis
1796 2967 1870 3033 'ctis
1889 2968 2017 3045 sanxit,
2039 2967 2166 3033 etiamsi

160 3075 259 3118 avaro
288 3064 346 3118 aut
371 3053 539 3119 luxurioso
567 3054 728 3136 rapaciter
754 3054 952 3136 expilamur,
975 3056 1003 3118 si
1025 3053 1066 3119 ab
1087 3056 1137 3139 ig·
1189 3054 1277 3138 apud
1295 3053 1537 3138 indignissimos
1555 3054 1703 3127 resideat,
1722 3066 1755 3119 et
1771 3055 1827 3136 qui
1845 3074 1919 3118 earn
1936 3074 1997 3118 sua
2014 3052 2164 3136 nequitia,

160 3160 247 3205 navo
275 3140 488 3223 negligimur,
517 3140 544 3206 si
567 3139 607 3204 ab
630 3139 730 3222 impio
758 3137 897 3222 denique
924 3153 959 3206 61
980 3140 1137 3225 sacrilego
1189 3142 1406 3222 quantumin
1427 3164 1462 3206 66
1479 3154 1548 3220 661,
1573 3139 1738 3224 polluunt,
1767 3160 1961 3224 spernamus
1989 3154 2048 3202 aut-
2067 3140 2164 3203 viole·

160 3246 321 3291 vexamur
351 3226 392 3290 ob
420 3227 588 3307 pietatem,
624 3225 739 3290 subeat
772 3226 914 3307 primurn
944 3225 1139 3291 delictorum
1191 3249 1274 3292 mus.
1318 3227 1432 3309 Neque
1460 3227 1561 3305 enim,
1583 3227 1614 3292 si
1635 3227 1715 3290 ultio
1739 3226 1875 3290 Domini
1895 3236 1947 3291 est
1970 3225 2164 3291 6111565556

160 3324 346 3376 5661161515
374 3309 569 3390 recordatio,
591 3331 674 3392 quae
695 3311 815 3376 talibus
837 3311 926 3377 haud
949 3312 1047 3376 dubie
1069 3313 1138 3377 Do·
1192 3312 1423 3378 dominationis
1450 3313 1625 3389 correctio,
1654 3311 1727 3376 ideo
1754 3312 1906 3394 protinus
1934 3309 2164 3377 demandatam

160 3398 241 3461 mini
263 3397 402 3480 flagellis
424 3397 636 3479 castigantur.
681 3396 761 3461 15116
782 3397 949 3462 5615111166
976 3399 1139 3479 impetien-
1190 3399 1282 3464 nobis
1310 3398 1520 3463 arbitremur:
1556 3397 1673 3481 quibus
1705 3397 1833 3463 nullum
1866 3395 1957 3461 aliud
1984 3418 2088 3479 quam
2111 3420 2164 3480 pa·

159 3484 238 3546 tiara
267 3488 405 3546 uestram
435 3482 599 3563 froertobit
643 3480 822 3548 Succurrat
856 3482 974 3548 deinde
1001 3485 1138 3549 615566
1190 3483 1286 3550 rendi
1307 3494 1341 3548 et
1362 3482 1507 3569 patiendi
1535 3483 1649 3549 datum
1667 3498 1717 3547 est
1738 3480 1940 3547 mandatum.
1985 3481 2041 3547 De
2060 3485 2164 3567 priva·

160 3569 328 3650 cogitatio,
357 3588 422 3631 non
449 3580 599 3632 nostrum
621 3589 708 3645 esse,
737 3567 924 3634 huiusmodi
951 3570 1048 3635 malis
1069 3592 1138 3634 me·
1190 3571 1233 3634 tis
1255 3570 1441 3635 hominibus
1463 3592 1592 3653 semper
1607 3570 1729 3651 loquor.
1760 3568 1846 3634 Nam
1864 3570 1892 3631 si
1910 3570 1968 3651 qui
1988 3590 2079 3633 nunc
2101 3570 2166 3633 sint

161 3653 245 3731 deri;
274 3654 336 3718 hoc
359 3662 488 3716 tanturn
515 3674 585 3718 6666
613 3654 791 3736 161155515,
821 3670 859 3718 51
880 3656 1016 3720 Domini
1042 3677 1139 3739 opem
1189 3656 1362 3739 populares
1389 3658 1603 3740 magistratus
1625 3655 1666 3720 ad
1688 3653 1924 3719 moderandam
1954 3676 2074 3738 regum
2096 3656 2165 3719 libi·

160 3739 382 3824 imploremus,
401 3740 496 3805 cuius
511 3739 547 3803 in
564 3761 665 3805 mauu
683 3752 762 3803 sunt
777 3760 814 3803 re
860 3763 894 3804 m
911 3742 1010 3807 corda
1023 3742 1137 3827 (Prov.
1191 3742 1301 3806 dinem
1321 3744 1491 3808 constituti
1520 3741 1647 3824 (quales
1669 3742 1747 3806 olim
1769 3749 1863 3804 eraut
1885 3741 1942 3823 551
1965 3740 2164 3805 lacedaemo-

160 3830 212 3903 21,
235 3826 277 3907 1),
297 3838 330 3890 61
350 3846 527 3908 regnorum
548 3824 786 3890 inclinationes.
852 3827 883 3891 le
904 3828 997 3894 Deus
1014 3830 1139 3910 estqui
1190 3829 1253 3893 uiis
1274 3829 1406 3912 regibus
1427 3829 1565 3910 oppositi
1586 3844 1680 3892 eraut
1698 3827 1822 3909 ephori,
1845 3840 1903 3890 aut
1924 3828 2073 3891 romanis
2093 3849 2165 3892 665-

160 3913 261 3976 stabit
282 3912 318 3974 in
340 3932 510 3996 synagoga
540 3910 691 3990 deorum,
714 3921 749 3975 61
769 3913 805 3976 15
826 3913 933 3977 medio
956 3914 1033 3979 deos
1055 3913 1138 3979 (1115-
1190 3913 1315 3980 sulibus
1339 3915 1460 3980 tribuni
1477 3913 1589 3996 plebis,
1609 3928 1667 3978 551
1689 3912 1944 3977 Atheniensium
1965 3914 2096 3977 senatui
2113 3911 2164 3976 de·

161 3996 281 4061 dicabit
301 3996 402 4078 (Psal.
422 4001 473 4071 82,
496 3999 528 4079 1)
535 4021 544 4076 ;
566 3999 801 4063 56515615616
823 3998 993 4065 concident·
1011 4014 1044 4063 61
1061 4022 1138 4065 con·
1190 4000 1332 4079 murcbi;
1359 4014 1393 4065 ct
1415 4022 1479 4082 qua
1506 4001 1606 4063 etiam
1635 4000 1717 4063 sorte
1746 4008 1921 4080 potestate,
1945 4011 1983 4062 51
2005 4020 2093 4062 nunc
2116 4020 2166 4063 res

160 4092 308 4146 teruntur
335 4104 429 4166 reges
451 4104 580 4160 omnes,
610 4096 643 4148 et
664 4082 787 4149 iudices
815 4097 921 4150 terrae
953 4086 1139 4168 quicunque
1162 4108 1166 4163 ι
1191 4086 1327 4159 555651,
1354 4086 1536 4169 fungrmtur
1562 4086 1597 4149 in
1624 4085 1763 4169 singulis
1792 4085 1904 4166 reguis
1932 4098 2000 4149 tres
2027 4083 2166 4161 onlines,

160 4190 226 4232 nou
244 4168 381 4233 osculati
400 4170 524 4233 fuerint
540 4167 713 4234 Christum
730 4171 800 4234 eius
818 4171 921 4256 (Psal.
943 4175 972 4243 2,
994 4174 1062 4254 12);
1081 4172 1138 4253 qui
1162 4170 1166 4259 1
1190 4194 1291 4255 55551
1312 4172 1486 4253 primarios
1509 4184 1689 4236 conventus
1709 4171 1903 4254 peragunt),
1927 4169 2009 4235 adeo
2026 4170 2095 4233 illos
2117 4170 2165 4232 fe·

160 4255 351 4336 scripserint
378 4254 468 4337 leges
496 4255 640 4336 iniquas,
661 4262 699 4319 ut
719 4255 942 4337 opprimerent
962 4259 998 4322 in
1019 4257 1138 4323 iudicio
1162 4262 1166 4305 ¹
1190 4257 1325 4323 rocienti
1351 4279 1468 4340 regum
1490 4257 1640 4322 licentiae
1664 4279 1720 4338 pro
1742 4257 1847 4322 officio
1875 4255 2074 4321 intercedere
2098 4278 2165 4319 non

160 4361 336 4423 pauperes,
360 4354 393 4403 et
416 4341 483 4404 vim
504 4341 650 4405 facerent
671 4361 787 4406 causae
811 4343 1000 4421 humilium;
1030 4345 1138 4408 5111-
1189 4358 1279 4422 veto,
1301 4358 1338 4408 51
1359 4344 1389 4407 61
1407 4342 1540 4428 regibus
1567 4344 1764 4427 impotenter
1792 4343 2016 4425 grassantibus
2041 4358 2073 4405 et
2103 4342 2164 4404 hu-

162 4425 243 4490 duas
276 4426 434 4490 haberent
467 4428 501 4489 iu
534 4426 688 4508 praedam
723 4440 756 4491 et
786 4428 927 4511 pupillos
960 4429 1138 4513 diriperent
1189 4429 1260 4494 mili
1276 4430 1463 4513 plebeculae
1483 4428 1717 4494 insultantibus
1738 4429 1945 4505 conniveant,
1968 4448 2080 4492 eorum
2097 4426 2165 4491 dis·

160 4512 237 4595 (les.
262 4517 309 4588 10,
336 4515 377 4593 l).
1190 4516 1435 4581 simulationem
1463 4515 1588 4580 nefaria
1609 4514 1747 4598 perfidia
1768 4535 1834 4579 uon
1856 4534 1969 4578 carcre
1990 4514 2163 4577 affirmem:

247 4601 296 4662 30.
342 4599 451 4679 Atque
473 4597 527 4661 hic
546 4597 706 4663 mirabilis
727 4599 797 4664 eius
815 4613 888 4664 tum
910 4599 1047 4677 bonitas,
1067 4614 1137 4665 turn
1189 4603 1267 4684 quia
1297 4603 1411 4684 populi
1442 4602 1645 4679 libertatem,
1680 4603 1773 4665 cuius
1799 4621 1834 4664 66
1861 4600 1927 4663 Dei
1958 4599 2165 4664 ordinatione

158 4685 320 4767 potentia,
345 4699 416 4748 tum
437 4680 642 4766 providentia
663 4705 734 4749 sese
756 4685 888 4769 profert
933 4687 1020 4751 Nam
1042 4686 1137 4751 modo
1189 4702 1315 4753 trrtores
1335 4688 1460 4770 positos
1482 4699 1612 4763 norrmt‚
1635 4687 1859 4751 55555165161
1881 4685 2036 4768 produnt

159 4791 202 4834 ex
223 4770 328 4835 serris
350 4772 417 4834 suis
439 4770 630 4835 manifestos
657 4769 803 4835 vindices
825 4773 1021 4846 excitatae
1043 4794 1137 4836 mans
1276 4779 1325 4838 32.
1371 4776 1416 4838 At
1439 4774 1572 4839 veroin
1593 4795 1645 4852 65,
1669 4794 1767 4856 55551
1793 4772 2036 4854 praefectorum
2063 4774 2165 4854 impe·

158 4854 236 4920 dato
257 4877 317 4919 suo
340 4856 476 4919 instruit
496 4854 554 4938 qui
575 4854 616 4919 do
637 4856 795 4920 scelerata
816 4856 1038 4922 dominatione
1060 4879 1137 4941 poe·
1189 4859 1247 4924 riis
1270 4858 1381 4924 deberi
1402 4861 1648 4938 constituimus,
1677 4857 1875 4935 obedientia,
1898 4856 1932 4920 id
1955 4878 2086 4940 semper
2109 4880 2166 4921 er·

159 4963 220 5008 nas
240 4952 388 5019 sumant,
411 4953 446 5005 61
466 4961 660 5023 oppressum
687 4942 819 5008 iniustis
846 4944 951 5009 modis
979 4945 1164 5029 populum:
1189 4945 1376 5028 cipiendum
1404 4958 1469 5026 est,
1490 4948 1557 5010 imo
1575 4947 1611 5009 in
1633 4946 1748 5028 primis
1778 4941 2038 5020 obsertaudum,
2061 4966 2104 5008 56
2126 4943 2167 5007 55

159 5026 322 5093 61516615
346 5026 532 5099 calamitate
558 5028 719 5105 eximant3
749 5030 845 5094 modo
872 5031 1018 5095 furorem
1046 5030 1137 5095 alind
1189 5033 1259 5095 6156
1281 5031 1468 5097 obedientis
1486 5053 1548 5099 uos
1571 5030 1723 5109 deducat,
1745 5030 1838 5094 euius
1859 5028 2024 5094 voluntati
2049 5050 2165 5113 regum

162 5149 363 5158 ··-—-··
1189 5119 1336 5182 omnium
1358 5134 1436 5183 vota
1457 5118 1602 5187 subesse.
1630 5119 1724 5183 65156
1751 5114 1892 5181 decretis
1920 5116 2009 5193 iussa
2040 5115 2164 5187 cedere,

232 5214 260 5279 1)
279 5215 437 5282 1596665.
1188 5205 1281 5269 cuius
1313 5207 1474 5270 maiestati
1503 5205 1607 5271 fasces
1632 5201 1783 5287 submitti
1809 5221 1870 5285 par
1896 5211 1957 5267 est
1999 5200 2050 5267 Iit
2076 5224 2165 5282 vero,
