4672 5842
165 287 248 350 1045
489 284 579 349 LIB.
602 284 663 349 IV.
705 285 769 350 DE
791 281 1028 351 EX'DDRNTS
1049 283 1216 352 MEDIIS
1238 287 1303 352 AD
1325 285 1557 355 SALUTEM.
1600 286 1700 353 cAP.
1722 288 1839 358 XVH.
2090 297 2173 360 1046

163 497 185 541 a
206 472 278 539 Deo
301 470 485 550 mandatur,
504 472 569 538 fide
590 473 765 556 praecipue
783 481 946 551 constare,
970 496 1052 557 quae
1073 496 1143 539 om·
1194 497 1269 542 care
1290 497 1351 542 nos
1370 477 1459 541 velit
1508 476 1608 542 Porro
1629 481 1718 542 aaa
1744 480 2009 544 ccccmonicmm
2036 483 2175 565 cocceio

162 561 220 626 nia
241 560 277 634 in
301 556 438 636 Gaea,
462 558 546 623 nihil
573 560 609 623 in
631 559 724 623 nobis
753 560 895 642 reponit3
919 558 1036 624 deinde
1059 562 1141 625 cari·
1192 563 1346 644 facessere
1363 565 1462 641 iussu,
1482 563 1528 628 sic
1545 562 1768 627 administrari
1792 563 2017 630 decentissime
2035 574 2173 650 poterat,

161 653 239 722 tato,
263 651 296 710 et
318 665 356 708 ea
378 644 510 727 quidem
535 646 606 728 ipsa
633 666 731 727 quam
752 644 825 710 Deo
847 647 1071 728 imperfectam
1094 648 1141 711 of·
1194 649 1222 712 si
1244 649 1433 731 saepissime
1451 656 1486 714 et
1505 648 1645 732 singulis
1663 648 1704 712 ad
1722 650 1895 714 minimum
1914 650 2173 721 hebdomadibus
2210 668 2214 681 '

161 733 248 797 ferre
269 732 350 796 satis
372 731 428 808 sit,
452 738 489 794 ut
510 731 615 813 ipsam
644 731 680 795 in
702 731 818 797 melius
843 738 976 815 augeat,
1011 732 1141 814 quando
1194 747 1429 817 proponeretur
1449 735 1613 805 ecclesiae.
1658 734 1796 798 Initium
1822 743 1934 799 autem
1954 738 2048 802 ficret
2069 760 2090 803 a
2110 761 2173 823 pu·

161 817 323 902 praestari
351 816 454 881 solida
480 838 545 881 non
574 825 691 900 potest.
736 818 805 881 Alii
833 819 1001 883 nobiscum
1022 818 1056 882 in
1080 818 1141 884 hoc
1194 819 1287 886 blicis
1306 821 1470 902 precibus;
1492 821 1669 885 haberetur
1690 819 1808 885 deinde
1831 822 1959 902 concio,
1980 829 2052 888 tum
2072 824 2172 889 mini·

162 904 418 981 consentientes,
454 902 647 987 dignitatem
673 904 780 986 ipsam
801 903 837 967 in
858 903 922 968 fide
950 913 983 968 et
1005 905 1141 969 caritate
1193 912 1273 985 ster,
1294 906 1461 989 proposito
1479 908 1515 969 in
1532 927 1647 971 mensa
1665 926 1750 988 pano
1768 913 1802 970 et
1819 908 1906 988 vino,
1930 909 2172 976 institutionem

160 990 303 1073 positam
325 1011 411 1066 csse,
434 989 469 1052 in
498 989 595 1054 inodo
622 997 733 1053 tamen
754 990 825 1073 ipso
854 988 1022 1072 dignitatis
1044 990 1141 1074 longe
1193 1012 1312 1056 coenae
1335 994 1490 1070 referret;
1513 991 1629 1056 deinde
1647 992 1879 1074 promissiones
1901 1004 2072 1060 enarraret
2087 1018 2172 1079 quae

162 1077 376 1153 aberrarunt,
405 1074 481 1139 fidei
502 1076 736 1157 perfectionem
768 1076 951 1159 exigentes,
975 1077 1029 1141 cui
1056 1076 1142 1140 nibil
1192 1077 1227 1140 in
1250 1097 1289 1141 ca
1306 1079 1399 1142 nobis
1425 1078 1558 1143 relictae
1581 1087 1672 1157 sunt;
1701 1078 1799 1142 simul
1832 1099 1888 1143 eos
1908 1101 2021 1146 omnes
2041 1103 2171 1158 excom-

162 1162 296 1227 omnino
314 1159 466 1226 accedero
488 1162 599 1243 possit,
623 1169 655 1226 et
672 1161 841 1226 caritatem
863 1182 977 1243 parem
995 1162 1025 1225 oi
1042 1183 1141 1244 quam
1192 1163 1376 1228 municaret
1407 1164 1463 1246 qui
1492 1162 1666 1228 interdicto
1697 1163 1835 1228 Domini
1866 1165 1906 1229 ab
1934 1186 1973 1231 ca
2000 1176 2170 1249 arcentur;

162 1247 316 1313 Christus
339 1267 418 1330 erga
439 1267 500 1311 nos
523 1247 709 1312 declaravit.
754 1247 802 1312 At
823 1268 860 1311 eo
879 1248 948 1329 ipso
967 1268 1078 1312 omnes
1099 1249 1140 1313 ab
1193 1259 1305 1331 postea
1322 1258 1481 1328 oraretur,
1499 1257 1537 1314 ut
1554 1271 1618 1332 qua
1637 1235 1803 1314 Dominus
1820 1250 2022 1334 benignitate
2040 1274 2171 1320 sacrum
2263 1299 2267 1302 -

162 1334 264 1399 huius
297 1354 415 1397 coenae
449 1342 674 1398 sacrosanctae
709 1353 856 1411 accessu,
886 1354 952 1396 non
986 1355 1078 1398 secus
1102 1355 1140 1399 ac
1192 1335 1254 1400 hoc
1276 1335 1468 1401 alimentum
1488 1336 1581 1400 nobis
1600 1335 1740 1418 largitus
1761 1344 1821 1413 est,
1842 1356 1902 1400 nos
1923 1357 2050 1421 quoque
2072 1340 2115 1404 ad
2135 1340 2172 1405 id

161 1420 287 1503 priores
304 1418 365 1494 illi,
388 1418 532 1502 abigunt
578 1416 617 1484 si
640 1420 728 1483 enim
746 1419 909 1484 obtineret
930 1440 1043 1483 eorum
1065 1440 1140 1483 sen·
1192 1420 1437 1505 suscipiendum
1465 1421 1530 1485 fide
1558 1431 1591 1485 ct
1613 1420 1715 1485 animi
1743 1421 1942 1505 gratitudine
1970 1424 2116 1490 erudiret
2137 1432 2172 1491 ct

160 1506 276 1583 tentia,
294 1525 392 1569 nemo
409 1505 475 1568 nisi
492 1504 627 1588 indigne
647 1505 809 1588 acciperet
816 1529 823 1583 ;
842 1503 973 1587 quando
985 1503 1027 1568 ad
1037 1527 1139 1569 unum
1192 1507 1356 1585 formaret,
1381 1515 1415 1570 ct
1435 1506 1564 1589 quando
1582 1529 1624 1572 ex
1645 1506 1739 1571 nobis
1760 1527 1828 1570 non
1850 1528 1974 1587 sumus,
1994 1531 2054 1574 sua
2072 1513 2170 1577 mise-

161 1613 276 1657 omnes
297 1589 346 1655 rei
369 1591 571 1672 convictique
599 1612 678 1655 suae
705 1591 960 1674 imperfectionis
988 1598 1139 1655 teneren·
1192 1592 1334 1658 ricordia
1356 1615 1416 1657 nos
1438 1591 1553 1676 dignos
1575 1593 1697 1658 faceret
1718 1592 1777 1655 tali
1799 1593 1958 1658 convivio.
2003 1595 2070 1661 Hic
2091 1618 2170 1663 vero

160 1685 227 1743 tur.
271 1677 318 1741 Et
339 1697 418 1741 sane
439 1677 534 1741 nimii
561 1678 716 1760 stuporis,
747 1699 790 1741 ne
817 1677 923 1741 dicam
953 1675 1140 1743 stoliditatis
1192 1687 1251 1742 aut
1271 1685 1469 1744 canerentur
1490 1679 1617 1762 psalmi,
1638 1686 1696 1742 aut
1715 1677 1838 1761 aliquid
1858 1679 2033 1761 legeretur,
2054 1687 2088 1746 et
2106 1703 2170 1765 quo

160 1763 270 1841 fuerit,
294 1782 367 1826 eam
395 1763 628 1845 perfectionem
655 1765 690 1827 in
718 1762 904 1846 recipiendo
933 1773 1138 1828 sacramento
1193 1763 1286 1829 decet
1307 1764 1421 1829 ordine
1441 1763 1554 1829 fideles
1577 1764 1790 1829 sacrosanctis
1817 1764 1921 1848 epulis
1949 1768 2170 1833 communica·

159 1850 342 1931 requirere,
363 1869 447 1930 quae
466 1856 709 1914 sacramentum
731 1851 860 1913 irritum
883 1869 1138 1931 supervacuum·
1191 1859 1274 1927 rent,
1297 1850 1459 1916 ministris
1487 1871 1606 1933 panem
1632 1850 1859 1932 frangentibus
1880 1857 1913 1914 et
1932 1852 2053 1934 populo
2075 1874 2170 1936 prae·

160 1957 223 2018 quc
245 1935 355 2000 faciat:
385 1933 470 2016 quod
498 1956 565 2000 non
591 1935 743 2018 perfectis
769 1936 960 1999 institutum
987 1941 1051 2012 cst,
1081 1934 1139 1999 sed
1191 1933 1353 2001 bentibus.
1410 1937 1525 2001 Finita
1555 1956 1655 2001 coena
1698 1934 1884 2000 exhortatio
1920 1936 2099 2003 haberetur
2128 1940 2171 2005 ad

160 2021 303 2086 infirmis
325 2040 363 2086 ae
391 2020 552 2086 debilibus
580 2020 622 2085 ad
649 2020 886 2099 vellicandum‚
917 2019 1137 2099 excitandum,
1191 2022 1354 2087 sinceram
1374 2022 1474 2087 fidem
1497 2030 1530 2087 et
1551 2021 1628 2087 fidei
1650 2022 1901 2100 confessionem,
1932 2021 1974 2087 ad
1998 2025 2169 2089 caritatem

160 2106 407 2185 stimulandum,
426 2108 644 2174 exercendum
662 2107 739 2172 fidei
759 2113 793 2172 et
811 2105 958 2172 caritatis
975 2106 1137 2186 affectum,
1191 2116 1224 2173 et
1249 2130 1357 2174 mores
1386 2107 1584 2174 Christianis
1612 2106 1736 2191 dignos.
1787 2107 1959 2172 Postremo
1988 2111 2171 2193 gratiarum

161 2193 325 2258 defectum
346 2213 425 2259 vero
448 2194 619 2276 utriusque
642 2192 880 2278 corrigendum.
1190 2195 1275 2260 actio
1297 2194 1483 2273 referretur,
1506 2201 1540 2258 et
1560 2192 1673 2258 laudes
1692 2192 1768 2257 Deo
1790 2199 1995 2259 canerentur.
2040 2195 2170 2277 Quibus

247 2283 298 2342 43.
351 2277 560 2363 ¹)anterum
581 2280 663 2362 qaod
684 2280 727 2344 cd
749 2284 910 2343 menam
938 2279 1069 2342 αιιιοιιιι
1094 2278 1139 2342 ri-
1190 2281 1292 2345 finitis
1313 2280 1449 2345 ecclesia
1470 2280 1688 2345 dimitteretur
1709 2279 1744 2342 in
1766 2300 1853 2361 pace.

161 2371 229 2430 truc
249 2369 373 2446 meam,
396 2365 431 2428 in
452 2385 588 2429 manum
605 2365 765 2448 accipiant
786 2364 899 2429 fideles
921 2385 1033 2442 necne,
1051 2365 1146 2429 inter
1277 2373 1327 2431 44.
1363 2364 1516 2447 Quaado
1538 2372 1743 2432 sacramento
1764 2364 1826 2428 hoc
1839 2364 2002 2431 hactenus
2025 2365 2169 2432 disseru-

160 2472 196 2517 se
214 2449 362 2515 dividant
379 2472 422 2515 an
441 2451 564 2535 singuli
581 2452 669 2534 quod
693 2452 755 2517 sibi
781 2450 895 2515 datum
913 2451 1013 2514 fuerit
1030 2449 1137 2529 edant,
1189 2452 1276 2518 imus
1307 2451 1435 2517 abunde
1457 2452 1647 2530 ostendunt,
1672 2472 1739 2515 non
1765 2450 1955 2515 institutum
1976 2451 2049 2517 ideo
2070 2454 2170 2521 fluisse

161 2537 295 2602 calicem
316 2537 354 2603 in
374 2535 500 2602 diaconi
522 2559 624 2603 manu
653 2544 815 2622 reponant
832 2557 874 2601 an
897 2537 1046 2620 proximo
1069 2544 1137 2601 tra-
1190 2546 1228 2602 ut
1250 2539 1352 2605 semel
1373 2537 1548 2621 quotannis
1577 2538 1795 2619 acciperetur,
1818 2534 1916 2617 idque
1937 2538 2168 2620 perfunctorie,

161 2627 256 2702 dant,
277 2622 371 2706 panis
393 2622 437 2688 sit
457 2625 672 2689 fermentatus
692 2646 737 2688 an
758 2645 909 2707 azymus,
942 2623 1058 2687 viuum
1080 2644 1137 2687 ru-
1190 2633 1228 2689 ut
1248 2647 1337 2690 nunc
1354 2625 1570 2688 communiter
1592 2623 1692 2688 moris
1710 2630 1769 2701 est,
1788 2643 1905 2687 verum
1922 2643 1986 2705 quo
2004 2623 2170 2706 frequenti

139 2710 257 2775 'brum
286 2730 330 2774 an
362 2708 489 2788 album,
518 2710 602 2775 nihil
629 2711 737 2775 refert
789 2709 883 2774 Haec
914 2708 1138 2773 indifferentia
1188 2710 1223 2775 in
1246 2732 1307 2776 usu
1328 2709 1527 2776 Christianis
1556 2708 1706 2775 omnibus
1728 2714 1829 2784 esset,
1853 2715 1893 2771 ut
1912 2709 2076 2790 frequenti
2098 2731 2168 2775 me-

160 2803 248 2875 sunt,
279 2803 313 2860 et
337 2796 374 2859 in
402 2795 556 2862 ecclesiae
588 2795 740 2861 libertate
772 2795 886 2878 posita.
938 2793 1138 2876 Quanquam
1189 2797 1294 2861 moria
1320 2797 1504 2879 passionem
1534 2795 1661 2860 Ohristi
1692 2802 1894 2877 repeterent;
1923 2815 1988 2877 qua
2016 2796 2168 2861 recorda-

160 2890 289 2947 certum
311 2888 369 2961 est,
392 2882 514 2948 vetoris
547 2882 701 2948 ecelesiae
723 2882 825 2947 ritum
844 2881 944 2946 fuisse
966 2886 1005 2945 ut
1025 2902 1138 2945 omnes
1189 2884 1279 2948 tione
1306 2889 1340 2946 et
1367 2881 1467 2947 fidem
1494 2903 1589 2948 suam
1618 2881 1819 2946 sustinerent
1840 2901 1878 2945 ac
1904 2878 2110 2958 roborarent,
2135 2889 2169 2948 et

160 2967 197 3031 in
218 2988 354 3031 manum
382 2969 573 3051 acciperent.
618 2968 665 3033 Et
693 2967 847 3033 Christus
876 2966 973 3030 dixit:
1003 2964 1138 3031 dividite
1189 2990 1260 3034 sese
1282 2968 1323 3033 ad
1347 2969 1582 3034 confessionem
1615 2966 1720 3032 laudis
1742 2965 1815 3030 Deo
1837 2965 2018 3031 canendam
2039 2968 2167 3032 bonita-

161 3052 250 3117 inter
271 3073 338 3117 vos.
382 3053 633 3119 Fermentatum
656 3061 689 3118 et
709 3053 883 3137 vulgarem
899 3073 1019 3136 panem
1037 3052 1137 3117 fuisse
1188 3063 1319 3138 temque
1341 3055 1411 3118 cius
1432 3052 1685 3136 praedicandam
1712 3052 1945 3129 hortarentur,
1968 3059 2002 3116 et
2023 3072 2090 3134 qua
2110 3075 2168 3138 po·

163 3144 240 3203 ante
272 3143 402 3223 ιιιιιριιι
436 3139 620 3205 Alexandri
653 3140 780 3205 romani
807 3139 965 3222 episcopi,
998 3143 1138 3203 nanant
1188 3150 1310 3208 stremo
1327 3132 1483 3212 *mutuam
1504 3141 1675 3204 caritatem
1696 3137 1833 3214 alerent,
1855 3145 1889 3201 et
1909 3135 1971 3201 sibi
1993 3139 2093 3202 etiam
2116 3139 2169 3203 in·

163 3223 332 3303 historiae3
360 3224 416 3306 qui
448 3227 574 3307 primus
606 3246 721 3311 azymo
747 3246 834 3309 pane
867 3224 1045 3290 delectatus
1072 3230 1135 3288 est:
1188 3235 1239 3292 ter
1260 3248 1296 3292 sc
1317 3226 1583 3305 testificarentur,
1607 3225 1701 3290 cuius
1722 3223 1874 3307 copulam
1892 3223 1928 3286 in
1945 3223 2073 3288 unitata
2096 3245 2168 3288 cor-

163 3308 283 3392 quaid
304 3311 525 3390 ratione,non
541 3312 646 3391 vide0,
663 3312 728 3378 nisi
748 3318 787 3376 ut
804 3309 909 3406 plebis
926 3311 1035 3376 oculos
1053 3330 1137 3375 novo
1188 3313 1277 3396 poris
1299 3312 1426 3378 Christi
1447 3312 1606 3377 viderent
1652 3309 1791 3391 Quoties
1813 3309 1901 3374 enim
1927 3309 2074 3394 symbolo
2096 3332 2167 3377 cor-

164 3395 349 3478 spectaculo
372 3397 409 3460 in
436 3395 687 3463 admirationem
720 3397 868 3462 traheret
898 3398 1005 3480 magis
1039 3415 1138 3478 quam
1189 3400 1278 3483 poris
1298 3399 1435 3463 Domini
1456 3399 1744 3475 communicamus,
1768 3395 1859 3461 velut
1881 3394 1957 3458 data
1980 3400 2014 3458 et
2035 3402 2169 3479 accepta

164 3488 204 3545 ut
225 3481 350 3547 animos
372 3483 476 3565 proba
502 3483 659 3584 religione
687 3484 882 3549 instituerat
928 3481 1053 3548 Omnes
1080 3482 1137 3546 ob·
1189 3495 1328 3564 tessera,
1358 3483 1441 3548 alter
1476 3484 1572 3549 alteri
1600 3504 1661 3549 nos
1688 3482 1834 3548 vicissim
1865 3478 2102 3564 obstringimus
2130 3481 2172 3549 ad

165 3567 252 3644 iuro,
280 3568 336 3649 qui
363 3568 506 3636 vellavi
531 3568 641 3655 ahquo
660 3568 793 3655 pietatis
815 3567 922 3634 studio
944 3574 1137 3652 tanguntur,
1190 3572 1300 3637 omnia
1327 3570 1514 3636 dilectionis
1541 3571 1661 3649 officia,
1691 3576 1731 3632 ιιι
1757 3589 1800 3633 nc
1826 3565 1905 3650 quid
1932 3566 2086 3633 admittat
2112 3588 2172 3632 no·

165 3674 275 3717 annon
302 3653 469 3719 evidenter
495 3654 712 3739 perspiciant,
728 3663 762 3721 et
787 3663 910 3739 quanto
936 3653 1138 3736 praeclarius
1191 3665 1297 3724 sturm
1326 3655 1489 3740 quispiam
1511 3676 1574 3738 quo
1596 3657 1734 3721 fratrem
1761 3653 1885 3730 laedat,
1907 3653 2048 3733 nequid
2075 3673 2173 3735 prae·

163 3737 230 3804 Dei
263 3738 368 3822 gloria
398 3740 470 3806 hic‘
485 3738 707 3826 resplendeat,
734 3749 769 3806 et
794 3747 920 3825 quanto
954 3740 1139 3804 affluentior
1191 3743 1352 3809 tarmittat
1373 3763 1437 3824 quo
1459 3764 1535 3808 eum
1553 3743 1668 3807 iuvare
1689 3741 1811 3824 possit,
1834 3737 1891 3802 ubi
1913 3738 2091 3802 necessitas
2112 3758 2170 3820 po·

164 3824 346 3908 spiritualis
374 3824 605 3893 consolationis
632 3829 778 3895 suavitas
805 3825 848 3893 sd
873 3825 988 3891 fidelos
1016 3825 1137 3904 redcat,
1191 3830 1294 3895 stulat
1320 3829 1508 3910 dicacitas
1542 3828 1684 3909 appetit.
1735 3824 1849 3888 Talem
1882 3823 1981 3886 fuisse
2015 3822 2171 3891 ecclesiae

164 3930 264 3992 quam
290 3911 325 3974 in
353 3911 425 3976 istis
458 3908 588 3995 frigidis
614 3912 876 3981 ethiatrionicis
907 3912 1022 3995 nugis,
1055 3933 1138 3995 quae
1190 3915 1384 3999 apostolicae
1411 3936 1524 3991 usum,
1552 3915 1662 3979 Lucas
1683 3912 1719 3974 in
1741 3909 1835 3973 Actis
1865 3907 1916 3990 (2,
1942 3905 1999 3987 42)
2028 3928 2171 3974 comme-

163 3997 295 4061 nullum
317 3996 418 4061 alium
446 4019 544 4079 usum
577 3999 721 4065 afferunt
745 3999 813 4065 nisi
832 4005 872 4067 ut
891 3999 1052 4080 stupentis
1081 4018 1138 4080 po-
1190 4009 1305 4080 morat,
1328 4022 1429 4084 quum
1451 3999 1564 4064 fideles
1587 3999 1632 4062 ait
1652 3999 1901 4079 perseverantes
1923 3992 2024 4057 fuisse
2041 3994 2078 4058 in
2096 3994 2171 4061 doc-

165 4082 236 4165 puli
258 4103 391 4148 sensum
408 4082 533 4148 fallant.
572 4084 613 4151 Id
630 4086 787 4168 populum
803 4085 961 4171 religione
979 4084 1140 4149 contineri
1191 4089 1283 4176 trina⁴
1303 4085 1538 4169 apostolorum,
1563 4082 1873 4158 communicatione,
1895 4077 2053 4145 fractione
2075 4081 2172 4164 panis

166 4175 292 4248 vocant,
326 4189 431 4252 quum
464 4191 505 4233 su
527 4171 696 4236 cratitione
729 4170 865 4237 stolidus
897 4179 932 4236 et
957 4171 1139 4236 infatuatus
1192 4182 1225 4239 et
1241 4172 1451 4238 orationibus.
1490 4167 1547 4234 Sic
1566 4167 1729 4252 agendum
1751 4165 1885 4230 omnino
1904 4171 1984 4243 orat,
2002 4174 2042 4230 ut
2059 4165 2172 4233 nullus

166 4257 282 4337 quovis
303 4254 457 4320 trahitur.
504 4191 542 4320 bi
564 4257 638 4339 quis
659 4264 822 4322 vetustate
844 4257 929 4323 tucri
951 4254 1141 4321 huiusmodi
1192 4258 1346 4326 ecclesiae
1375 4263 1554 4321 conventus
1589 4257 1683 4319 fieret
1710 4253 1779 4318 sinc
1807 4249 1924 4331 verbo,
1959 4251 2171 4331 orationibus,

165 4339 374 4407 inventiones
401 4340 498 4420 velit,
526 4363 588 4406 nec
613 4343 684 4425 ipse
712 4343 827 4426 ignoro
858 4364 958 4427 quam
989 4349 1141 4409 vetustus
1192 4341 1440 4429 participatione
1460 4361 1579 4406 coenae
1596 4348 1631 4405 et
1647 4339 1871 4424 eleemosynis.
1909 4338 2012 4403 Hunc
2032 4345 2066 4403 et
2083 4336 2173 4420 apud

166 4426 210 4491 sit
220 4427 407 4493 chrismatis
419 4434 453 4492 et
464 4428 701 4493 exsufflationis
711 4429 747 4492 in
757 4428 920 4510 baptismo
931 4449 1025 4508 usus;
1041 4448 1141 4511 quam
1193 4429 1383 4499 Corinthios
1400 4427 1501 4493 firisse
1518 4428 1708 4492 institutum
1730 4424 1888 4503 ordinem,
1908 4424 1989 4490 satis
2007 4445 2049 4489 ex
2066 4423 2173 4488 Paulo

165 4532 233 4577 non
254 4513 350 4598 longe
368 4513 409 4580 ab
421 4519 527 4579 aetate
546 4514 767 4597 apostolorum
784 4534 886 4578 coena
902 4512 1038 4579 Domini
1055 4521 1151 4578 tacta
1193 4519 1352 4583 ooniiccre
1373 4515 1464 4594 licet;
1488 4522 1521 4578 ct
1542 4513 1654 4578 multis
1677 4519 1791 4595 postea
1812 4510 1952 4576 saeculis
1974 4509 2011 4573 in
2033 4531 2097 4576 usu
2119 4510 2173 4575 fu·

167 4595 318 4680 rubigine
344 4600 458 4679 fuerit;
481 4598 539 4665 sed
559 4598 686 4666 isthaec
708 4599 834 4665 scilicet
854 4599 1018 4666 humanae
1041 4600 1141 4664 eonfi-
1194 4604 1259 4669 isse
1280 4609 1416 4668 constat
1462 4601 1545 4666 Inde
1566 4600 1655 4665 enim
1683 4605 1811 4664 veteres
1832 4597 1882 4661 illi
1904 4616 2064 4675 canones,
2088 4615 2173 4678 quos

168 4681 297 4748 dentiae
312 4686 493 4767 procacitas
510 4694 569 4765 est,
586 4707 670 4770 quae
686 4705 722 4751 se
739 4687 906 4751 continere
923 4687 1045 4770 nequit,
1063 4685 1143 4767 quin
1195 4690 1356 4755 Anacleto
1378 4695 1412 4753 et
1434 4688 1564 4754 (lalixtc
1592 4685 1757 4763 tribuunt,
1783 4691 1823 4747 ιιι
1848 4690 1981 4766 peracta
2002 4702 2172 4748 consecra·

167 4789 298 4851 semper
314 4770 350 4833 in
366 4769 431 4837 Dei
447 4774 615 4858 mysteriis
631 4772 726 4837 ludat
742 4778 776 4836 et
792 4770 951 4837 lasciviat
979 4771 1049 4837 Nos
1065 4792 1143 4836 vero
1196 4776 1283 4840 tione
1312 4797 1426 4840 omnes
1455 4772 1711 4850 communicent,
1735 4770 1791 4854 qui
1825 4767 1993 4833 noluerint
2020 4768 2173 4834 ecclesia·

167 4854 414 4923 meminerimus
432 4861 519 4925 tanti
540 4881 611 4926 esse
632 4860 705 4925 Deo
727 4854 819 4926 verbi
842 4856 894 4922 sui
915 4855 1142 4938 obedientiam,
1196 4862 1286 4927 sticis
1308 4883 1418 4927 carere
1439 4859 1625 4925 liminibus.
1661 4859 1708 4922 Et
1728 4857 1764 4920 in
1785 4854 1926 4922 vetustis
1952 4853 2018 4919 illis
2040 4853 2173 4919 canoni·

166 4947 205 5006 ιιι
226 4940 261 5005 in
281 4961 321 5005 ea
342 4946 376 5005 et
397 4945 530 5027 angelos
550 4968 626 5013 suos
646 4951 680 5010 et
701 4944 814 5011 orbem
843 4944 1035 5013 universum
1059 4943 1144 5011 iudi·
1196 4947 1259 5011 bus
1277 4968 1359 5030 quos
1377 4945 1597 5028 apostolorum
1615 4948 1742 5021 vocant,
1765 4941 1918 5006 habetur:
1938 4940 1994 5022 qui
2012 4960 2080 5003 non
2099 4961 2173 5023 per-

202 5084 272 5089 .--
308 5084 325 5088 --
365 5082 373 5087 -
1197 5040 1352 5099 severant
1378 5053 1481 5115 usque
1503 5031 1545 5095 ad
1566 5031 1682 5110 finem,
1705 5036 1739 5093 et
1760 5047 1888 5092 sacram
1909 5026 2172 5092 communionem

167 5147 540 5282 marcu
562 5157 589 5206 r
1014 5150 1144 5204 ·······
1523 5124 1703 5268 ιιι
1726 5111 2173 5196 ‘¹¹¹¹

387 5258 394 5272 ·
540 5224 662 5287 mi
715 5263 721 5276 ·
1365 5255 1374 5284 a
1434 5223 1524 5287 “¹80
1910 5300 1968 5354 66*
