4672 5842
118 330 158 390 57
522 329 612 394 LIB.
633 330 660 394 Ι.
704 330 769 395 ΒΕ
789 328 1076 439 ooeNmoNa
1097 329 1181 395 DEI
1203 327 1475 396 OREATORIS.
1520 332 1619 398 OAP.
1642 333 1720 398 VII.
2082 337 2123 399 ts

118 516 237 599 quibus
265 538 300 581 se
329 526 362 582 et
390 517 470 581 alios
493 517 748 584 absurditatibus
777 518 968 601 illaqueent,
1001 516 1097 582 modo
1148 519 1290 600 potuisse
1324 515 1439 582 adduci
1472 530 1509 582 ut
1540 520 1748 604 evangelium
1784 522 2034 604 amplecteretur
2065 545 2124 606 pro

118 602 180 667 hoc
208 623 312 667 unum
341 611 556 685 extorqueant
588 605 676 686 apud
712 605 894 686 simplices,
928 604 1097 669 ecclesiam
1149 611 1238 667 certa
1255 603 1318 667 Dei
1340 605 1485 683 veritate,
1504 626 1602 687 quam
1622 607 1773 671 ecclcsiae
1795 609 1969 672 autoritate
1989 609 2123 673 victum.

119 688 202 751 nihil
224 708 292 751 non
313 710 415 771 posse.
451 691 552 771 Atqui
573 691 600 754 si
622 691 669 754 ita
691 700 755 768 est,
774 690 851 772 quid
869 691 997 754 miseris
1021 711 1096 754 con·
1149 689 1195 752 Et
1214 687 1293 770 quid
1314 690 1450 768 mirum,
1485 691 1512 754 si
1539 694 1627 774 quis,
1657 693 1803 758 nondum
1825 693 1958 758 Christo
1984 696 2124 777 cognito,

120 774 264 839 scientiis
278 775 342 851 fiet,
362 773 500 839 solidam
511 776 598 839 vitae
614 784 765 841 aeternae
776 776 984 841 securitatem
998 797 1097 858 quae·
1148 774 1319 838 hominum
1348 787 1533 857 respectum
1561 778 1700 842 habeat?
1746 780 1821 843 Non
1843 801 1920 863 ergo
1943 780 2009 844 illic
2032 779 2125 846 docet

118 859 276 936 rentibus,
300 861 328 925 si
351 881 563 943 quaecunque
586 869 717 925 exstant
739 861 778 925 dc
801 884 839 926 ea
856 862 1095 943 promissiones,
1149 861 1357 943 Augustinus
1384 861 1552 925 fundatam
1580 886 1649 928 esse
1679 866 1808 946 piorum
1836 865 1934 929 fidem
1964 866 1999 929 in
2023 866 2124 931 eccle-

119 946 186 1010 eolo
206 946 375 1010 hominum
397 946 516 1011 iudicio
534 947 634 1011 fultae
658 947 857 1012 consistant?
893 949 947 1012 An
966 954 1097 1029 accepto
1150 946 1216 1010 siae
1239 947 1421 1025 autoritate,
1445 969 1504 1012 nec
1522 950 1684 1032 evangelii
1702 950 1931 1014 certitudinem
1950 950 2025 1015 inde
2044 973 2123 1033 pen-

119 1032 178 1095 tali
200 1053 354 1114 responso
377 1033 530 1097 fluctuari
552 1041 585 1096 ct
606 1032 769 1116 trepidare
792 1033 962 1097 desinent?
1007 1034 1096 1096 Rur-
1150 1029 1225 1095 dere
1248 1032 1417 1114 intelligit;
1440 1055 1555 1097 verum
1576 1034 1767 1117 simpliciter
1789 1036 1914 1100 nullam
1936 1037 2005 1101 fore
2023 1059 2124 1101 cvan-

119 1138 203 1191 sum,
226 1118 344 1200 quibus
361 1119 536 1200 impiorum
556 1120 669 1183 sannis
687 1119 860 1184 subiicitur
877 1119 957 1183 fides
975 1134 1095 1195 nostra,
1150 1117 1226 1200 gelii
1246 1117 1475 1182 certitudinem
1497 1120 1692 1200 infidelibus,
1715 1132 1754 1185 ιιι
1773 1122 1850 1186 iudo
1872 1121 2005 1187 Christo
2027 1123 2123 1187 lucri-

118 1211 276 1286 quantam
308 1201 394 1286 apud
427 1225 539 1268 omncs
567 1205 602 1268 in
637 1206 854 1286 suspicionem
884 1213 1034 1282 vocatur,
1069 1205 1097 1268 si
1150 1205 1246 1281 fiant,
1277 1204 1338 1266 nisi
1363 1204 1516 1268 ecclcsiae
1539 1227 1713 1272 consensus
1736 1230 1790 1272 cos
1814 1208 1969 1289 impellat.
2015 1211 2124 1290 Atque

119 1289 286 1367 credatur,
316 1290 486 1354 hominum
515 1290 685 1368 beneficio,
713 1311 779 1354 non
807 1311 900 1355 secus
921 1311 958 1354 ac
985 1311 1096 1372 preca
1150 1288 1184 1351 id
1206 1289 1304 1371 paulo
1327 1301 1403 1353 anto
1420 1292 1442 1372 ¹)
1465 1312 1532 1354 non
1555 1291 1688 1356 obscuro
1711 1295 1897 1371 confirmat,
1921 1294 1967 1357 ita
1990 1294 2124 1376 loquen-

118 1376 203 1440 riam
225 1374 345 1439 habore
367 1376 598 1439 autoritatem?
1151 1374 1204 1438 do:
1228 1396 1329 1456 quum
1351 1396 1410 1456 ogo
1432 1376 1608 1441 laudavero
1630 1379 1714 1459 quod
1737 1378 1842 1456 credo,
1865 1387 1898 1443 et
1916 1379 2001 1461 quod
2019 1379 2124 1444 credis

206 1465 235 1524 2.
270 1460 337 1526 Sed
356 1461 513 1525 eiusmodi
533 1462 670 1540 rabulae,
690 1463 741 1525 vel
761 1483 827 1525 uno
846 1462 981 1544 apostoli
999 1461 1097 1526 verbo
1150 1461 1297 1538 irrisor0,
1322 1460 1400 1541 quid
1423 1470 1519 1543 putas
1542 1464 1633 1528 nobis
1656 1486 1726 1528 esso
1749 1464 1974 1544 iudicandum,
2005 1466 2124 1547 quidve

120 1547 221 1631 (Eph.
243 1551 271 1625 2,
297 1549 352 1631 20)
375 1547 513 1630 pulchre
535 1548 738 1611 refelluntur.
774 1547 955 1612 Ecclesiam
974 1548 1030 1612 ille
1048 1556 1096 1611 te·
1150 1546 1344 1624 faciendum,
1368 1548 1431 1609 nisi
1453 1555 1490 1610 ut
1509 1570 1563 1611 cos
1585 1550 1808 1631 relinquamus
1829 1551 1884 1631 qui
1906 1573 1965 1614 nos
1984 1552 2126 1616 invitant

118 1641 226 1697 statur
247 1633 481 1715 prophetarum
504 1642 536 1697 et
553 1634 773 1715 apostolorum
795 1633 1005 1697 fundamento
1024 1656 1095 1697 sus·
1122 1664 1125 1757 p
1150 1641 1239 1697 certa
1260 1652 1461 1714 cognoscere,
1485 1642 1518 1707 et
1539 1644 1651 1715 postea
1673 1637 1836 1717 imperant
1854 1646 1892 1699 ut
1912 1638 2039 1702 incerta
2056 1660 2125 1702 crc-

115 1720 224 1784 tineri.
282 1718 320 1783 si
354 1718 604 1783 fundamentum
638 1727 688 1784 est
721 1720 874 1783 ecclesiae
907 1719 1097 1801 prophetica
1150 1718 1280 1795 damus;
1303 1728 1336 1779 et
1358 1740 1412 1781 eos
1435 1741 1608 1800 sequa-mur
1630 1721 1685 1802 qui
1708 1743 1767 1784 nos
1785 1722 1928 1784 imitant
1945 1723 2036 1803 prius
2056 1745 2125 1787 cre-

116 1815 152 1870 et
174 1805 350 1888 apostolica
372 1804 528 1881 doctrina,
552 1826 643 1869 suam
667 1806 745 1869 huic
768 1804 997 1870 certitudinem
1018 1814 1096 1869 ante
1122 1768 1124 1863 l
1150 1802 1226 1866 dere
1259 1802 1345 1885 quod
1379 1804 1524 1868 nondum
1558 1807 1706 1870 valemus
1734 1808 1870 1885 intueri,
1902 1817 1938 1871 ut
1964 1809 2034 1890 ipsa
2061 1807 2126 1873 fide

115 1904 267 1957 constare
290 1901 425 1974 oportet,
448 1913 547 1974 quam
568 1891 625 1954 illa
648 1901 778 1956 exstare
800 1891 943 1972 incipiat.
983 1891 1096 1972 Neque
1150 1889 1346 1953 valentiores
1368 1890 1460 1967 facti,
1490 1890 1576 1972 quod
1605 1892 1768 1956 credimus
1795 1893 1978 1975 intelligere
2001 1915 2126 1958 merea

116 1985 168 2042 est
190 1976 276 2060 quod
294 1977 496 2049 cavillentur,
521 1977 648 2041 etiamsi
667 1978 744 2042 inde
761 1978 905 2066 primum
924 1976 1097 2039 exordium
1149 1997 1241 2050 mur,
1265 1995 1331 2038 non
1353 1975 1420 2038 ium
1443 1977 1643 2055 hominibus,
1667 1978 1724 2042 sed
1746 1980 1816 2059 ipso
1839 1980 1909 2043 Deo
1932 1980 2127 2044 intrinsecus

116 2064 215 2128 ducat
238 2063 381 2137 ecclesia,
405 2064 540 2127 manere
563 2072 675 2126 tamen
698 2062 834 2128 dubium
857 2085 939 2144 quae
956 2062 1096 2144 prophe·
1149 2073 1294 2123 mentem
1316 2068 1463 2125 nostram
1486 2064 1638 2127 firmante
1662 2073 1757 2145 atque
1779 2064 2009 2128 illuminante?
2032 2066 2127 2132 Haec

115 2151 160 2214 tis
189 2157 220 2213 ct
250 2149 403 2231 apostolis
433 2149 500 2212 siut
527 2146 752 2226 adscribenda,
783 2149 845 2212 nisi
868 2149 1023 2212 iudicium
1047 2149 1097 2231 ip·
1150 2155 1235 2210 certe
1264 2155 1341 2230 sunt
1362 2147 1541 2230 Augustini
1566 2150 1679 2220 verba:
1709 2172 1749 2213 cx
1773 2150 1891 2232 quibus
1913 2151 2016 2214 cuivis
2037 2151 2127 2216 colli·

116 2237 185 2301 sius
206 2234 396 2300 intercedat.
442 2234 529 2297 Nam
550 2234 578 2297 si
601 2235 779 2298 christiana
800 2235 935 2299 ecclesia
956 2234 1097 2316 prophe·
1150 2253 1226 2314 gere
1256 2244 1443 2314 promptum
1476 2245 1541 2312 est,
1572 2257 1637 2298 non
1667 2235 1751 2299 hanc
1785 2244 1896 2298 sancto
1923 2236 1995 2300 viro
2027 2237 2127 2301 fuisse

116 2333 225 2385 tarum
255 2320 383 2402 scriptis
417 2330 450 2384 et
472 2319 694 2401 apostolorum
728 2320 969 2402 praedicatione
1002 2320 1096 2383 initio
1149 2328 1302 2395 montom,
1326 2328 1363 2381 ut
1380 2318 1487 2398 fidem,
1510 2342 1608 2401 quam
1626 2322 1796 2404 scripturis
1815 2320 1982 2396 habemus,
2007 2331 2127 2386 anntu

119 2406 255 2472 fundata
282 2407 357 2484 fuit,
387 2405 571 2487 ubicunque
596 2407 777 2488 reperietur
800 2428 837 2469 ea
860 2405 1021 2481 doctrina,
1046 2425 1097 2468 ec·
1150 2404 1325 2467 arbitriove
1349 2404 1501 2469 ecclcsiae
1529 2406 1757 2488 suspenderet,
1787 2406 1844 2471 sed
1866 2416 1995 2470 tanturn
2017 2415 2056 2470 ut
2076 2409 2127 2471 in·

117 2493 250 2560 alesiam
278 2502 365 2559 certe
392 2493 569 2574 praecessit
598 2492 669 2555 cius
696 2492 900 2573 approbatio,
934 2488 1004 2555 sine
1032 2513 1095 2573 qua
1150 2489 1273 2553 dicaret
1301 2489 1386 2571 quod
1415 2513 1474 2555 nos
1503 2513 1631 2573 quoque
1660 2515 1774 2556 verum
1803 2494 1959 2571 fatemur,
1995 2494 2127 2575 eosqui

115 2601 286 2662 nunquam
308 2578 444 2644 ecclesia
465 2579 537 2660 ipsa
562 2578 750 2642 exstitisset.
796 2578 1023 2640 Vanissimum
1046 2586 1096 2641 est
1122 2608 1125 2659 Ι
1149 2574 1294 2638 noudum
1318 2576 1436 2656 spiritu
1458 2577 1522 2641 Dei
1544 2587 1622 2641 sunt
1643 2578 1834 2651 illuminati,
1859 2578 2012 2642 ecclesiae
2034 2601 2127 2644 rove-

114 2666 218 2750 igitur
239 2672 468 2741 commentum,
493 2665 672 2744 scripturae
689 2663 880 2727 iudicandae
900 2671 1094 2743 potestatem
1122 2670 1125 2689 '
1150 2662 1255 2723 rentia
1283 2660 1324 2723 ad
1353 2662 1553 2727 docilitatem
1581 2664 1704 2742 induci,
1741 2675 1776 2727 ut
1805 2663 1931 2729 Christi
1958 2664 2057 2729 fidem
2086 2687 2128 2730 ex

114 2772 187 2816 esse
207 2773 308 2834 penes
331 2750 510 2827 ecclesiam,
534 2757 573 2812 ut
594 2749 635 2814 ab
657 2750 756 2813 huius
778 2758 862 2813 nutu
889 2748 978 2811 illius
1000 2749 1095 2813 corti·
1150 2747 1319 2830 evangelio
1348 2746 1471 2811 discere
1504 2750 1688 2814 sustineant
1695 2774 1702 2828 ;
1740 2757 1835 2832 atque
1863 2750 1909 2813 ita
1937 2751 1998 2815 hoc
2031 2751 2127 2815 modo

114 2836 195 2902 tudo
216 2835 359 2921 pendere
381 2835 593 2918 intelligatur.
607 2894 610 2900 ,
624 2833 736 2915 Quare
759 2833 837 2898 dum
858 2834 951 2898 illam
969 2834 1094 2916 recipit,
1150 2832 1304 2897 ccclesiae
1333 2834 1541 2897 autoritatem
1577 2836 1732 2919 isagogen
1762 2858 1831 2899 esso
1860 2857 1926 2917 qua
1953 2834 1994 2899 ad
2028 2835 2127 2900 fidem

114 2944 155 2988 ac
177 2925 335 3007 suffragio
357 2945 415 2987 suo
433 2921 597 3004 obsignat,
620 2943 687 2985 non
711 2943 752 2985 ex
775 2919 874 2984 dubia
897 2928 954 2984 aut
977 2920 1095 3002 alioqui
1122 2910 1125 2983 Ι
1150 2919 1312 3001 evangelii
1339 2940 1581 3001 praeparamur.
1626 2921 1728 2998 Nam,
1752 2930 1789 2985 ιιι
1809 2920 1974 3000 videmus,
1999 2923 2127 3003 piorum

116 3016 310 3075 controversa
338 3007 563 3073 authenticam
589 3007 698 3072 reddit
705 3032 713 3086 3
742 3005 799 3072 sed
826 3007 902 3088 quia
923 3007 1096 3070 veritatem
1150 3003 1379 3069 certitudinem
1410 3005 1507 3088 longe
1537 3006 1600 3070 alio
1627 3007 1839 3071 hmdamcnto
1866 3007 1939 3072 vult
1966 3029 2037 3071 osse
2059 3007 2128 3072 suf-

114 3117 188 3161 cssc
206 3096 354 3180 agnoscit
370 3095 435 3160 Dei
453 3095 512 3171 sui,
535 3107 594 3176 pro
612 3094 744 3175 pictatis
763 3093 876 3170 officio,
896 3091 981 3154 nihil
999 3112 1096 3156 cunc-
1149 3090 1275 3153 fultam.
1321 3090 1451 3172 Alioqui
1480 3113 1544 3155 non
1574 3114 1658 3176 nego
1688 3093 1768 3175 quin
1797 3114 1892 3174 saepo
1915 3094 2126 3159 Manichacus

113 3182 216 3247 tando
239 3189 423 3246 veneratur.
453 3177 549 3259 Quod
571 3189 683 3244 autem
704 3187 830 3263 rogant,
853 3176 941 3242 unde
961 3198 1096 3259 persua·
1150 3177 1303 3241 ecclesiae
1331 3176 1505 3241 universae
1533 3200 1692 3242 consensu
1719 3187 1851 3262 urgeat,
1881 3178 1960 3242 dum
1987 3181 2126 3261 scriptu·

116 3268 273 3333 debimur
295 3288 315 3330 a
336 3268 407 3332 Deo
430 3266 580 3343 fluxisse,
600 3266 667 3330 nisi
689 3265 730 3330 ad
753 3264 907 3329 ecclcsiae
930 3263 1097 3328 decretum
1149 3282 1235 3341 ram,
1260 3283 1358 3344 quam
1380 3262 1430 3325 illi
1452 3263 1684 3346 repudiabant,
1707 3264 1780 3330 vult
1801 3265 1989 3347 approbare.
2028 3265 2126 3330 Unde

116 3353 368 3435 confugiamus?
401 3351 537 3434 perinde
571 3367 621 3416 est
650 3372 688 3416 ac
721 3352 748 3415 si
771 3351 842 3432 quis
869 3358 975 3433 roget,
1010 3348 1097 3413 unde
1147 3347 1205 3411 illa
1226 3347 1382 3412 adversus
1400 3347 1564 3412 Faustum
1583 3350 1803 3432 exprobratio:
1819 3350 1847 3433 ²)
1870 3350 1954 3432 quod
1973 3373 2008 3414 se
2026 3373 2126 3415 evan·

113 3440 283 3505 discemus
309 3438 414 3501 lucem
436 3438 620 3503 discernere
642 3459 661 3500 a
683 3437 840 3512 tenebris,
869 3435 981 3499 album
1004 3455 1023 3497 a
1045 3435 1096 3498 ni-
1148 3433 1270 3516 gelicac
1292 3434 1425 3499 veritati
1447 3457 1514 3498 non
1537 3435 1663 3513 subdat,
1688 3447 1756 3499 tam
1777 3436 1947 3512 fundatae,
1970 3447 2037 3499 tam
2061 3443 2126 3500 star

110 3545 194 3611 gro,
218 3541 317 3586 suave
339 3522 379 3586 ab
403 3524 533 3587 amaro?
578 3524 655 3588 Non
682 3524 770 3587 enim
798 3521 1017 3586 obscuriorem
1039 3542 1095 3585 ve-
1148 3519 1269 3597 bilitae,
1292 3527 1386 3583 tanta
1404 3520 1508 3603 gloria
1531 3520 1726 3599 diffamatae,
1751 3528 1784 3586 et
1806 3529 1982 3604 atempore
1998 3534 2126 3607 aposto·

110 3608 227 3676 ritatis
259 3628 336 3691 suae
368 3630 499 3673 sensum
530 3610 616 3674 ultro
650 3611 813 3692 scriptura
845 3628 923 3690 prae
955 3628 989 3670 se
1021 3607 1095 3683 fert,
1148 3604 1254 3669 lorum
1283 3626 1341 3687 per
1370 3615 1474 3670 certas
1508 3608 1727 3671 successiones
1754 3607 2007 3672 commendatae.
2059 3606 2127 3673 Sed

111 3716 216 3780 quarn
238 3693 353 3757 coloris
383 3695 433 3756 eui
455 3715 507 3758 res
528 3696 619 3760 albae
641 3717 679 3761 ac
701 3697 815 3777 nigrae
822 3718 830 3772 3
858 3693 997 3775 saporis,
1021 3713 1095 3756 sua
1149 3710 1312 3772 nusquam
1335 3711 1373 3754 eo
1392 3700 1524 3773 spectat,
1547 3702 1585 3755 ut
1602 3692 1744 3775 pendere
1763 3693 1886 3771 doceat,
1907 3715 2006 3775 quam
2025 3695 2126 3776 scrip·

112 3804 174 3848 ves
197 3790 231 3844 ct
254 3800 393 3842 amarae.
1148 3777 1231 3839 turis
1254 3778 1463 3841 autoritatem
1481 3777 1666 3856 deferimus,
1691 3780 1731 3843 ab
1750 3780 1921 3843 hominum
1939 3780 2126 3844 definitione

197 3871 233 3942 ,3.
281 3864 358 3930 Scio
391 3863 540 3945 equidem
567 3867 666 3950 vulgo
697 3867 793 3931 citari
813 3865 993 3948 Augustini
1022 3884 1095 3928 sen·
1149 3870 1206 3925 aut
1228 3860 1371 3927 decreto:
1396 3871 1535 3941 tantum,
1559 3862 1645 3945 quod
1667 3865 1704 3927 in
1722 3886 1819 3928 causa
1841 3865 2018 3946 plurimum
2036 3865 2125 3930 vale-

113 3955 265 4029 tentiam,
287 3950 344 4015 ubi
359 3956 402 4015 'ec
425 3951 592 4032 evangelio
612 3951 813 4016 crediturum
835 3959 934 4034 nogat
956 3950 1021 4014 nisi
1044 3971 1095 4013 cc·
1149 3947 1218 4024 bat,
1252 3949 1436 4013 universale
1470 3949 1624 4014 ecclesiae
1652 3949 1808 4014 iudicium
1838 3951 1974 4032 profert,
2003 3951 2125 4033 inquo

114 4039 234 4105 clesiae
256 4040 367 4120 ipsum
394 4044 542 4099 moveret
563 4039 726 4102 autoritas.
743 4039 767 4124 ¹)
812 4035 880 4102 Sed
902 4056 999 4118 quam
1021 4056 1095 4118 pcr—
1149 4032 1346 4097 adversariis
1368 4041 1439 4098 erat
1462 4037 1620 4118 superior.
1665 4033 1796 4117 Siquis
1824 4036 2004 4118 pleniorem
2027 4037 2126 4102 huius

113 4144 230 4209 peram
248 4133 281 4188 et
299 4123 499 4187 calumniose
518 4122 635 4185 citetur
652 4124 686 4187 in
704 4146 779 4188 eum
797 4143 939 4200 sensum,
958 4143 1000 4185 ex
1018 4141 1095 4186 con·
1149 4120 1416 4201 approbationem
1438 4119 1608 4199 desiderat,
1632 4120 1777 4185 libellum
1800 4122 1870 4186 eius
1892 4122 1981 4205 legat
2003 4121 2042 4186 de
2064 4123 2127 4187 uti·

91 4218 212 4275 ,textu
245 4210 338 4274 facile
372 4216 423 4273 cst
449 4206 701 4289 deprehendere.
751 4210 928 4293 Negotium
954 4208 1004 4270 illi
1026 4214 1096 4270 erat
1147 4206 1241 4269 litate
1263 4204 1430 4285 credendi;
1454 4206 1509 4271 ubi
1528 4208 1675 4289 reperiet,
1699 4228 1764 4271 non
1786 4207 1883 4272 aliam
1902 4207 2056 4273 credendi
2077 4209 2125 4271 fa-

114 4317 193 4363 cum
215 4295 435 4371 Manichaeis‚
458 4292 516 4375 qui
538 4294 659 4375 absque
680 4295 902 4359 controversia
923 4293 1011 4359 credi
1035 4291 1095 4355 sibi
1149 4291 1305 4354 cilitatem
1333 4291 1375 4355 ab
1401 4292 1472 4374 ipso
1494 4291 1714 4357 commendari
1744 4294 1807 4358 nisi
1830 4315 1913 4375 quae
1941 4294 2034 4357 nobis
2057 4292 2125 4356 adi-

114 4382 285 4459 volebant,
315 4402 418 4464 quum
440 4380 614 4443 veritatem
643 4400 677 4444 se
705 4380 824 4444 habero
851 4380 1094 4463 pollicerentur,
1148 4386 1220 4440 tum
1242 4377 1338 4440 modo
1364 4378 1534 4459 praebeat,
1563 4378 1669 4460 sitque
1689 4386 1910 4461 opportunum
1939 4376 2125 4460 inquirendi

112 4489 184 4533 non
218 4465 434 4532 ostenderent.
491 4463 579 4545 Quia
613 4486 706 4543 vero,
738 4475 776 4528 ut
806 4465 1002 4530 Manichaco
1036 4485 1095 4528 suo
1149 4460 1329 4539 exordium,
1355 4474 1393 4526 ut
1414 4464 1484 4545 ipse
1506 4464 1650 4546 loquitur
1657 4489 1665 4544 ;
1694 4487 1761 4528 non
1783 4475 1893 4528 tamen
1916 4464 1950 4526 in
1973 4464 2124 4545 opinione

112 4551 216 4619 fidem
249 4560 451 4629 astruerent,
490 4550 710 4616 obtendebant
742 4551 960 4634 evangelium,
1000 4557 1096 4632 rogat
1148 4548 1418 4630 acquiescendum
1440 4570 1520 4626 esse,
1548 4549 1604 4614 sed
1626 4560 1714 4615 certa
1736 4560 1769 4613 et
1791 4549 1892 4614 solida
1913 4549 2051 4613 veritate
2073 4550 2125 4613 ni-

114 4639 275 4722 quidnam
302 4639 420 4703 secturi
454 4637 521 4701 sint
550 4637 578 4700 si
606 4638 641 4700 in
671 4637 838 4700 hominem
866 4637 1013 4700 incidant
1039 4636 1095 4717 qui
1147 4633 1290 4697 tendum.

112 4747 161 4790 nc
188 4724 358 4809 cvangelio
386 4722 518 4807 quidem
546 4721 679 4787 credat?
714 4742 779 4804 quo
808 4743 928 4804 genere
960 4741 1094 4802 persua·
1233 4725 1262 4782 4.
1310 4719 1487 4784 Tenendum
1508 4721 1589 4801 qaod
1609 4742 1707 4802 nuper
1724 4720 1801 4796 dixi,
1824 4740 1884 4783 rum
1901 4725 1971 4784 urite
1988 4722 2125 4787 stabiliri

114 4811 220 4876 sionis
243 4832 319 4876 eum
341 4811 408 4875 sint
428 4810 464 4872 in
486 4829 580 4872 suam
599 4809 796 4873 sententiam
814 4806 1007 4870 adducturi?
1030 4806 1095 4869 Po·
1147 4807 1301 4870 doctriaae
1331 4807 1439 4886 fidere,
1473 4827 1568 4887 qaum
1595 4806 1681 4869 crebis
1708 4805 1832 4869 iudrrbie
1855 4827 2047 4888 persrcasum
2073 4809 2123 4889 aa,

114 4907 190 4962 stea
211 4896 355 4961 subiicit:
380 4916 440 4979 ego
463 4916 539 4960 vcro
562 4916 627 4958 non
648 4894 816 4959 crederem
837 4891 1015 4975 cvangelio,
1035 4902 1094 4955 etc.
1148 4897 1283 4955 autorem
1311 4893 1380 4955 eiras
1407 4912 1471 4956 esce
1500 4892 1611 4955 Deum.
1663 4891 1774 4972 Itaque
1803 4913 1927 4957 summu
1951 4895 2125 4976 scrapturac

116 4981 310 5066 significans
331 5002 375 5062 se,
398 5001 499 5064 quum
520 4980 646 5045 alicnus
668 4988 754 5046 esset
776 5001 796 5044 a
816 4977 889 5057 fide,
913 4998 980 5041 uon
1002 4977 1096 5042 aliter
1142 4978 1288 5058 probatio
1316 4978 1443 5058 passim
1476 5000 1496 5041 a
1529 4977 1592 5042 Dei
1630 4978 1779 5059 loqueatis
1811 5000 1947 5066 persono
1979 4982 2122 5045 sancitur.

116 5157 325 5165 ——---.-.
1148 5152 1352 5159 ---——-

191 5257 220 5324 ι)
239 5256 341 5311 eontra
358 5256 509 5326 epistolam
526 5255 702 5322 momenti,
719 5271 742 5309 ι.
761 5255 785 5308 a.
1060 5273 1065 5279 ·
1219 5250 1248 5316 1)
1265 5248 1325 5303 om
1338 5215 1402 5320 poia
1416 5253 1611 5307 arescusae.
1627 5255 1723 5308 usae.
1737 5252 1778 5307 14.
1836 5252 1865 5318 a)
1880 5251 1998 5306 neser
2006 5253 2120 5321 paam.
