4672 5842
96 299 138 361 rs
471 301 561 366 ura.
583 302 610 366 1.
654 302 718 367 uu
742 299 1032 368 marmora
1054 301 1135 367 nai
1157 300 1431 368 onusrorus.
1477 301 1575 367 orer.
1594 303 1638 369 x.
1661 304 1724 369 xl.
2002 267 2005 273 ’
2065 311 2108 371 rr

98 484 245 552 cordium
273 488 308 550 in
335 487 453 564 millia,
490 489 545 569 qui
578 491 686 554 aufers
714 491 920 572 iniquitatem
950 497 984 554 et
1011 511 1079 556 sce-
1132 490 1254 554 cludere
1276 510 1313 554 ac
1334 491 1460 554 reiicere
1481 490 1553 555 cleos
1573 512 1678 556 omnes
1697 493 1847 575 portium,
1875 494 1954 574 quia
1974 496 2109 560 saeculis

96 572 182 650 lora,
212 573 299 654 opud
327 595 424 655 quem
451 573 610 641 innocens
637 598 703 640 non
732 578 795 640 crit
824 578 995 655 innocens,
1024 579 1079 657 qni
1130 578 1195 657 fere
1223 576 1363 639 orandas
1386 578 1514 657 passim
1544 578 1720 642 nantuato
1743 579 1805 658 fud
1827 581 1944 662 relipio.
1993 581 2108 645 Verum

98 658 208 723 reddis
235 659 442 740 iniquitatem
470 670 601 742 patrum
630 662 706 725 filiis
731 682 768 728 ac
789 663 969 744 nepotibus.
1013 662 1078 727 Ubi
1132 663 1256 742 quidem
1279 667 1335 739 est,
1358 663 1456 724 unius
1477 663 1541 726 Ilei
1564 684 1671 727 neuun
1692 665 1805 744 utique
1823 666 1923 745 fuisse
1943 671 2049 730 naum
2070 687 2108 732 ac

98 744 400 810 animadvertamus
443 747 512 810 eius
552 749 778 812 aeternitatem
821 752 872 810 rat
910 748 1078 826 adamatur,
1132 748 1251 812 celebre.
1294 748 1381 811 Nam
1407 750 1462 826 qni
1490 750 1640 830 impunem
1667 751 1794 814 deorum
1820 752 1943 815 turbam
1964 753 2106 831 aaran
2158 817 2162 824 ,

99 831 273 912 magnifico
301 830 358 895 illo
384 833 518 895 nomine
545 831 596 895 bis
619 835 773 915 repetito,
801 833 995 916 praedicam
1023 836 1080 899 dc-
1133 835 1250 915 quoties
1278 854 1315 896 ea
1340 836 1475 914 pennino
1499 839 1631 898 naturae
1652 856 1744 899 sensu
1767 837 1884 916 loquuti
1906 842 1991 914 sunt,
2020 858 2056 901 ac
2077 839 2108 903 si

99 916 176 980 inde
204 919 452 982 commemorari
479 919 549 981 eius
574 920 727 996 virtutes,
762 920 879 1002 quibus
906 921 999 985 nobis
1025 921 1080 985 dc·
1132 920 1223 982 unica
1251 918 1318 983 Dec
1344 921 1473 982 contenti
1500 924 1613 997 essent,
1647 923 1831 1003 sinpliciter
1862 926 1916 986 usi
1945 929 2018 987 sura
2043 924 2108 988 Dei

101 1003 255 1067 scribitur
277 1024 343 1066 non
365 1005 437 1084 quis
459 1004 503 1067 sit
523 1004 610 1085 apud
632 1027 676 1081 se,
699 1005 757 1069 sed
778 1006 883 1087 qualis
906 1026 984 1088 erga
1006 1027 1080 1085 nos;
1132 1007 1262 1069 nomine.
1307 1005 1409 1083 Atque
1436 1004 1490 1068 loc
1512 1008 1683 1087 prudenter
1711 1009 1828 1072 notauit
1852 1008 1997 1072 Iustinus
2024 1031 2108 1074 mar·

100 1098 137 1152 ut
163 1090 227 1152 ista
249 1089 318 1151 eiua
341 1090 464 1172 agnitio
486 1090 562 1153 vivo
583 1092 688 1173 magis
717 1113 828 1168 sensu,
857 1112 955 1172 quam
976 1114 1081 1156 vacua
1131 1096 1189 1171 tyr,
1212 1093 1267 1169 qui
1288 1092 1324 1154 in
1345 1089 1424 1153 lianc
1443 1090 1538 1169 tinem
1560 1093 1675 1155 librum
1691 1096 1860 1174 composuit
1878 1095 2109 1159 ‹lemonarclria

101 1183 134 1237 et
165 1176 344 1239 meteorica
376 1175 597 1256 speculatione
630 1184 763 1240 constet.
808 1177 957 1241 Virtutes
983 1199 1080 1259 porro
1133 1176 1205 1252 Ilei,
1227 1176 1282 1239 uli
1304 1197 1341 1238 ea
1357 1177 1511 1256 plurimis
1532 1180 1717 1242 testimoniis
1733 1179 1862 1242 asmndit
1878 1182 2027 1244 undmem
2044 1181 2108 1250 Dei

100 1260 231 1324 easdem
262 1261 316 1325 hic
345 1262 529 1324 enumerari
558 1261 709 1326 audimus
736 1285 815 1344 quas
837 1266 1023 1328 notavimus
1045 1265 1080 1327 in
1131 1264 1232 1343 fuisse
1254 1263 1393 1325 murciam
1414 1263 1556 1327 cordibus
1578 1265 1773 1344 truculptam.
1807 1264 1896 1328 Idem
1916 1268 2011 1330 aiam
2036 1267 2109 1330 Ter-

100 1346 188 1410 coelo
211 1355 245 1408 et
264 1355 354 1410 terra
374 1347 532 1411 relucere:
557 1348 778 1426 clementiam,
803 1350 994 1427 bonitatem,
1018 1351 1080 1412 mi·
1132 1348 1287 1412 tullianus
1315 1368 1352 1410 ee
1374 1351 1528 1431 communi
1549 1370 1686 1413 seruum
1702 1351 1821 1430 modat.
1869 1350 1929 1416 Sul
1950 1355 2027 1432 quia
2048 1373 2109 1416 orn·

100 1430 325 1514 concordiam,
359 1433 531 1510 iustitiam,
566 1433 737 1507 iudicium,
767 1436 948 1499 veritatem.
993 1436 1079 1500 Nam
1132 1454 1186 1498 nes
1206 1434 1248 1496 ad
1267 1455 1367 1496 renum
1388 1436 1525 1498 uanitate
1546 1455 1606 1498 sua
1627 1437 1674 1499 uel
1696 1437 1787 1499 tracti
1804 1437 1852 1499 cel
1868 1439 2015 1519 prolapsi
2035 1442 2110 1502 surrt

99 1519 204 1582 virtus
244 1527 278 1582 et
315 1518 461 1600 potentia
496 1519 556 1582 sub
589 1519 684 1582 titulo
716 1521 852 1584 Elohim
884 1523 1078 1586 continetur.
1133 1521 1175 1584 ad
1195 1521 1282 1600 falsa
1303 1525 1484 1591 commento,
1516 1525 1605 1600 otpire
1634 1523 1680 1583 ita
1702 1527 1891 1584 evanuerunt
1917 1543 2022 1586 corum
2042 1545 2109 1588 scn-

97 1603 222 1668 Iisdem
248 1605 347 1668 etiam
376 1604 528 1686 epithetis
555 1604 648 1667 illum
676 1606 860 1689 insigniunt
891 1608 1078 1689 prophetae,
1131 1626 1194 1682 sus,
1217 1606 1371 1684 quitquid
1392 1607 1579 1669 naturaliter
1600 1612 1761 1670 senserant
1782 1608 1819 1670 cle
1840 1609 1931 1671 ionico
1947 1609 2024 1686 Dea,
2047 1631 2108 1674 non

98 1711 200 1772 quum
229 1689 271 1754 ad
298 1690 433 1773 plenum
454 1691 572 1753 volunt
600 1700 749 1756 sanetum
772 1694 841 1756 eius
862 1713 982 1756 nomen
1005 1693 1079 1756 illu·
1132 1692 1217 1755 ultra
1239 1692 1339 1755 ualuit
1366 1692 1430 1754 nisi
1451 1697 1486 1753 ut
1507 1698 1605 1755 essent
1627 1693 1858 1756 inexcusabiles.
1902 1694 1989 1756 Nam
2011 1700 2038 1758 et
2058 1716 2109 1759 sa·

97 1785 213 1840 strare.
254 1775 306 1839 Ne
328 1777 431 1839 multa
453 1796 628 1859 congerere
649 1798 814 1860 cogamur,
838 1779 1081 1860 inpraesentia
1127 1778 1321 1859 pientissimi
1348 1778 1460 1856 quique
1481 1798 1586 1840 eorum
1608 1799 1721 1859 cauum
1747 1780 1858 1842 nuruis
1878 1798 1954 1842 suae
1976 1800 2108 1843 errorem

98 1862 195 1926 uobis
216 1861 362 1943 psalmus
384 1883 470 1925 unus
492 1861 585 1945 (145)
608 1864 761 1940 sufficiat,
791 1864 826 1927 in
847 1885 911 1945 quo
932 1873 998 1928 tam
1022 1886 1079 1927 ex·
1126 1864 1241 1944 palam
1264 1865 1419 1943 aperiunt,
1447 1863 1501 1925 udi
1524 1863 1628 1927 Deum
1649 1864 1825 1945 cummium
1846 1865 1908 1927 silri
1930 1865 2037 1929 adesse
2058 1885 2108 1929 cir·

99 1956 172 2012 acte
195 1968 324 2011 summa
351 1948 498 2011 omnium
527 1949 597 2011 eius
620 1949 782 2012 virtutum
809 1957 1012 2026 recensetur,
1043 1960 1080 2014 ut
1127 1950 1240 2030 piunt;
1268 1949 1363 2012 etita
1383 1950 1461 2011 aclis
1483 1949 1626 2013 irruerunt
1647 1951 1778 2013 incertos
1798 1950 1875 2013 deos.
1916 1951 2008 2014 Arlclc
2029 1952 2110 2032 quael

101 2033 184 2097 nihil
217 2033 373 2096 omissum
407 2032 511 2097 videri
544 2043 649 2115 queat.
694 2035 741 2097 Et
767 2035 849 2098 nihil
877 2044 987 2099 tumen
1013 2036 1080 2100 illic
1132 2035 1334 2115 multiplicem
1351 2034 1415 2098 Ilei
1437 2039 1584 2098 naturam
1605 2036 1817 2118 imapinomlo,
1841 2035 1909 2098 licet
1929 2038 2035 2101 minus
2056 2037 2108 2100 ol>-

98 2120 235 2201 ponitur
268 2119 356 2200 quod
388 2141 453 2182 non
481 2119 577 2183 liceat
604 2121 638 2182 in
673 2123 830 2185 creaturis
856 2122 1078 2203 contemplari.
1132 2121 1225 2183 surde
1252 2140 1346 2201 qnam
1372 2120 1448 2183 rude
1475 2121 1587 2202 culpus
1605 2122 1643 2185 cle
1666 2121 1752 2197 Ioue,
1782 2119 1954 2198 Mercurio,
1987 2123 2107 2201 Venere,

100 2204 193 2269 Adeo
216 2205 316 2269 talem
339 2205 514 2283 sentimus,
538 2205 742 2288 experientia
764 2208 936 2290 magistra,
959 2205 1078 2284 Deum,
1133 2206 1283 2270 Minerua
1309 2211 1337 2269 et
1364 2207 1442 2270 aliis
1468 2208 1628 2284 sentirent,
1664 2228 1725 2270 non
1751 2206 1878 2287 fuerunt
1906 2209 1971 2289 ipsi
1993 2228 2109 2288 quoque

99 2291 231 2373 qualem
251 2311 287 2354 se
309 2291 409 2354 verbo
431 2290 584 2355 declarat.
630 2292 727 2373 Apud
750 2291 922 2355 Ieremiam
947 2294 991 2376 (e,
1012 2293 1078 2378 23),
1132 2294 1284 2354 inuniunes
1307 2314 1328 2355 a
1350 2297 1480 2354 satanae
1499 2291 1651 2372 tullonis
1695 2295 1745 2355 Ac
1769 2294 1835 2354 iam
1857 2293 1936 2356 alili
1957 2294 2108 2372 diaunus,

97 2376 156 2440 ubi
176 2378 367 2458 pronuntiet
388 2376 494 2457 qualis
516 2378 647 2460 agnosci
672 2399 691 2441 a
713 2378 806 2442 nobis
824 2378 912 2455 velit,
936 2377 1079 2460 descrip-
1131 2397 1327 2456 quaecunque
1348 2378 1462 2459 cffnpia
1485 2383 1592 2458 arpalo
1612 2380 1824 2459 receptarunt
1839 2378 2028 2460 philosophi,
2050 2381 2109 2442 cri

98 2463 222 2525 monem
249 2463 402 2545 proponit
427 2483 492 2546 non
522 2463 567 2525 ita
588 2463 735 2544 plenam,
763 2462 820 2528 sed
848 2463 960 2527 eodem
983 2465 1079 2546 plane
1130 2484 1200 2526 men
1222 2463 1400 2544 defectionis
1417 2484 1479 2526 rien
1500 2464 1626 2541 dilmre,
1648 2466 1725 2545 quin
1746 2465 1784 2527 alr
1806 2465 1947 2527 amamus
1964 2470 2109 2545 cornrpta

97 2546 306 2612 recidentem.
352 2547 420 2628 Qui
443 2549 608 2630 gloriatur,
631 2549 746 2630 inquit,
771 2551 805 2611 in
828 2549 889 2614 hoc
911 2551 1077 2633 glorietur,
1129 2549 1226 2630 feeerit
1252 2548 1316 2612 Dei
1342 2550 1464 2613 aulas
1510 2548 1581 2612 Hac
1607 2552 1727 2613 ratione
1750 2549 1914 2626 Hatacuc,
1941 2549 1995 2613 udi
2022 2551 2109 2616 uiola

97 2634 185 2716 qnod
208 2654 262 2696 me
283 2636 412 2698 noverit
429 2635 609 2698 Dominum
630 2637 685 2716 qui
708 2637 791 2700 facio
813 2635 1076 2713 misericordiam,
1130 2636 1236 2698 emnia
1258 2635 1434 2711 damnauit,
1465 2635 1568 2698 Deum
1596 2637 1631 2698 in
1651 2636 1760 2717 templo
1782 2656 1838 2698 sua
1860 2656 2008 2716 quamcre
2028 2637 2109 2701 iubet

96 2719 254 2785 iudicium
294 2729 328 2784 et
365 2720 524 2784 iustitiam
564 2721 598 2784 in
631 2728 728 2786 terra.
774 2722 852 2784 Tria
884 2729 971 2784 certe
998 2721 1078 2786 haec
1131 2718 1175 2801 (2,
1196 2719 1268 2802 20),
1302 2741 1340 2783 nc
1371 2722 1473 2784 alium
1507 2720 1700 2785 admitterent
1728 2721 1834 2800 tideus
1866 2741 1961 2801 qnam
1993 2723 2047 2802 qui
2075 2742 2109 2786 se

97 2806 247 2889 apprime
268 2807 363 2871 nobis
381 2807 514 2888 cognitu
533 2815 610 2870 sunt
625 2808 821 2872 necessaria:
845 2807 1076 2883 misericordia,
1130 2807 1218 2870 cerdo
1238 2827 1294 2870 stro
1311 2808 1506 2888 patefecerat.

98 2913 164 2974 qua
193 2891 262 2956 sola
289 2891 438 2956 consistit
464 2901 577 2956 nostru
605 2894 752 2956 omnium
780 2892 882 2972 salus;
910 2892 1075 2970 iudicium,

98 2977 186 3060 quod
218 2979 255 3041 in
285 2979 464 3062 flagitiosos
490 2977 633 3059 quotidie
660 2986 847 3056 exercetur,
881 2989 914 3043 et
944 2979 1077 3061 marius

96 3065 198 3128 etiam
220 3085 275 3129 eos
296 3071 408 3128 munet
428 3065 464 3127 in
487 3071 659 3128 aeternum
680 3066 831 3142 eritium3
854 3065 990 3142 iustitia,
1013 3086 1078 3146 qua

96 3155 336 3214 conservantur
352 3149 466 3214 fideles
489 3157 523 3212 et
539 3150 613 3213 beni
663 3151 669 3163 ‘
689 3151 770 3214 sime
787 3151 947 3215 foventur.
993 3148 1075 3230 Qui·

1476 3114 1628 3181 CAPUT
1651 3115 1712 3180 XI.
1727 3115 1752 3198 ¹)

96 3236 159 3300 bus
182 3235 437 3318 comprehensis,
467 3243 499 3299 te
522 3234 609 3299 abun
633 3257 650 3300 e
673 3235 793 3300 hebere
814 3236 1005 3301 vaticinium
1027 3244 1076 3300 te·
1128 3258 1223 3341 Deo
1267 3257 1454 3338 tribuere

99 3328 207 3386 statur
237 3342 301 3402 quo
334 3323 439 3404 possis
472 3322 507 3384 in
535 3322 607 3385 Deo
640 3322 781 3404 gloriari.
825 3323 940 3405 Neque
966 3328 1076 3386 tamen
1501 3257 1710 3393 VJSIbllem
1758 3258 1936 3338 f⁰rmam
1986 3258 2104 3339 nefas

96 3408 144 3472 5¹⁸
178 3407 373 3470 omittuntur
406 3414 463 3471 ²1st
494 3407 725 3486 venustius,
756 3415 813 3473 sut
833 3408 991 3490 muntia,
1020 3415 1078 3471 aut
1130 3408 1235 3486 esse,
1268 3407 1314 3460 aa
1345 3377 1605 3486 generaliter
1631 3378 1809 3459 deficere
1842 3407 1867 3458 a
1891 3406 1987 3486 vero
2009 3378 2103 3459 Deo

96 3492 271 3568 uncum,
305 3500 363 3556 aut
394 3493 531 3558 bonitas.
582 3492 753 3574 Quomodo
783 3495 871 3559 enirn
902 3499 1075 3571 constaret,
1260 3498 1499 3608 quicunque
1531 3498 1644 3580 idola
1676 3498 1755 3579 sibi
1791 3498 1975 3608 erigunt,

96 3599 183 3662 quae
215 3575 268 3642 hic
294 3578 471 3659 requiritur
494 3579 654 3657 iustitiae,
681 3579 937 3659 misericordiae,
965 3579 1077 3644 iudicii

95 3666 168 3729 eius
191 3662 344 3740 seientia,
367 3664 429 3726 nisi
450 3665 587 3729 veritate
609 3666 679 3729 eius
701 3666 872 3730 inflexibili
893 3665 1074 3730 niteretur?
1218 3670 1244 3729 l.
1283 3665 1396 3729 Verrem
1417 3669 1452 3728 ut
1472 3665 1640 3746 scriptura,
1663 3665 1740 3728 rudi
1762 3685 1925 3744 massaque
1946 3663 2107 3728 lominmn

95 3751 143 3815 Et
174 3748 335 3832 quomodo
368 3749 555 3815 crederetur
587 3760 709 3815 terram
738 3751 857 3816 iudicio
891 3759 925 3814 et
951 3753 1077 3816 iustitia
1128 3753 1250 3835 inpenie
1278 3751 1452 3830 consulens,
1475 3750 1675 3831 populariter
1702 3752 1787 3832 loqui
1809 3752 1897 3826 solet,
1926 3750 1980 3813 uli
2000 3770 2107 3814 aermn

94 3835 269 3913 moderari,
293 3836 357 3900 nisi
378 3835 545 3902 intellecto·
567 3838 636 3902 eius
657 3837 801 3901 virtute?
836 3837 934 3903 Unde
956 3845 1075 3918 autem,
1129 3839 1234 3903 Deum
1262 3837 1401 3918 asetsis
1428 3837 1599 3900 discernere
1621 3836 1699 3913 uult,
1729 3837 1825 3901 idolis
1847 3836 2015 3916 muscipue
2037 3856 2106 3898 eum

94 3923 158 3987 nisi
193 3942 234 3985 ex
267 3922 428 4000 bonitate,
460 3922 704 3987 misericordia?
760 3921 799 3988 Si
831 3921 971 4005 denique
1004 3925 1076 3988 viae
1129 3925 1270 4006 opponit·
1298 3944 1359 3986 non
1387 3923 1468 4002 quod
1489 3923 1598 4002 prodet
1618 3916 1697 4002 quae
1718 3923 1866 3986 subtilius
1887 3927 1914 3984 et
1936 3922 2107 4002 elepantius

95 4027 211 4072 omnes
232 4009 303 4073 eius
325 4018 404 4073 sunt
425 4008 655 4086 misericordia,
678 4009 848 4087 iudicium,
871 4010 1010 4087 iustitia,
1040 4012 1075 4073 in
1129 4033 1150 4075 a
1165 4007 1364 4090 philosoplis
1382 4009 1559 4083 traduntur,
1582 4008 1636 4072 sed
1657 4028 1716 4088 quo
1732 4009 1845 4073 nulius
1862 4008 1978 4089 detepat
1994 4008 2106 4072 usundi

94 4093 161 4158 illis
188 4114 315 4177 quoque
343 4104 378 4157 et
403 4094 561 4159 sanctitas
583 4097 756 4176 conspicua
777 4104 836 4159 est.
882 4097 986 4160 Porro
1009 4118 1075 4160 non
1127 4097 1302 4171 strrltitiam,
1326 4096 1388 4158 imo
1410 4095 1579 4158 amcitiam
1602 4095 1636 4157 in
1658 4095 1831 4173 qnaernulo
1853 4093 1929 4171 Deo,
1953 4093 2105 4174 quamdin
2135 4151 2140 4159 .

94 4181 130 4244 in
153 4179 254 4243 alium
277 4201 410 4264 scopum
428 4174 620 4257 destinatur,
643 4202 725 4262 quae
742 4181 777 4244 in
795 4182 965 4263 scripturis
983 4182 1076 4247 nobis
1128 4184 1196 4246 suis
1217 4183 1347 4262 quisque
1368 4181 1630 4260 speculationibus
1651 4179 1805 4244 adiiceret.
1845 4179 2022 4243 Eeclusiua
2045 4180 2129 4260 ipi·

94 4267 287 4348 proponitur
307 4266 371 4331 Dei
393 4267 524 4343 notitia,
553 4286 650 4347 quam
672 4288 755 4348 quae
776 4268 811 4330 in
832 4269 991 4333 creaturis
1012 4269 1075 4332 im·
1127 4273 1179 4332 tur
1200 4267 1347 4347 delirritr'rr,
1369 4287 1449 4346 qnae
1471 4267 1598 4345 passim
1619 4267 1760 4343 occurrit,
1784 4268 1818 4329 in
1835 4265 1970 4329 nillilum
1991 4264 2104 4344 redipit

94 4372 210 4433 presse
231 4352 323 4416 nitet
368 4350 560 4434 Nempead
581 4349 646 4415 Dei
668 4353 819 4417 timorem
841 4354 992 4435 primum,
1019 4355 1075 4418 de·
1127 4353 1280 4435 quidquid
1311 4353 1490 4416 divinitalis
1514 4352 1652 4433 propria
1684 4353 1828 4433 opimium
1859 4351 1920 4414 sili
1946 4349 2103 4429 fabricant

94 4435 173 4501 inde
200 4437 242 4501 ad
269 4437 422 4502 fiduciam
450 4459 510 4502 nos
537 4438 671 4502 inritat:
700 4458 763 4518 quo
791 4439 914 4504 scilicet
939 4449 973 4503 ct
1000 4462 1074 4523 per·
1126 4440 1278 4516 lierni-neu
1300 4440 1377 4518 quia
1394 4439 1483 4500 lleus
1504 4439 1572 4516 ipse
1588 4438 1674 4505 solus
1695 4443 1740 4500 est
1760 4437 1796 4500 de
1814 4457 1846 4499 se
1864 4437 1992 4498 munus
2008 4434 2102 4497 testis.

95 4522 182 4589 lecta
207 4525 296 4588 vitae
322 4524 523 4600 innocentia,
553 4533 586 4586 et
612 4545 681 4587 non
709 4524 863 4588 simulata
891 4525 1075 4590 obedientia
1128 4524 1252 4589 Interea
1274 4545 1369 4603 quum
1397 4524 1447 4587 liic
1475 4525 1584 4587 brutus
1610 4528 1717 4603 stupor
1739 4527 1833 4585 totum
1855 4521 1954 4584 erlem
1976 4539 2103 4598 occupa-

94 4609 201 4674 colere
233 4609 328 4673 illum
360 4609 537 4688 discamus,
571 4617 644 4674 tum
676 4608 718 4673 ab
746 4610 816 4674 eius
843 4610 987 4675 bonitate
1014 4613 1074 4675 toti
1127 4613 1269 4688 veritat
1289 4611 1427 4674 visibiles
1449 4610 1513 4672 Dei
1533 4608 1656 4691 liparas
1677 4612 1858 4688 appeterem,
1882 4610 1971 4685 alacre
1993 4605 2039 4668 ila
2060 4625 2099 4668 ea

95 4694 287 4778 dependere.
302 4695 328 4778 ¹)
1127 4699 1224 4780 lipna,
1249 4696 1368 4777 lapide,
1392 4716 1484 4773 auro,
1507 4699 1644 4777 arpenta,
1668 4694 1770 4758 aliaue
1789 4697 1912 4756 mortua
1934 4696 2102 4771 etcorrup-

112 4792 116 4799 “
183 4785 211 4845 3.
259 4780 320 4846 Sed
339 4780 390 4845 liic
406 4801 564 4846 summam
582 4781 738 4864 peneralir
759 4781 1076 4865 annumeratum
1126 4785 1209 4848 libili
1229 4783 1363 4846 malma
1383 4783 1556 4862 formarent
1577 4781 1660 4858 deas,
1692 4780 1853 4842 tenemium
1873 4778 1961 4842 rucis
1983 4783 2027 4840 est
2048 4778 2103 4842 troc

92 4868 289 4948 propositum
314 4873 366 4931 est.
408 4869 457 4932 Ac
481 4869 588 4950 priore
611 4868 737 4949 quidem
763 4867 915 4931 mserumt
943 4871 1073 4947 naeres,
1123 4869 1333 4952 mirre-mima,
1367 4869 1465 4948 impio
1498 4867 1657 4931 macuto
1685 4866 1843 4946 ccrrmnpi
1872 4863 1936 4928 Ilei
1966 4865 2103 4946 plorimn

96 4955 287 5035 empturum
307 4959 342 5017 ut
362 4954 404 5019 ad
425 4974 533 5018 verum
548 4953 654 5018 Deum
670 4974 727 5017 nos
744 4953 870 5036 diripui,
893 4955 1005 5019 naun
1026 4976 1075 5019 er·
1128 4957 1246 5036 quoties
1267 4957 1296 5018 ei
1316 4955 1421 5035 forma
1444 4955 1513 5018 ulla
1535 4953 1705 5035 affl-upilio:
1744 4950 1855 5031 Itaque
1872 4949 1963 5014 Deus
1984 4952 2019 5014 in
2041 4951 2103 5032 lepe

1196 5160 1225 5226 1)
1247 5158 1346 5224 Confer
1360 5159 1549 5226 praecedentis
1560 5156 1687 5212 editionis
1703 5157 1769 5228 Gap.
1785 5157 1846 5211 111.
1866 5157 1888 5222 5,
1900 5153 2004 5208 24-39
2023 5156 2101 5209 cuius

166 5227 196 5294 1)
216 5226 253 5280 In
270 5229 325 5294 line
341 5228 424 5283 linus
441 5229 465 5296 5,
483 5230 617 5284 uomitu
634 5236 770 5299 arpenna
787 5235 858 5284 rant.
1128 5230 1238 5282 initium
1256 5230 1332 5282 uarie
1351 5233 1491 5280 mutatum.
