4672 5842
110 341 169 432 aar
328 336 418 402 ans.
441 335 496 401 ιιι
549 338 612 403 un
635 334 770 403 nono
792 335 1141 403 eunomianum
1164 335 1354 403 caeram
1376 337 1594 405 aarum.
1639 336 1738 405 car.
1762 339 1804 403 v.
1825 339 1885 405 vr
2049 326 2112 406 aaa
2168 288 2177 310 ’

108 526 198 611 quod
224 525 264 591 de
294 526 481 608 purgatorio
503 525 723 603 somniarunt,
751 546 811 607 pro
837 524 914 589 fidei
936 524 1086 608 dogmate
1138 527 1342 608 compositae.
1386 526 1501 609 Neque
1528 526 1561 591 id
1589 527 1786 609 loquacitate
1808 530 1922 606 nimia,
1952 530 2113 612 siquidem

109 612 224 678 haberi
246 612 317 676 sinc
338 612 527 692 quaestione
543 612 723 693 postulant
764 611 820 675 Illi
841 632 938 692 parce
959 621 992 674 et
1013 619 1086 675 tan·
1138 633 1362 693 quamcunque
1391 613 1550 676 virtutem
1571 612 1799 678 commendare
1825 616 1972 679 oratione
1995 638 2113 699 propo-

108 706 182 763 tum
200 707 238 762 ut
255 697 519 780 defungerentur,
542 698 576 760 in
596 698 821 762 communione
838 716 950 761 sacrae
968 716 1086 762 coenae
1138 699 1237 761 situm
1249 698 1301 776 sit,
1323 697 1410 762 ultro
1433 698 1528 764 stilus
1547 698 1584 762 in
1600 720 1674 763 earn
1692 699 1940 782 amplitudinem
1957 703 2114 767 materiae

108 805 185 850 suos
213 790 358 849 mortuos
387 784 459 847 Deo
485 782 764 848 commendabant.
808 782 856 847 Hi
883 792 1087 847 mortuorum
1139 783 1232 865 copia
1263 781 1448 862 deducitur,
1488 791 1526 848 ut
1557 785 1619 848 rite
1647 783 1837 851 disseruisse
1870 808 1937 850 non
1971 786 2114 854 videaris
2156 850 2160 859 ,

110 892 222 935 curam
251 868 380 934 assidue
409 875 544 952 urgent,
574 876 607 933 et
634 871 821 951 importuna
847 868 1088 952 praedicatione
1139 870 1201 932 nisi
1233 869 1338 932 multa
1370 869 1501 934 dixeris.
1557 870 1644 934 Mihi
1684 893 1761 935 vcro
1794 872 1924 937 animus
1957 895 2023 938 non
2053 881 2112 951 est,

109 957 257 1022 efficiunt
290 963 328 1020 ut
360 956 510 1019 omnibus
548 955 694 1019 caritatis
727 955 842 1020 officiis
874 956 1085 1036 praeferatur.
1139 976 1238 1038 quam
1265 975 1318 1019 me
1345 954 1545 1020 traditurum
1568 978 1657 1021 nunc
1685 957 1840 1038 profiteor
1868 959 1954 1024 vitae
1981 960 2112 1024 institu-

111 1042 203 1123 Quin
228 1042 328 1106 stiam
355 1041 517 1105 nonnulla
543 1048 693 1106 veterum
725 1042 910 1105 testimonia
943 1041 1088 1122 proferre
1139 1041 1261 1105 tionem
1287 1061 1325 1104 eo
1351 1061 1454 1122 usque
1481 1042 1671 1119 extendere,
1700 1052 1739 1106 ut
1762 1051 1795 1106 ct
1816 1045 2024 1124 peculiariter
2046 1048 2113 1110 sin-

113 1129 206 1193 nobis
228 1128 317 1192 haud
339 1127 470 1191 difficile
492 1137 591 1204 esset,
614 1147 697 1209 quae
718 1134 803 1191 totas
824 1126 897 1190 illas
920 1148 978 1208 pro
1000 1147 1087 1190 mor·
1139 1127 1232 1208 gulas
1254 1132 1469 1208 prosequatur
1490 1128 1645 1207 virtutes,
1674 1136 1708 1192 et
1735 1129 1771 1192 in
1792 1130 2035 1196 exhortationes
2056 1155 2114 1197 ex-

111 1216 176 1278 tuis
193 1233 315 1296 preces,
334 1234 416 1295 quae
434 1226 512 1277 tunc
530 1214 668 1276 usitatae
686 1219 789 1290 erant,
806 1213 977 1277 manifeste
995 1233 1088 1277 ever-
1140 1212 1306 1294 spatietur.
1351 1213 1412 1276 Ex'
1427 1212 1566 1277 aliorum
1589 1215 1733 1295 scriptis,
1760 1218 1953 1297 praesertim
1974 1240 2051 1283 vero
2072 1241 2114 1285 ex

110 1309 194 1365 tunt.
241 1298 347 1379 Quale
376 1309 426 1363 est
454 1299 514 1363 hoc
536 1299 729 1382 Augustini,
745 1301 770 1380 ¹)
794 1320 896 1381 quum
923 1317 1088 1362 resurrec-
1139 1307 1290 1363 veterum
1311 1297 1463 1376 homiliis,
1487 1299 1568 1364 haec
1589 1306 1750 1380 petantur.
1795 1301 1881 1365 Mihi
1902 1302 2031 1369 abunde
2053 1306 2116 1370 erit

110 1388 234 1451 tionem
256 1385 364 1451 earnis
387 1395 420 1448 et
442 1396 611 1449 aeternam
633 1384 770 1467 gloriam
792 1384 974 1466 exspectari
996 1383 1089 1449 docet
1140 1386 1167 1449 si
1200 1382 1390 1448 methodum
1422 1382 1606 1461 ostendero,
1640 1405 1705 1467 qua
1737 1387 1788 1450 vir
1814 1388 1887 1468 pius
1915 1389 1957 1453 ad
1988 1399 2115 1456 reatum

112 1473 153 1537 ab
181 1471 348 1549 omnibus;
376 1471 524 1551 requiem
545 1491 640 1548 vero,
670 1491 752 1551 quae
779 1478 1013 1552 postmortem
1037 1491 1088 1534 se-
1140 1468 1386 1535 constituendae
1413 1471 1500 1535 ritae
1522 1491 1656 1553 scopum
1679 1470 1873 1549 deducatur,
1902 1494 1939 1540 ac
1968 1478 2116 1559 regulam
2193 1498 2198 1521 ¹

111 1559 236 1641 quitur,
261 1573 340 1620 tuno
362 1578 624 1639 unumquemque
646 1557 805 1638 accipere,
838 1557 865 1621 si
888 1556 1007 1655 dignus
1028 1561 1087 1634 est,
1141 1555 1304 1637 quandam
1326 1557 1548 1620 universalem
1571 1556 1713 1621 breviter
1734 1559 1859 1635 finiero,
1885 1560 2045 1643 adquam
2067 1563 2115 1626 of-

109 1666 212 1728 quum
229 1643 376 1709 moritur.
411 1643 527 1723 Itaque
549 1644 619 1724 pios
640 1663 753 1707 omnes
775 1645 845 1706 nori
864 1663 973 1706 mmus
990 1661 1089 1724 quarn
1139 1642 1214 1706 ficia
1244 1662 1303 1706 sua
1332 1662 1400 1704 nou
1422 1643 1507 1705 male
1530 1642 1648 1725 exigat.
1694 1644 1996 1711 Declamationibus
2018 1669 2116 1711 suum
2232 1661 2241 1681 ⁰

111 1730 287 1813 prophetas
316 1739 349 1793 et
371 1728 533 1812 apostolos
557 1736 590 1791 et
610 1738 773 1812 martyres
796 1730 908 1794 statim
937 1750 957 1793 a
983 1735 1088 1791 morte
1142 1725 1313 1809 aliquando
1336 1728 1419 1791 torto
1442 1735 1569 1809 tempus
1592 1730 1667 1807 erit;
1694 1729 1742 1793 oet
1770 1730 1847 1794 aliis
1868 1736 1978 1812 partes
2005 1733 2117 1812 quibas

110 1818 207 1882 beata
234 1816 341 1898 quiete
368 1815 434 1878 frui
455 1822 602 1878 testatur.
648 1813 685 1879 Si
707 1814 784 1878 talis
806 1822 857 1879 est
877 1835 990 1878 eorum
1012 1833 1088 1878 eon·
1141 1833 1200 1876 aare
1221 1812 1297 1877 adeo
1318 1833 1389 1876 sam
1411 1814 1539 1878 idoams
1560 1814 1743 1895 relinquam.
1781 1815 1864 1880 Arrio
1884 1823 2001 1883 actara
2022 1818 2118 1884 treva

111 1901 206 1978 ditio,
235 1901 313 1984 quid
340 1900 406 1965 illis
433 1901 564 1965 obsecro
593 1901 760 1964 conferent
789 1910 922 1965 nostrae
955 1898 1088 1982 preces?
1142 1903 1252 1977 tatem,·
1279 1902 1307 1962 et
1333 1899 1412 1978 forte
1438 1901 1469 1963 si
1495 1899 1650 1980 wpiosias
1678 1902 1762 1980 loqui
1783 1903 1903 1978 vetlem,
1931 1925 1992 1968 area
2018 1924 2118 1970 succe·

112 1988 296 2053 Crassioros
337 1985 409 2050 illas
442 1986 702 2068 superstitiones,
743 1985 860 2068 quibus
894 1985 1089 2068 simplicium
1141 1986 1231 2050 deret.
1285 1984 1372 2065 Qsced
1404 1985 1434 2048 si
1466 1986 1604 2048 maxime
1636 1986 1824 2067 plausibilis
1856 1994 1933 2053 essct
1960 1989 2118 2071 prolixior

113 2074 240 2138 animos
262 2073 475 2150 fascinarunt,
499 2073 626 2135 omitto:
656 2094 738 2154 quae
760 2082 870 2136 tamen
892 2081 970 2136 sunt
991 2072 1090 2134 innu·
1141 2070 1270 2135 dooeadi
1308 2071 1403 2149 ratio,
1443 2072 1581 2150 experiri
1620 2076 1723 2136 maan
1763 2074 1818 2136 aia
1852 2074 1963 2139 liberet.
2015 2077 2118 2141 Prae-

113 2182 238 2237 merae,
267 2170 300 2223 st
321 2159 494 2241 pleraeque
517 2156 597 2222 adeo
620 2166 839 2240 portentosae,
862 2167 900 2221 ut
919 2157 1009 2221 nullo
1032 2157 1090 2221 ho-
1142 2157 1243 2220 sentis
1283 2162 1392 2220 autern
1430 2157 1537 2238 operis
1570 2160 1653 2221 ratio
1692 2158 1836 2240 postulat
1868 2168 1906 2222 ut
1938 2161 2117 2243 simplicem

113 2257 206 2311 nesto
228 2245 333 2309 colore
347 2255 545 2327 'praetexere
574 2244 662 2326 ipsas
682 2245 818 2325 possint.
863 2243 943 2308 Illas
963 2264 1091 2325 quoque
1143 2242 1327 2306 doctrinam
1359 2249 1483 2323 quanta
1514 2242 1624 2307 licebit
1654 2243 1814 2308 brevitate
1849 2247 2117 2330 perstringamus.

114 2332 322 2414 turpissimas
338 2329 592 2396 nundinationes
610 2339 710 2408 taceo,
734 2326 1091 2412 quasintantomrmdi
1143 2326 1428 2408 Quemadmodum
1456 2336 1567 2392 autem
1596 2339 1701 2393 certos
1728 2330 1810 2395 recti
1831 2340 1865 2395 et
1887 2333 2014 2397 honesti
2036 2335 2120 2399 fines

115 2429 248 2499 stupore
275 2439 336 2482 sua
364 2416 499 2481 libidine
526 2425 752 2483 exercuenmt.
801 2415 888 2479 Nam
917 2435 977 2480 nec
1004 2414 1091 2478 allus
1143 2413 1267 2478 habant
1294 2412 1492 2495 philosophi,
1523 2412 1611 2478 unde
1637 2415 1849 2496 particularia
1871 2419 1976 2483 officia
1998 2425 2118 2483 totum·

114 2504 245 2568 futurus
275 2512 362 2568 esset
393 2503 484 2579 finis,
517 2512 550 2566 et
582 2503 652 2566 sine
680 2501 984 2566 commemoratione
1011 2500 1092 2564 satis
1143 2521 1206 2581 que
1227 2499 1389 2563 virtutum
1411 2499 1549 2564 chorum
1571 2498 1752 2578 deducunt,
1774 2503 1821 2565 ita
1842 2525 1904 2568 nec
1924 2502 2038 2569 ordine
2061 2526 2119 2569 suo
2189 2513 2195 2522 “

116 2589 284 2654 habebunt
315 2588 368 2655 hic
401 2589 448 2670 pii
481 2589 617 2653 lectores
650 2587 737 2652 unde
770 2587 983 2653 conscientias
1014 2607 1091 2650 suas
1144 2591 1234 2651 caret
1261 2585 1296 2647 in
1319 2584 1380 2649 hoc
1403 2586 1578 2667 scriptura3
1606 2588 1685 2669 quin
1707 2587 1963 2670 pulcherrimam
1985 2611 2119 2655 oecono-

115 2676 290 2740 stabiliant
1143 2672 1244 2735 miam
1276 2678 1380 2748 tenet,
1415 2692 1452 2735 ac
1483 2670 1715 2754 philosophicis
1742 2674 1891 2739 omnibus
1918 2675 2022 2739 multo
2049 2696 2119 2740 cer-

1144 2758 1270 2821 tiorem.
1314 2756 1387 2822 Hoc
1415 2764 1545 2822 tantum
1572 2759 1723 2835 interest,
1757 2759 1842 2841 quod
1870 2760 1918 2824 illi
1947 2760 2000 2846 (ut
2026 2768 2120 2826 crant

1145 2842 1309 2907 ambitiosi
1330 2842 1495 2926 homines)
1524 2845 1719 2925 exquisitam
1747 2845 1965 2927 dispositionis
1993 2847 2119 2930 perspi-

468 2947 620 3014 CAPUT
644 2946 739 3031 VN)
1144 2929 1314 3005 ouitatem,
1343 2949 1408 3008 qua
1428 2929 1552 3012 ingenii
1575 2929 1804 2994 dexteritatem
1825 2941 2038 3010 ostentarent,
2070 2954 2121 2998 se-

116 3110 183 3190 De
213 3108 302 3191 rita
332 3108 512 3191 hominis
544 3107 778 3190 christiani:
818 3137 865 3189 ac
895 3105 1092 3218 primum,

117 3229 271 3340 quibus
303 3227 567 3341 argumentis
599 3228 653 3311 ad
683 3256 778 3310 eam
797 3257 873 3310 nos
896 3227 1094 3309 hortetur

496 3348 715 3459 scriptura.

211 3535 237 3594 l.
285 3529 418 3611 sedam
445 3531 686 3614 reperieratioais
712 3551 777 3597 esse
803 3531 959 3610 disiacus,
992 3536 1028 3595 at
1059 3532 1095 3595 ia

117 3621 185 3684 vita
209 3615 352 3698 fideliam
377 3623 529 3698 appareat
555 3617 637 3681 irater
664 3616 727 3683 Dei
755 3618 912 3682 laetitiam
926 3621 964 3705 ¹et
991 3636 1096 3680 aeram

117 3704 296 3785 obsequium
316 3703 496 3783 syrametria
516 3708 544 3767 et
564 3723 741 3782 wasemes,
769 3709 860 3785 atque
886 3705 933 3767 ita
958 3703 1097 3782 adoptio·

118 3812 188 3856 aera
210 3788 387 3868 wrsfirment
407 3809 471 3868 qua
492 3791 605 3870 recepti
626 3794 697 3854 aaa
718 3790 754 3853 ia
773 3790 864 3871 filios.
897 3788 973 3853 Etsi
993 3793 1097 3854 satem

118 3877 283 3942 medatem
310 3874 401 3939 idam
427 3895 491 3955 qao
516 3875 619 3957 *imago
640 3875 705 3941 Dei
726 3876 761 3939 ia
782 3875 869 3941 aedis
890 3876 1096 3953 insternatur,

119 3964 168 4028 lea
188 3963 295 4045 ipsias
322 3961 358 4025 ia
379 3980 412 4024 se
438 3961 579 4036 radicat,
609 3961 685 4041 qaia
712 3965 814 4026 amca
834 3961 969 4027 tarditas
989 3965 1097 4026 nostra

118 4048 227 4113 mattis
259 4053 325 4112 tam
356 4047 496 4112 stiraatis
528 4066 624 4126 qaam
655 4048 860 4114 adminiculis
892 4067 971 4130 opas
998 4046 1096 4126 babet,

115 4133 258 4216 proabdt
286 4154 328 4198 ea.
351 4134 453 4198 variis
472 4133 645 4215 scripturae
665 4133 741 4197 loeis
760 4136 913 4200 retiatum
934 4134 1015 4198 vitae
1033 4134 1098 4215 sor-

118 4221 253 4286 maadae
273 4218 658 4302 casamassancia
679 4239 735 4283 saro
757 4219 897 4285 aaroni
919 4220 1031 4301 quibas
1052 4239 1098 4282 re-

119 4305 302 4385 sipiscentia
334 4305 500 4371 earliest.
552 4302 654 4368 Porro
684 4303 764 4368 dum
790 4305 894 4370 vitam
926 4305 1098 4372 christiani

119 4390 264 4457 hominis
287 4389 494 4456 formandam
522 4390 680 4472 suscipio,
714 4400 947 4474 argumentum
972 4412 1021 4456 me
1046 4391 1098 4456 in-

121 4477 214 4561 gredi
235 4498 295 4542 aoa
315 4479 424 4560 iaaac
445 4477 575 4542 varium
597 4484 631 4540 et
652 4476 827 4558 copiosum,
849 4486 883 4542 et
900 4476 988 4560 quod
1005 4497 1098 4560 mag·

121 4561 271 4628 nitudine
293 4583 354 4628 sua
373 4563 509 4647 longum
526 4562 682 4629 volumen
704 4559 836 4644 explere
857 4564 967 4645 possit,
990 4562 1018 4627 si
1035 4583 1098 4627 nu·

121 4649 220 4714 meris
248 4649 316 4714 suis
344 4650 496 4715 omnibus
523 4649 633 4732 ipsum
655 4647 824 4714 absolvere
845 4647 952 4714 libeat.
997 4647 1099 4713 Vide·

121 4755 196 4798 mus
232 4736 320 4799 enim
358 4736 393 4799 in
431 4742 585 4818 quantam
617 4734 842 4818 prolixitatem
874 4732 1100 4798 diffundantur

123 4828 272 4885 veterum
303 4841 498 4903 paraeneses
530 4821 571 4886 de
598 4820 739 4905 singulis
767 4827 895 4884 tantum
921 4818 1099 4887 virtutibus

197 5012 328 5020 -1———m

142 5196 148 5208 .
170 5197 176 5208 ι
196 5126 224 5195 1)
241 5126 342 5209 Iiomil.
366 5130 505 5195 inloann.
523 5126 566 5182 49.
590 5145 611 5181 c.
632 5127 673 5210 ld.
709 5129 782 5182 Vide
806 5129 920 5183 eundem
936 5125 1041 5211 Hbf·.4”.
1065 5126 1100 5209 ds

122 5265 451 5333 ...a
468 5196 574 5333 ..a
591 5196 811 5335 ιιι
972 5196 1101 5252 ...a

1145 3013 1222 3078 dulo
1245 3014 1454 3092 affectarunt,
1478 3015 1614 3097 spiritus
1633 3026 1714 3080 vero
1731 3015 1809 3095 Dei,
1832 3018 1909 3099 quia
1931 3019 2002 3082 sine
2024 3019 2122 3084 affec·

1144 3101 1268 3164 tatione
1295 3097 1446 3179 docebat,
1478 3122 1545 3165 non
1572 3101 1619 3166 ita
1645 3108 1758 3167 exacte
1785 3124 1845 3168 nec
1873 3110 2029 3185 perpetuo
2053 3124 2122 3168 me-

1145 3185 1310 3250 thodicam
1341 3186 1503 3251 rationem
1531 3187 1730 3267 observarit,
1769 3210 1867 3270 quam
1899 3197 2010 3254 tamen
2042 3189 2123 3253 dum

1146 3271 1264 3420 ιιιοιᾶιί
1292 3272 1398 3354 ponit,
1425 3273 1506 3337 satis
1535 3273 1643 3337 innuit
1669 3294 1736 3338 non
1764 3295 1835 3339 esse
1860 3275 1996 3340 anobis
2017 3275 2122 3358 negli-

1147 3379 1211 3441 gen
1235 3378 1297 3421 am.

1176 3496 1179 3507 .
1232 3447 1261 3507 2.
1295 3443 1400 3508 Porro
1422 3442 1549 3509 duabus
1569 3444 1776 3526 potissimum
1796 3445 1945 3529 partibus
1965 3444 2126 3511 incumbit

1147 3529 1239 3607 haee,
1261 3528 1302 3594 de
1323 3550 1388 3610 qua
1408 3529 1583 3612 loquimur,
1609 3531 1789 3612 scripturae
1810 3532 1983 3597 institutio.
2026 3533 2125 3597 Prior

1147 3622 1212 3692 est,
1237 3621 1277 3678 ut
1296 3614 1442 3679 iustitiae
1464 3635 1572 3694 amor,
1601 3615 1644 3680 ad
1664 3637 1761 3698 quem
1783 3617 1902 3700 alioqui
1924 3625 2042 3682 natura
2062 3619 2124 3682 mi·

1148 3702 1237 3765 nime
1262 3701 1415 3783 propensi
1444 3722 1573 3779 sumus,
1603 3702 1720 3767 animis
1743 3704 1866 3768 nostris
1887 3704 2065 3768 instilletur
2087 3725 2124 3768 ae

1148 3786 1323 3865 inferatur,
1358 3784 1476 3865 altera,
1510 3793 1548 3850 ut
1579 3788 1673 3852 nobis
1702 3809 1818 3853 norma
1845 3790 2044 3870 praescripta
2072 3788 2123 3866 sit,

1148 3894 1231 3957 quae
1263 3893 1323 3937 nos
1354 3873 1390 3936 in
1422 3871 1564 3938 iustitiae
1602 3873 1709 3939 studio
1743 3874 1895 3938 aberrare
1927 3893 1994 3936 non
2028 3873 2123 3939 sinat.

1149 3956 1436 4024 Commendandas
1464 3968 1574 4024 autem
1600 3959 1746 4023 iustitiae
1768 3960 1910 4023 rationes
1932 3958 2031 4023 habet
2052 3961 2125 4043 plu-

1149 4046 1249 4110 rimas
1272 4054 1304 4109 et
1324 4045 1479 4126 optimas,
1508 4066 1550 4109 ex
1578 4045 1695 4126 quibus
1721 4043 1841 4108 multas
1864 4066 1965 4127 supra
1987 4045 2126 4127 ffirersis

1149 4131 1228 4197 locis
1250 4132 1445 4208 notavimus,
1468 4130 1642 4195 nonnullas
1664 4128 1772 4195 adhuc
1790 4130 1934 4196 breviter
1955 4131 2008 4197 hic
2026 4135 2127 4197 attin-

1191 4238 1273 4283 mus
1309 4219 1421 4300 Aque
1441 4216 1652 4281 fundamento
1670 4215 1787 4280 melius
1810 4215 2006 4294 exordiatur,
2029 4239 2127 4300 quam

1150 4239 1231 4367 deum
1258 4302 1411 4367 admonet
1438 4323 1497 4367 uos
1527 4302 1724 4367 sancnfiari
1746 4312 1910 4384 oportere,
1938 4305 2015 4385 quia
2035 4304 2127 4367 Deus

1150 4397 1261 4454 noster
1278 4396 1410 4454 sanctus
1428 4396 1479 4453 est
1495 4387 1618 4473 (Lavit.
1640 4391 1689 4464 19,
1711 4393 1724 4450 1
1746 4409 1828 4470 seq.;
1855 4392 1867 4450 l
1889 4389 1977 4452 Petr.
2001 4394 2027 4465 l,
2050 4387 2125 4473 16)?

1151 4472 1322 4558 Siquidem
1354 4496 1456 4557 quum
1482 4475 1587 4540 instar
1615 4473 1825 4539 disiectarum
1851 4474 1961 4538 ovium
1991 4472 2127 4555 dispersi

1151 4582 1312 4639 essemus,
1341 4582 1379 4626 ac
1400 4582 1459 4642 per
1480 4559 1596 4624 mundi
1617 4558 1845 4644 labyrinthum
1867 4557 2030 4640 dissipati,
2057 4559 2128 4642 ipsc

1151 4668 1211 4712 nos
1238 4645 1419 4729 recollegit,
1451 4651 1489 4710 ut
1516 4645 1579 4712 sibi
1606 4652 1808 4730 aggregaret
1854 4642 1967 4724 Quum
1995 4653 2129 4711 nostroe

1152 4755 1227 4800 oum
1248 4732 1322 4796 Deo
1344 4731 1580 4797 coniunctionis
1602 4732 1802 4797 mentionem
1825 4729 1990 4809 audimus,
2012 4732 2129 4796 memi-

1151 4819 1297 4884 nerimus
1330 4817 1539 4882 sanctitatem
1575 4825 1724 4899 oportere
1754 4817 1826 4881 eius
1859 4837 1931 4882 esse
1963 4817 2127 4900 copulam:

1151 4926 1219 4971 non
1243 4903 1321 4987 quia
1342 4901 1525 4968 sanctitatis
1546 4904 1664 4967 merito
1685 4902 1857 4967 veniamus
1884 4903 1920 4966 in
1949 4904 2020 4968 eius
2041 4918 2129 4969 oom-

1151 4990 1343 5055 munionem
1366 4987 1484 5072 (quum
1505 4988 1614 5069 potius
1636 4986 1815 5054 massera
1836 4988 1943 5070 primo
1963 4988 2013 5053 illi
2035 5010 2130 5073 opor·

1151 5081 1222 5141 teat
1247 5082 1286 5140 ut
1313 5075 1383 5138 eius
1407 5074 1582 5139 sanctitate
1602 5075 1728 5157 pertusi
1748 5094 1919 5155 aequom
1940 5095 2000 5155 qao
2020 5075 2130 5160 acea),

1153 5160 1392 5244 sedquoniam
1418 5157 1460 5222 ad
1488 5160 1558 5226 eius
1586 5161 1724 5245 gloriam
1751 5180 1951 5244 magnopere
1978 5163 2130 5244 pertinet,

1154 5267 1222 5313 non
1248 5267 1320 5312 esse
1346 5245 1397 5311 illi
1418 5247 1618 5313 consortium
1644 5268 1720 5314 oum
1741 5246 1913 5329 iniquitate
1935 5254 1969 5311 et
1987 5248 2131 5313 imman-

1870 5344 1926 5402 32*
