4672 5842
266 287 328 348 '191
917 273 1182 344 INSTITUTIO
1204 274 1309 341 Rffli.
1330 276 1511 344 olimst.
1534 281 1625 342 1559.
2208 277 2273 339 792

268 471 406 537 nonita
432 466 682 551 intelligendum
704 476 762 545 est,
791 467 883 549 quasi
910 468 979 550 ipse
1011 487 1070 549 per
1103 488 1137 532 se
1170 486 1242 530 cam
1269 468 1273 541 i
1297 475 1410 550 speetu
1431 467 1510 543 Dei,
1533 467 1604 531 sine
1626 487 1841 549 personarum
1863 466 2063 548 acceptione,
2086 484 2142 528 eas
2165 462 2277 527 distm-

270 552 522 622 sollicitudinem
552 556 703 637 gesserit;
731 553 789 618 sed
818 552 895 635 quia
921 553 1024 635 ipsius
1052 560 1123 618 crat
1148 574 1243 636 prae·
1269 548 1273 641 Ι
1297 553 1396 618 haere
1424 552 1542 635 quibus
1571 551 1737 616 debentur.
1782 551 1872 615 Hinc
1895 550 2025 614 stillae
2054 548 2143 632 apud
2165 547 2276 633 Chry-

269 641 410 706 scribere
423 639 567 715 diacono,
579 641 635 722 qui
652 641 687 704 in
704 639 867 722 publicam
885 638 1038 703 ecclesiae
1056 639 1244 703 alimoniam
1270 652 1273 711 ξ
1298 652 1487 715 scammum,
1506 638 1728 709 Ambrosium,
1747 638 1982 720 augustinum,
2001 648 2035 700 et
2052 635 2132 700 alios
2151 635 2277 702 similes

268 725 449 808 recipiendi
471 734 591 803 essent,
615 725 655 790 de
678 748 715 790 eo
736 724 821 808 quod
839 724 1006 789 residuum
1025 736 1105 802 erat,
1128 725 1245 806 quibus
1269 766 1273 811 Ι
1298 726 1479 808 episcopos,
1510 745 1628 807 graves
1657 721 1903 799 obtestationes,
1934 723 2052 805 quibus
2074 742 2171 785 suam
2192 722 2276 786 inte·

269 822 302 877 et
329 820 491 894 quantum
519 813 635 893 cuique
663 808 865 894 erogandum
893 818 992 875 esset:
1022 813 1098 893 quia
1118 813 1245 893 inspec·
1270 816 1274 855 1
1298 812 1450 894 gritatem
1474 808 1515 873 ad
1536 810 1693 892 populum
1715 822 1913 874 asseverant.
1954 807 2066 888 Quum
2089 814 2200 871 autem
2224 830 2277 872 ae-

267 899 392 962 tionem
420 897 561 962 habebat
589 919 631 961 an
659 898 712 960 hic
738 896 879 960 fideliter
905 906 1139 979 exsequeretur
1159 895 1244 979 quod
1270 922 1273 963 ι
1298 919 1401 979 quum
1428 897 1486 972 sit,
1515 905 1549 958 et
1571 894 1706 959 Domini
1727 896 1828 959 etiam
1850 895 1923 978 lege
1945 896 2125 970 sancitum,
2155 906 2193 956 ut
2221 894 2278 975 qui

269 984 368 1049 officii
396 983 448 1048 sui
475 993 567 1047 esset.
613 981 670 1048 Sic
696 984 784 1046 enim
806 983 842 1045 in
864 983 1042 1048 canonibus
1065 1004 1147 1066 quos
1169 1004 1245 1065 apo-
1270 980 1274 1057 l
1299 1004 1392 1047 suam
1410 983 1564 1047 ccclesiae
1582 1002 1714 1063 operam
1732 980 1936 1062 impendunt,
1960 979 2098 1064 publicis
2119 979 2278 1044 eeclesiae

272 1069 363 1134 stolis
397 1067 587 1133 adscribunt
618 1069 757 1151 legitur:
798 1070 1016 1151 praecipimus
1049 1079 1088 1132 ut
1118 1070 1154 1133 in
1187 1090 1247 1133 sua
1271 1062 1274 1129 Ξ
1299 1069 1484 1152 sumptibus
1517 1067 1662 1144 alantur,
1697 1080 1731 1131 et
1762 1066 1911 1131 nonnulli
1943 1067 2043 1130 etiam
2075 1087 2113 1129 eo
2148 1065 2279 1131 saeculo

268 1164 429 1240 potestate
459 1177 512 1218 res
539 1154 692 1219 ecelesiae
722 1154 842 1218 habeat
866 1154 1045 1237 episeopus.
1092 1152 1130 1219 si
1157 1156 1246 1219 enim
1271 1140 1275 1175 ¹
1299 1155 1496 1239 presbytcri,
1520 1152 1725 1235 patrimoniis
1747 1154 1814 1217 suis
1836 1153 1908 1217 Deo
1931 1151 2137 1227 consecratis,
2160 1151 2279 1215 volun·

271 1243 400 1306 animae
439 1241 609 1303 hominum
647 1241 853 1322 pretiosiores
893 1240 943 1304 illi
982 1241 1124 1306 creditae
1160 1248 1245 1318 sunt,
1272 1236 1276 1327 l
1300 1241 1377 1304 tarii
1399 1261 1557 1322 pauperes
1580 1240 1656 1303 faeti
1678 1246 1802 1315 essent,
1833 1238 1908 1302 talis
1936 1248 2004 1301 erat
2033 1236 2221 1302 distributio
2244 1250 2280 1302 ut

272 1328 377 1392 multo
404 1327 510 1409 magis
538 1325 629 1391 decet
656 1347 731 1390 eum
761 1347 874 1392 curam
897 1325 937 1389 de
960 1328 1108 1410 pecuniis
1136 1348 1247 1409 agere:
1273 1334 1276 1421 j
1300 1349 1361 1391 nec
1388 1327 1550 1390 ministris
1578 1324 1728 1389 deessent
1756 1325 1927 1402 alimenta,
1959 1331 1991 1387 et
2019 1343 2183 1406 pauperes
2211 1346 2280 1387 non

272 1415 320 1477 ita
343 1422 379 1476 ut
401 1413 470 1475 eius
492 1419 652 1494 potestate
675 1412 786 1476 omnia
802 1413 1001 1495 pauperibus
1019 1411 1250 1495 dispensentur
1273 1436 1277 1485 ε
1300 1413 1554 1496 negligerentur.
1588 1409 1776 1475 Carebatur
1793 1421 1904 1475 tamen
1923 1409 2056 1473 interim
2074 1430 2116 1472 ne
2134 1409 2280 1473 ministri

272 1521 331 1582 per
349 1498 555 1580 presbyteros
574 1507 606 1561 et
625 1496 792 1576 diaconos;
815 1505 852 1561 ut
870 1519 945 1562 cum
967 1500 1083 1563 timore
1106 1509 1137 1563 et
1160 1499 1249 1562 omni
1273 1500 1277 1569 l
1301 1499 1377 1582 ipsi,
1413 1498 1468 1580 qui
1501 1497 1697 1580 frugalitatis
1724 1497 1912 1580 exemplum
1939 1493 2017 1559 dure
2045 1494 2119 1557 aliis
2149 1493 2280 1573 debent,

273 1582 492 1649 sollieitudine
514 1583 752 1647 ministrentur.
796 1584 842 1648 Et
863 1585 899 1647 in
920 1585 1055 1649 concilio
1084 1584 1249 1649 antioche·
1273 1576 1277 1653 i
1301 1592 1432 1649 tantum
1459 1584 1619 1648 haberent
1647 1581 1734 1645 unde
1763 1581 1805 1647 ad
1824 1581 1942 1647 luxum
1963 1590 2020 1645 aut
2042 1580 2177 1645 delicias
2198 1582 2281 1646 abu·

269 1691 313 1734 no
327 1670 352 1751 ¹)
375 1668 542 1733 decretum
564 1677 614 1732 est
635 1682 673 1732 ut
694 1677 905 1735 coerceantur
926 1670 1078 1753 episcopi,
1102 1672 1157 1752 qai
1180 1671 1250 1734 sine
1273 1658 1276 1729 !
1302 1678 1463 1746 terantur,
1492 1668 1547 1734 sed
1577 1668 1741 1732 duntaxat
1768 1690 1832 1750 quo
1854 1690 1950 1732 suam
1972 1667 2116 1749 inopiam
2137 1669 2281 1731 sustine·

269 1755 536 1838 presbyterorum
560 1765 593 1818 et
615 1754 828 1819 diaconorum
852 1756 1050 1821 conscientia
1073 1778 1125 1820 res
1148 1755 1249 1820 ecele-
1273 1734 1277 1817 l
1302 1767 1386 1820 rent.
1431 1754 1497 1835 Qui
1520 1755 1607 1819 enim
1630 1755 1722 1818 bonis
1744 1764 1920 1837 parentum
1942 1753 2119 1818 sustentari
2139 1762 2282 1836 possunt

270 1842 337 1906 siae
359 1850 570 1922 pertractant.
611 1838 679 1905 Sed
700 1839 740 1904 de
763 1863 800 1905 eo
822 1861 888 1904 non
911 1854 962 1906 est
985 1842 1114 1926 longius
1137 1840 1248 1925 dispu-
1273 1840 1277 1913 ξ
1301 1842 1419 1917 elerici,
1443 1843 1549 1922 inquit
1571 1840 1805 1923 Hieronpmus,
1820 1841 1844 1922 ¹)
1867 1840 1896 1904 si
1917 1838 2003 1921 quod
2025 1859 2207 1921 pauperum
2231 1850 2280 1904 est

269 1926 417 2003 tandum,
437 1947 539 2009 quum
557 1948 598 1989 ex
615 1927 766 2009 plurimis
778 1926 931 2010 Gregorii
949 1929 1094 2010 epistolis
1112 1936 1247 2004 constet,
1302 1929 1475 2010 accipiunt,
1498 1926 1705 2009 sacrilegium
1724 1925 1941 2003 committunt,
1961 1938 1993 1989 et
2011 1945 2070 2007 per
2088 1925 2281 1989 abusionem

270 2012 326 2077 illo
348 2033 474 2094 quoque
493 2021 647 2094 tempore,
670 2034 733 2094 quo
755 2013 836 2077 alias
858 2013 1095 2078 ecclesiasticae
1116 2013 1248 2078 ordina·
1301 2012 1459 2078 eiusmodi
1482 2012 1639 2078 iudicium
1662 2012 1724 2076 sibi
1746 2010 1946 2076 manducant
1969 2023 2001 2075 et
2024 2009 2151 2074 bibunt.

269 2099 377 2161 nones
402 2097 542 2160 multum
566 2098 699 2162 vitiatae
721 2108 831 2177 erant,
855 2099 939 2164 hane
963 2110 1072 2164 tamen
1094 2100 1247 2164 observa·
1272 2110 1276 2137 ¹
1388 2103 1416 2163 7.
1461 2098 1628 2180 Principio
1658 2097 1761 2161 libera
1788 2106 1822 2160 et
1848 2097 2034 2161 voluntaria
2056 2097 2119 2160 fuit
2141 2096 2281 2160 admini-

269 2185 395 2248 tionem
418 2182 567 2261 durasse,
598 2198 636 2247 ut
663 2182 790 2249 diaconi
812 2183 874 2249 sub
895 2186 1044 2268 episcopo
1066 2207 1248 2268 pauperum
1300 2186 1431 2263 stratio,
1460 2207 1562 2267 quum
1584 2194 1699 2266 sponte
1722 2183 1836 2247 fideles
1858 2201 1965 2247 essent
1986 2182 2129 2265 episcopi
2152 2203 2191 2248 ac
2212 2182 2281 2247 dia·

271 2279 381 2334 essent
403 2271 577 2333 oeconomi.
612 2269 866 2352 Hypodiaeonos
884 2271 1063 2336 verisimile
1082 2281 1132 2335 est
1148 2272 1248 2336 trisse
1299 2274 1388 2348 coni,
1420 2282 1453 2333 et
1482 2270 1700 2335 conscientiae
1723 2269 1895 2352 integritas
1916 2269 2068 2350 vitaeque
2091 2269 2282 2334 innocentia

270 2355 364 2418 initio
387 2354 531 2419 diaconis
554 2354 736 2433 attributos,
760 2365 928 2420 uteorum
946 2379 1045 2439 opera
1063 2358 1149 2422 circa
1167 2377 1248 2440 pau·
1299 2379 1359 2440 pro
1381 2357 1508 2440 legibus
1531 2357 1624 2419 foret.
1656 2354 1794 2431 Deinde,
1818 2376 1919 2435 quum
1936 2376 1978 2418 ex
1995 2353 2203 2435 quorundam
2225 2377 2280 2418 cu·

270 2462 365 2523 peres
387 2448 560 2504 uterentur
567 2464 575 2520 ;
602 2440 660 2505 sed
686 2440 769 2505 illud
790 2441 966 2507 discrimen
988 2443 1149 2525 paulatim
1170 2465 1247 2508 con-
1299 2443 1434 2526 piditate
1452 2442 1503 2505 rel
1518 2442 1629 2524 prauis
1648 2440 1764 2504 studiis
1782 2448 1995 2506 nascerentur
2012 2439 2100 2504 mala
2118 2440 2280 2524 exempla,

271 2526 381 2590 fusum
402 2527 473 2590 fuit.
519 2526 751 2592 Archidiaconi
773 2536 883 2592 autem
905 2530 1010 2594 creari
1032 2542 1112 2594 tunc
1133 2551 1247 2611 coepe·
1299 2529 1341 2594 ad
1363 2530 1443 2594 haec
1465 2528 1546 2592 vitia
1568 2526 1760 2609 corrigenda
1783 2526 1952 2608 compositi
1963 2540 2040 2590 sunt
2059 2547 2213 2603 canones,
2226 2526 2282 2608 qui

271 2619 358 2689 runt,
377 2634 479 2694 quum
501 2611 682 2695 amplitudo
703 2613 896 2678 facultatum
912 2636 1032 2679 novam
1054 2626 1088 2679 et
1105 2617 1247 2681 exactio-
1298 2615 1452 2681 ecclesiae
1474 2613 1600 2678 reditus
1620 2615 1924 2695 inquatuorpartes
1936 2611 2123 2686 diviserunt,
2137 2633 2283 2692 quarum

273 2719 342 2762 rem
370 2696 622 2763 administrandi
650 2700 810 2764 rationem
836 2701 1032 2782 postularet;
1059 2723 1248 2784 quanquam
1299 2701 1621 2784 unamassignarunt
1632 2698 1767 2776 clericis,
1780 2698 1916 2762 alteram
1928 2695 2129 2780 pauperibus,
2142 2698 2282 2760 tertiam

270 2783 495 2868 Hieronymus
506 2784 536 2868 2)
564 2785 631 2848 iam
658 2792 765 2850 aetate
792 2807 853 2850 sua
879 2787 979 2851 fuisse
1006 2796 1247 2853 commemorat
1273 2792 1275 2797 ’
1300 2785 1546 2853 sacrisaedibus
1568 2797 1602 2849 et
1628 2784 1701 2849 aliis
1727 2783 1882 2849 aedificiis
1901 2783 1998 2848 sartis
2018 2781 2108 2846 tectis
2132 2781 2281 2861 tuendis,

272 2869 357 2934 Erat
379 2878 490 2934 autem
511 2892 611 2954 penes
632 2892 688 2936 eos
710 2892 838 2936 summa
865 2872 1045 2950 redituum,
1074 2874 1249 2956 possessio·
1299 2884 1450 2956 quartam
1460 2893 1538 2938 vero
1550 2876 1614 2934 tom
1626 2869 1760 2935 advenis
1782 2891 1878 2952 quom
1898 2869 2052 2953 indigenis
2067 2868 2281 2950 pauperibus

272 2956 1249 3126 tesam
1301 2981 1609 3111 ..n
1622 2957 1992 3124 necess
1999 3039 2269 3123 a...

274 3125 456 3203 denuntiat,
479 3138 574 3193 reatu
596 3130 809 3194 constrictum
833 3131 940 3194 teneri
961 3132 1085 3214 ipsum,
1116 3133 1144 3196 si
1171 3130 1249 3214 quid
1301 3132 1415 3214 Neque
1437 3132 1525 3195 enim
1546 3130 1713 3213 propriam
1730 3128 1801 3193 eius
1819 3150 1889 3193 esse
1907 3127 2030 3204 volunt,
2054 3138 2093 3190 ut
2114 3125 2169 3191 rel
2191 3127 2279 3190 solus

273 3234 314 3276 ex
336 3212 430 3277 bonis
453 3214 605 3279 ecclesiae
627 3215 680 3279 vel
702 3214 916 3298 negligentia,
940 3217 991 3282 vel
1014 3216 1113 3281 ullius
1134 3216 1250 3282 hande
1301 3219 1372 3300 ipse
1393 3218 1591 3301 ingurgitet,
1622 3214 1675 3280 vel
1696 3235 1760 3297 quo
1782 3214 1916 3279 libuerit
1936 3211 2127 3297 profundat,
2157 3211 2216 3277 sed
2242 3221 2280 3276 ut

273 3296 456 3380 deperierit
492 3298 588 3380 Quod
607 3308 718 3364 autem
735 3302 898 3385 evangelii
916 3301 958 3366 ad
975 3302 1133 3385 populum
1153 3303 1250 3369 lectio
1303 3303 1532 3386 hospitalitati,
1566 3323 1665 3385 quam
1698 3299 1740 3364 ab
1772 3298 1886 3364 ordine
1917 3299 1972 3362 illo
2005 3298 2132 3364 Paulus
2166 3299 2278 3381 exigit,

271 3383 337 3448 illis
355 3383 504 3463 dabatur,
522 3393 555 3449 et
571 3386 755 3450 exhortatio
773 3387 815 3451 ad
832 3387 1049 3471 precandum;
1067 3389 1152 3472 quod
1171 3391 1250 3454 item
1302 3389 1451 3454 sufficiat.
1485 3390 1594 3470 Atque
1617 3389 1663 3450 ita
1685 3387 1944 3469 interpretantur
1961 3384 2115 3450 Gelasius
2137 3384 2278 3450 et·Gre-

274 3468 315 3532 sd
337 3471 571 3554 porrigendum
594 3473 627 3535 in
649 3493 742 3537 sacra
764 3494 864 3538 coena
891 3475 1026 3540 calicem
1052 3473 1250 3540 adhibeban·
1301 3477 1421 3559 gorius.
1436 3473 1466 3557 ²)
1508 3474 1582 3537 Non
1608 3473 1696 3538 enim
1719 3471 1817 3536 aliam
1838 3473 2000 3536 rationem
2021 3469 2156 3535 adducit
2178 3470 2279 3536 Gela·

273 3566 344 3632 tur,
373 3555 407 3619 id
434 3558 581 3622 muneris
607 3557 746 3623 ornandi
775 3579 874 3624 causa
900 3560 1013 3639 fiebat,
1042 3584 1106 3645 quo
1134 3563 1250 3626 maiori
1301 3561 1369 3625 sius
1391 3581 1449 3625 our
1471 3560 1532 3624 sibi
1554 3557 1730 3642 quidquam
1757 3559 1927 3641 episcopus
1954 3556 2120 3631 vendicet,
2150 3558 2216 3621 nisi
2242 3566 2280 3621 ut

271 3639 430 3724 religione
451 3644 560 3726 ipsum
577 3645 714 3723 obirent,
737 3667 838 3728 quum
856 3645 1110 3712 admonerentur
1127 3645 1250 3712 talibus
1301 3647 1438 3731 captivis
1471 3656 1504 3710 et
1536 3644 1719 3729 peregrinis
1757 3643 1872 3727 largiri
1910 3652 2016 3726 queat
2072 3643 2118 3706 Et
2157 3643 2280 3707 clarius

272 3728 429 3809 symbolis
457 3751 524 3793 non
552 3752 623 3796 esse
651 3732 824 3814 profanam
851 3731 994 3815 aliquam
1016 3733 1249 3800 villicationem
1301 3732 1482 3797 etiamnum
1501 3732 1644 3814 loquitur
1661 3730 1852 3814 Gregorius.
1886 3730 1961 3794 Mos
1977 3741 2037 3805 est,
2060 3729 2176 3811 inquit,
2199 3748 2280 3811 apo-

607 3817 665 3881 ...
935 3829 970 3883 ..
1002 3818 1075 3884 Da
1108 3819 1249 3884 r...
1300 3813 2282 3984 {susurramus

358 3990 387 4049 6.
432 3988 521 4053 Hinc
555 3989 654 4053 etiam
686 3988 829 4053 iudicare
861 3989 952 4068 licet,
980 3990 1052 4072 quis
1090 3988 1248 4055 bonorum
1301 3991 1420 4054 tiones:
1445 3924 1680 4054 unapveideliccl
1699 3989 1848 4071 episcope
1866 3996 1900 4051 et
1915 3986 2057 4051 familiae
2072 3986 2150 4059 eius,
2173 4006 2282 4068 prop-

272 4070 563 4137 ecclesiasticorum
594 4097 673 4139 usus
699 4076 813 4152 fuerit,
842 4085 876 4138 et
903 4076 1010 4157 qualis
1038 4075 1246 4159 dispensatio.
1300 4084 1351 4140 ter
1372 4075 1627 4158 hospitalitatem
1649 4084 1746 4157 atque
1768 4074 2022 4156 susceptionem
2043 4069 2146 4135 altera
2168 4069 2281 4152 clero;

271 4155 400 4220 Passim
422 4166 492 4221 tum
513 4161 550 4222 in
571 4160 773 4243 synodorum
794 4158 948 4240 decretis,
977 4172 1047 4226 tum
1075 4161 1161 4246 apud
1190 4185 1247 4227 ve-
1299 4162 1396 4226 tertia
1416 4161 1613 4244 pauperibus
1619 4185 1627 4238 ;
1649 4168 1767 4243 quarta
1787 4159 1979 4243 reparandis
1996 4156 2145 4223 ecelesiis.
2178 4156 2283 4222 Nihil

267 4254 375 4307 tustos
392 4246 567 4327 scriptores
588 4248 742 4331 reperias,
765 4246 1090 4332 quidqndpossidet
1111 4249 1248 4314 ecclesia
1298 4269 1376 4331 ergo
1398 4249 1546 4330 episcopo
1563 4247 1599 4309 in
1617 4268 1716 4311 suum
1734 4267 1830 4310 usum
1846 4267 1963 4329 capere
1980 4244 2078 4323 licuit,
2098 4243 2166 4307 nisi
2188 4244 2281 4326 quod

265 4328 320 4393 rel
342 4330 376 4392 in
399 4331 517 4409 fundis,
540 4331 592 4395 rel
615 4333 651 4395 in
672 4334 825 4415 pecunia,
847 4355 1030 4417 pauperum
1050 4355 1121 4398 esse
1143 4336 1246 4418 patri·
1298 4333 1340 4397 ad
1356 4332 1562 4397 moderatum
1579 4333 1805 4417 frugalemque
1823 4334 1947 4396 victum
1965 4353 2003 4396 ac
2020 4331 2178 4396 vestitum
2196 4332 2280 4396 satis

265 4416 422 4479 monium.
467 4416 583 4500 Itaque
611 4418 748 4483 subinde
775 4418 843 4483 illic
871 4419 952 4485 haec
974 4419 1138 4485 cantilena
1159 4421 1244 4503 epis-
1296 4421 1391 4484 esset
1436 4418 1534 4499 Quod
1555 4421 1582 4483 si
1604 4421 1677 4502 quis
1699 4419 1893 4484 insolescere
1914 4419 2081 4500 coepisset,
2102 4416 2157 4480 vel
2181 4416 2278 4495 luxu,

266 4501 355 4583 copis
388 4509 421 4565 ct
455 4502 598 4568 diaconis
626 4505 772 4582 canitur,
807 4514 845 4568 ut
871 4506 1083 4570 meminerint
1111 4527 1146 4572 se
1176 4527 1243 4570 non
1296 4505 1349 4570 vel
1370 4506 1585 4571 ostentatione
1607 4526 1645 4571 ac
1666 4525 1800 4588 pompa,
1828 4503 1942 4567 statim
1964 4525 1985 4567 a
2006 4501 2140 4584 collegis
2170 4505 2279 4586 repri-

263 4587 414 4669 proprias
443 4609 534 4671 opes,
563 4589 621 4653 sed
649 4612 831 4672 pauperum
853 4593 1040 4656 necessitati
1062 4591 1243 4658 destinatas
1294 4591 1461 4670 mebatur;
1483 4593 1547 4658 nisi
1567 4593 1739 4676 paruisset,
1763 4590 1886 4654 honore
1908 4588 2131 4654 abdicabatur.

264 4682 453 4751 attrectare
476 4677 604 4757 quassi
625 4676 713 4740 mala
734 4675 798 4741 fide
820 4679 1026 4760 supprimant
1047 4687 1105 4741 aut
1126 4678 1241 4760 dilapi·
1379 4681 1409 4742 8.
1454 4679 1573 4758 Porro,
1597 4678 1682 4761 quod
1703 4679 1740 4741 in
1762 4684 1915 4740 ornatum
1936 4695 2105 4740 sacrorum
2126 4675 2278 4740 mutere-

265 4755 353 4834 dent,
377 4760 425 4824 rei
448 4762 619 4846 sanguinis
646 4763 749 4826 futuri
775 4763 850 4826 sint.
894 4763 993 4829 Unde
1021 4762 1241 4828 admonentur
1292 4762 1386 4845 bant,
1413 4786 1573 4850 perquam
1600 4765 1760 4848 exiguum
1781 4764 1886 4846 prim0
1908 4768 1992 4839 013ῒὶ
2015 4757 2144 4839 deinde»
2172 4784 2278 4844 quum

263 4863 339 4907 cum
368 4868 497 4911 summe
524 4856 666 4913 tremore
694 4857 729 4913 et
755 4850 953 4928 reverentia,
982 4850 1071 4914 velut
1099 4852 1134 4914 in
1162 4871 1239 4915 con·
1291 4851 1388 4934 paulo
1417 4851 1515 4917 ditior
1541 4850 1678 4918 ecelesia
1704 4851 1791 4915 lacta
1817 4855 1918 4927 esset,
1951 4856 2129 4913 servanmt
2163 4855 2277 4914 tamen

261 5015 269 5021 v
279 5016 464 5028 --.-—-.

274 5201 279 5209 Ι
331 5135 360 5198 l)
378 5135 441 5203 Cap.
460 5136 503 5190 35.
573 5137 604 5202 2)
621 5137 709 5206 Epist.
728 5138 762 5190 ad
780 5137 970 5206 Nepotianum.
1039 5140 1071 5208 3)
1087 5142 1175 5211 Epist.
1195 5141 1235 5196 10.
1359 5143 1388 5210 1)
1405 5143 1533 5196 Refertur
1550 5140 1713 5208 cahan
1732 5142 1860 5195 Clerieoa
1931 5140 1962 5203 2)
1980 5141 2026 5194 Oa
2038 5139 2173 5209 16.an
2192 5141 2275 5194 Prae·

258 5198 324 5252 1le
345 5206 367 5253 ¹·
1289 5211 1384 5265 sulam
1421 5210 1466 5264 Oa
1485 5210 1526 5263 12.
1546 5227 1591 5278 qu.
1610 5208 1635 5261 2.
1654 5211 1712 5263 llo.-
1732 5226 1782 5266 cst.
