4672 5842
58 294 64 304 '
127 318 189 380 aas
456 312 547 378 111.
570 312 616 377 11.
659 312 723 378 oa
746 308 1035 378 0001111011
1056 309 1140 375 oar
1160 307 1506 376 1111111010.
1552 308 1718 375 01111
1741 309 1807 378 ru.
2069 316 2133 381 sao

126 504 224 570 100111
246 501 371 568 01111011
399 522 518 585 10010,
547 501 612 566 nisi
639 501 725 566 banc
750 497 912 582 repudiati
940 497 1104 581 euangelii
1155 495 1396 561 benedictiones
1422 496 1476 560 vel
1502 495 1746 562 maledictiones
1774 521 1794 562 a
1815 499 1909 563 Mose
1935 498 2133 565 denuntian-

186 609 264 655 nam
286 588 419 653 daturos
441 588 621 670 scripturae
637 587 744 652 multo
761 594 837 650 ante
854 584 1102 668 praedixissent.
1154 591 1218 646 tur.
1263 583 1318 646 Ex
1339 582 1380 645 iis
1400 582 1537 646 minime
1559 581 1747 648 dubitanter
1767 585 1972 649 constituunt
1992 584 2133 654 Iudaeos

152 678 183 741 ie
203 674 295 740 enim
314 676 400 739 iusto
421 675 487 740 Dei
506 672 626 739 iudicio
648 672 862 738 conveniebat
881 679 1008 736 mentes
1030 691 1103 735 cae-
1154 689 1221 732 101
1243 689 1303 732 010
1325 688 1436 745 00100,
1451 666 1523 744 ¹sed
1551 668 1658 732 aliena
1683 670 1783 734 fuisse
1805 691 1824 733 a
1846 672 1981 735 caeteris
2004 672 2133 753 populis

124 763 223 828 eitate
232 767 413 846 pereutere,
437 759 677 843 qnaeoblattun
694 758 775 824 coeli
791 758 903 822 lumen
919 756 1102 838 respuendo
1155 763 1357 837 segregatos:
1387 775 1504 835 nempe
1530 761 1569 817 ut
1596 755 1774 836 imaginem
1796 755 1932 820 haberet
1954 757 2133 823 christiana

122 847 276 913 tenebras
303 847 389 911 ultro
418 843 480 909 sibi
509 845 765 912 accersivissent.
811 846 928 910 Mosen
956 844 1102 926 010010-
1154 839 1298 917 ecelesia,
1321 839 1357 903 in
1379 841 1471 903 cuins
1494 846 1630 903 externa
1651 841 1756 922 specie
1778 842 1998 923 spiritualium
2020 864 2133 909 rerum

123 939 225 1018 gunt,
253 939 287 997 et
313 930 442 997 assidue
468 932 656 1010 revolvunt;
690 930 748 996 sed
774 933 920 1014 opposito
939 932 1102 996 selamim
1155 925 1351 990 documenta
1372 933 1528 989 cerneret
1569 922 1637 990 Sed
1655 947 1757 1007 quum
1779 926 1949 1010 aliquoties
1970 930 2132 1010 scriptura

123 1018 351 1102 impedientia
376 1040 418 1082 ne
446 1030 583 1083 cernant
609 1018 716 1083 lucem
738 1017 774 1081 in
794 1019 864 1082 eius
885 1017 980 1084 vultu
1002 1018 1102 1082 roful-
1154 1011 1364 1088 demonstret,
1388 1010 1453 1075 hnc
1476 1020 1622 1088 terrena,
1651 1013 1768 1094 quibus
1791 1033 1846 1078 eos
1867 1015 2130 1096 prosequebatur,

123 1112 256 1190 gentem
277 1104 312 1187 (2
331 1104 406 1171 Oor.
429 1109 457 1182 3,
481 1106 543 1186 14).
589 1105 699 1186 Atque
725 1104 771 1167 ita
793 1105 938 1168 manebit
959 1104 1023 1168 illis
1045 1104 1102 1168 ob-
1153 1096 1311 1162 beneficia
1333 1097 1443 1162 Deum
1470 1097 1576 1177 110010
1598 1097 1792 1175 destinasse,
1822 1109 1858 1162 ut
1882 1098 1924 1163 ed
1945 1121 2036 1182 spem
2059 1121 2132 1165 coe·

122 1206 228 1257 teetns
256 1211 294 1256 00
322 1191 506 1268 involutus,
536 1189 638 1255 donec
668 1189 711 1254 ad
730 1187 902 1254 Christum
931 1197 1100 1255 converta-
1152 1182 1284 1246 lestium
1317 1183 1363 1246 ita
1388 1183 1476 1264 ipsos
1503 1204 1604 1246 manu
1632 1180 1775 1248 duceret:
1810 1184 1968 1250 eiusmodi
2001 1185 2131 1268 dispen-

121 1293 185 1357 tur,
193 1278 219 1361 ¹)
241 1299 262 1342 a
282 1298 346 1360 quo
367 1277 461 1341 illurn
481 1298 569 1341 nunc
589 1285 749 1358 quantum
770 1284 917 1358 possunt,
940 1275 1100 1342 abducere
1152 1269 1313 1333 sationem
1347 1289 1414 1332 non
1451 1267 1670 1346 considerare,
1708 1270 1830 1334 nimiae
1859 1271 2056 1352 imperitiae,
2089 1293 2132 1337 ne

122 1386 160 1428 ac
182 1363 365 1429 distrahere
387 1363 529 1426 student.
1153 1353 1259 1419 dicam
1281 1352 1498 1433 hebetudinis,
1519 1355 1588 1418 fuit
1630 1353 1715 1419 Onm
1738 1355 1799 1419 1100
1820 1356 1990 1419 hominum
2011 1379 2132 1440 genere

1152 1449 1258 1505 status
1276 1442 1516 1505 controversiae
1532 1440 1625 1505 nobis
1644 1441 1815 1523 est,‘quod
1832 1442 1881 1505 illi
1893 1444 2130 1524 possessionem

1152 1534 1259 1590 terrae
1289 1526 1425 1591 Oanaan
1452 1527 1611 1591 Israelitis
1643 1547 1703 1609 pre
1733 1548 1862 1591 summa
1889 1537 1986 1609 atque
2015 1529 2131 1594 ultima

471 1605 623 1671 OAPUu
646 1605 706 1668 XI.
717 1604 746 1688 ²)
1152 1611 1354 1676 beatitudine
1377 1613 1531 1689 habitam,
1554 1612 1648 1676 nobis
1669 1620 1743 1694 post
1759 1612 1939 1678 revelatum
1959 1612 2131 1679 Christum

180 1746 249 1829 De
280 1746 518 1830 differentia
552 1747 677 1828 unius
708 1746 955 1830 testamenti
986 1749 1039 1830 ab
1152 1697 2131 1866 001110101100001,11101

533 1869 679 1950 altero,
1152 1869 1298 1933 velutin
1320 1869 1460 1952 speculo,
1482 1870 1637 1947 futuram,
1660 1890 1757 1952 qnam
1779 1870 1840 1935 sibi
1863 1872 1896 1934 in
1919 1870 2015 1934 coelis
2037 1892 2131 1952 prae·

1151 1965 1300 2036 paratam
1323 1953 1502 2031 eraderent,
1526 1955 1761 2020 haereditatem
1782 1978 1851 2021 0000
1870 1956 2016 2019 intuitos.

210 2040 236 2100 l.
287 2033 377 2116 Quid
410 2035 511 2118 ergo?
545 2036 685 2116 inquies,
719 2036 890 2101 nullumne
923 2037 1098 2104 discrimen
1239 2046 1267 2104 2.
1319 2040 1359 2104 Id
1392 2041 1511 2105 melius
1544 2040 1683 2106 elucebit
1714 2064 1755 2105 ex
1783 2042 1997 2107 similitudine
2031 2064 2129 2123 quarn

121 2121 241 2186 veteris
268 2131 302 2186 et
322 2121 399 2188 novi
422 2120 610 2185 testamenti
631 2122 853 2204 relinquetur?
882 2130 915 2187 et
941 2124 1020 2205 quid
1042 2126 1099 2189 fiet
1151 2128 1259 2208 posuit
1278 2125 1405 2191 Paulus
1431 2126 1474 2190 ad
1497 2126 1706 2209 1101010011,
1729 2127 1769 2210 1).
1815 2127 1991 2210 Comparat
2012 2127 2129 2193 Iudae·

119 2214 168 2271 tet
193 2207 376 2290 scripturae
403 2208 483 2273 locis
510 2207 566 2271 ubi
595 2216 749 2290 tanquam
777 2230 831 2272 100
859 2208 1099 2276 diversissimae
1152 2233 1248 2275 orum
1269 2222 1402 2295 gentem
1424 2212 1558 2277 haeredi
1579 2212 1726 2295 parvulo,
1750 2213 1806 2296 qui
1828 2213 1870 2278 ad
1892 2235 1927 2278 se
1949 2214 2130 2297 regendum

119 2293 207 2357 inter
238 2315 273 2359 se
306 2292 540 2359 conferuntur?
596 2295 669 2376 Ego
697 2315 774 2357 vero
806 2293 948 2359 libenter
978 2297 1098 2380 recipio
1151 2297 1298 2362 nondum
1315 2297 1460 2374 idoneus,
1483 2299 1605 2362 tutoris
1622 2307 1680 2362 aut
1696 2297 1886 2383 paedagogi,
1910 2301 2002 2365 errius
2021 2310 2129 2364 eusto-

119 2400 203 2462 quae
230 2380 266 2444 in
293 2381 455 2462 scriptura
477 2388 774 2444 commemorantur
796 2379 1010 2459 differentiam
1041 2383 1098 2448 sed
1151 2382 1224 2448 diae
1245 2384 1437 2448 commissus
1459 2392 1522 2461 001,
1552 2384 1675 2449 dictum
1697 2386 1853 2467 sequitur.
1899 2384 1996 2465 Quod
2019 2393 2129 2450 autem

119 2466 168 2529 110
189 2473 227 2529 ut
246 2466 330 2530 nihil
351 2467 545 2531 constitutae
567 2465 634 2529 iam
652 2467 770 2530 unitati
791 2466 962 2550 derogent:
985 2490 1097 2549 quem·
1151 2492 1224 2532 eam
1252 2468 1293 2534 ad
1321 2471 1542 2534 caeremonias
1570 2471 1819 2535 similitudinem
1847 2471 2052 2552 potissimum
2076 2493 2129 2535 re·

119 2550 294 2617 admodum
312 2551 427 2618 videre
448 2552 519 2629 erit,
544 2550 602 2615 ubi
624 2573 678 2616 eas
702 2551 816 2616 ordine
838 2554 1096 2621 tractaverimus.
1150 2557 1229 2632 lert,
1262 2555 1346 2618 nibil
1375 2556 1482 2620 obstat
1509 2557 1682 2638 quominus
1711 2556 1776 2620 huc
1805 2577 1932 2639 quoque
1961 2557 2128 2638 aptissime

119 2635 208 2701 Sunt
229 2646 339 2703 autem
360 2638 436 2702 illae
465 2637 638 2719 (quantum
661 2638 920 2703 animadvertere
947 2639 1030 2702 mihi
1056 2641 1098 2704 li·
1150 2640 1338 2722 applicetur.
1382 2640 1510 2705 Eadem
1527 2663 1604 2725 ergo
1626 2641 1691 2706 illis
1714 2642 1897 2707 baereditas
1928 2663 2010 2724 quae
2032 2642 2127 2707 nobis

118 2723 200 2801 cuit,
228 2731 262 2789 et
288 2724 477 2789 meminisse
505 2723 654 2807 possum)
683 2746 820 2789 numero
842 2733 981 2806 quatuer
1003 2746 1097 2807 prae·
1150 2726 1312 2792 destinata
1342 2727 1422 2806 tirit,
1457 2726 1514 2792 sed
1546 2728 1639 2792 euius
1671 2727 1839 2792 adeundae
1871 2736 1905 2792 et
1937 2728 2127 2793 tractandae

118 2810 238 2892 eipuae.
269 2808 399 2892 Qtribus
421 2809 451 2874 01
472 2810 622 2892 quintam
636 2809 1097 2892 01111100101111001,11111110
1150 2812 1295 2877 nondum
1325 2834 1384 2894 per
1411 2819 1552 2877 aetatem
1574 2834 1708 2896 capaces
1730 2814 1844 2878 forent.
1889 2813 2016 2877 Eadem
2038 2814 2126 2878 inter

117 2896 266 2962 reelarno.
311 2897 378 2960 llas
405 2918 518 2960 omnes
546 2897 592 2960 sic
621 2917 692 2960 esse
715 2896 801 2973 dico,
829 2905 862 2960 et
889 2905 1097 2962 ostensurum
1149 2897 1222 2963 illos
1250 2899 1402 2976 00010010,
1433 2899 1490 2964 sed
1518 2899 1610 2964 cuius
1638 2907 1728 2964 aetas
1755 2897 1861 2964 adhuc
1888 2899 2022 2982 puerilis
2044 2911 2124 2964 0101

117 3003 170 3046 me
191 2985 358 3064 profiteor,
388 2991 427 3047 ut
454 2982 496 3047 ad
516 2981 651 3047 modum
673 2981 966 3047 administrationis
988 2985 1097 3067 potins
1150 2982 1221 3049 Sub
1249 2985 1310 3049 1100
1338 3005 1416 3069 0100
1442 2985 1644 3068 paedagogia
1669 2985 1743 3049 illos
1771 2985 1932 3050 continuit
1953 2985 2124 3064 Dominus,

117 3088 214 3149 quarn
236 3068 278 3133 ad
301 3069 519 3134 substantiam
538 3069 733 3151 pertineant.
768 3069 842 3132 Hae
863 3071 991 3134 ratione
1012 3070 1096 3134 nihil
1149 3081 1187 3134 ut
1209 3069 1394 3153 spirituales
1411 3071 1642 3153 promissiones
1664 3093 1729 3135 non
1751 3072 1798 3135 ita
1819 3071 1925 3135 nudas
1947 3080 1980 3134 et
1998 3079 2127 3152 apertas

116 3153 294 3236 impedient
312 3156 487 3237 quominus
504 3154 637 3219 eaedem
649 3165 806 3219 maneant
823 3155 945 3220 veteris
963 3177 1001 3221 ao
1019 3157 1096 3222 novi
1148 3155 1214 3219 illis
1245 3155 1351 3235 daret,
1385 3156 1442 3221 sed
1474 3157 1613 3221 terrenis
1638 3156 1873 3239 quodammodo
1906 3155 2125 3222 adumbratas.

116 3242 302 3306 testamenti
328 3241 573 3322 promissiones,
604 3248 701 3323 atque
730 3241 817 3305 idem
845 3242 992 3323 ipsorum
1021 3264 1096 3325 pro-
1148 3240 1728 3325 Abrahamerg0,1saacetlae0b,
1757 3263 1933 3324 eorumque
1954 3243 2126 3324 posterita-

117 3328 309 3391 missienum
341 3326 606 3404 fundamentum,
641 3327 803 3392 Christus.
852 3328 958 3392 Porro
990 3330 1097 3411 prima
1149 3334 1216 3392 tern
1237 3349 1339 3409 quum
1360 3328 1394 3391 in
1417 3348 1509 3410 spem
1531 3328 1786 3393 immortalitatis
1804 3336 1979 3409 cooptaret,
2003 3339 2125 3392 terram

116 3420 176 3488 est,
199 3412 285 3492 quod
306 3414 437 3476 tametsi
465 3412 543 3475 olim
571 3434 697 3495 quoqne
719 3412 881 3478 Dominus
911 3414 1022 3497 populi
1044 3415 1097 3480 sui
1149 3412 1285 3478 Oanaan
1311 3415 1346 3477 in
1368 3413 1603 3478 haereditatem
1630 3415 1695 3479 illis
1717 3415 1877 3496 promisit:
1908 3435 1973 3476 non
2001 3415 2036 3476 in
2061 3434 2126 3496 qua
2204 3432 2216 3461 ⁸

102 3504 245 3561 mentes
272 3499 307 3559 in
329 3498 499 3563 coelestem
521 3498 757 3564 haereditatem
779 3500 910 3565 volebat
930 3501 1095 3566 collimare
1148 3522 1222 3583 spes
1252 3521 1328 3564 sues
1356 3501 1584 3579 terminarent,
1613 3500 1670 3565 sed
1698 3501 1790 3565 cuius
1817 3507 1950 3582 aspectu
1976 3500 2012 3563 in
2033 3520 2126 3582 spem

116 3591 324 3664 arrectosque
351 3605 421 3648 esse
443 3585 583 3663 animos,
616 3607 681 3668 quo
713 3593 825 3651 tamen
856 3587 892 3650 in
924 3608 981 3668 spe
1007 3587 1095 3652 illius
1148 3606 1244 3651 verae
1271 3585 1374 3663 illius,
1403 3607 1486 3667 quae
1513 3585 1660 3650 nondum
1687 3587 1878 3668 apparebat,
1914 3585 2125 3650 baereditatis

115 3669 233 3733 melius
255 3668 428 3746 0101011111,
454 3671 739 3753 contemplandam
758 3672 819 3736 sub
842 3673 1006 3739 beneficiis
1028 3681 1095 3738 ter·
1148 3694 1182 3737 se
1210 3678 1401 3736 exercerent
1428 3692 1464 3736 ac
1492 3673 1732 3736 confirmarent.
1781 3673 1832 3737 Ac
1859 3693 1901 3735 ne
1930 3671 2125 3736 hallucinari

115 3756 204 3820 renis
223 3777 261 3820 ac
279 3754 515 3836 quodammodo
539 3756 776 3839 degustandam
794 3758 985 3824 exhibebat:
1007 3781 1094 3825 nune
1146 3765 1293 3840 possent,
1333 3755 1471 3822 dabatur
1503 3759 1651 3840 superior
1683 3759 1854 3840 promissio
1886 3778 1968 3838 quae
2001 3768 2124 3820 10110111

116 3841 234 3906 elarius
258 3840 474 3924 liquidiusque
496 3842 640 3907 revelata
661 3865 720 3925 per
737 3845 945 3927 evangelium
963 3845 1094 3910 futurae
1146 3843 1237 3908 illam
1259 3863 1326 3907 non
1347 3864 1538 3925 supremum
1559 3865 1630 3908 esse
1643 3845 1708 3907 Dei
1726 3843 1919 3908 beneficium
1938 3850 2123 3906 testaretur.

115 3927 201 3991 vitae
224 3929 339 4010 gratia,
363 3935 453 3992 reeta
475 3927 517 3991 ad
534 3928 603 3992 eius
620 3929 877 4010 meditationem,
900 3932 1020 3996 omisso
1042 3933 1094 3995 in·
1147 3927 1203 3995 Sic
1223 3927 1395 3993 Abrabam
1422 3930 1609 4011 inaccepta
1632 3938 1738 3993 terrae
1759 3928 1972 4010 promissione
1994 3935 2124 4009 torpere

114 4013 240 4090 feriori,
264 4036 362 4096 quern
384 4011 471 4096 apud
492 4013 659 4079 Israelitas
677 4015 868 4094 adhibebat,
890 4018 1094 4082 exercitatio·
1145 4037 1214 4081 non
1243 4015 1376 4092 sinitnr;
1405 4013 1463 4080 sed
1488 4016 1603 4079 maiori
1632 4014 1844 4098 promissione
1871 4013 2008 4096 erigitur
2036 4013 2128 4080 illius

114 4098 165 4164 nis
197 4099 307 4177 modo,
340 4105 468 4165 mentes
496 4112 625 4165 nostras
653 4100 774 4186 dirigit
818 4102 893 4168 Hoc
921 4103 1093 4168 eonsilium
1146 4123 1239 4166 mens
1260 4100 1296 4164 in
1313 4101 1503 4165 Dominum.
1537 4100 1641 4164 Audit
1661 4103 1749 4165 enim
1766 4099 1867 4184 (Gen.
1884 4104 1931 4178 15,
1948 4101 1995 4185 1):
2019 4099 2126 4164 Abra·

114 4185 178 4250 Dei
188 4187 246 4269 qui
257 4207 324 4250 non
343 4185 622 4263 animadvertunt,
645 4208 712 4252 non
733 4195 851 4271 putant
869 4196 1014 4254 veterem
1035 4210 1094 4271 po-
1146 4186 1233 4265 ham,
1256 4208 1316 4338 qgo
1338 4195 1501 4269 protector
1519 4194 1605 4265 tuus,
1628 4194 1661 4251 01
1682 4208 1807 4252 merces
1819 4185 2125 4269 tuamagnavalde.

113 4271 229 4353 pulum
254 4273 352 4339 altius
381 4270 607 4338 conscendisse
633 4295 733 4355 quarn
759 4273 801 4339 ad
826 4275 884 4340 illa
911 4295 995 4358 quae
1022 4297 1092 4341 cor·
1145 4273 1210 4338 Η10
1232 4273 1267 4339 vi
1291 4294 1383 4338 emus
1405 4272 1596 4338 Abrahemo
1620 4272 1757 4357 proponi
1778 4275 1878 4337 finem
1900 4293 1979 4336 0100
2001 4293 2125 4335 merce-

113 4359 184 4439 pori
215 4358 492 4441 promittebantur
520 4360 613 4424 bona.
664 4359 815 4424 Audiunt
847 4362 942 4426 toties
969 4370 1092 4427 terram
1146 4358 1253 4423 disin
1270 4359 1423 4436 Domino,
1444 4359 1595 4424 ncillam
1616 4360 1895 4443 quaeratfluxam
1912 4377 1949 4420 ac
1966 4357 2125 4420 lubricam

114 4441 250 4509 Oanaan
284 4447 460 4523 nominari,
495 4444 588 4510 velut
619 4445 748 4528 insigne
782 4445 924 4529 adeoque
956 4448 1091 4512 unicum
1144 4446 1180 4510 in
1202 4445 1371 4510 elementis
1389 4445 1489 4510 huius
1511 4444 1636 4524 mundi,
1659 4443 1718 4511 sed
1734 4441 2035 4509 immarcescibilem
2054 4461 2124 4505 esse

113 4528 196 4613 legis
224 4530 354 4596 divinae
382 4532 563 4597 cultoribus
590 4531 783 4614 praemium.
832 4533 982 4597 Audiunt
1007 4533 1092 4598 nihil
1144 4538 1284 4613 reputet.
1319 4528 1501 4615 Subiungit
1522 4530 1638 4597 deinde
1661 4539 1768 4596 terrae
1783 4528 2035 4610 procacissimae,
2057 4547 2125 4591 non

114 4616 259 4682 severius
287 4618 471 4682 Dominum
503 4618 649 4682 eiusdem
681 4616 765 4702 legis
797 4618 1093 4701 transgressoribus
1145 4617 1210 4683 alia
1236 4616 1420 4683 conditione
1453 4639 1552 4700 quarn
1584 4626 1621 4681 nt
1648 4618 1692 4681 011
1720 4615 1851 4680 divinae
1879 4610 2123 4678 benevolentiae

113 4699 328 4781 interminari,
350 4724 448 4786 quam
471 4704 511 4769 ab
534 4704 605 4769 eius
627 4711 735 4769 terrae
756 4704 959 4786 possessione
980 4705 1091 4788 01101-
1144 4702 1344 4789 symbolum,
1378 4725 1415 4768 ae
1447 4702 1594 4769 eoelestis
1621 4700 1833 4767 haereditatis
1861 4706 1967 4782 typus.
2014 4695 2123 4779 Quem

113 4785 235 4867 leudos,
260 4810 297 4853 ae
319 4788 551 4873 dispergendos
573 4791 610 4855 in
630 4790 754 4856 alienas
775 4791 933 4874 regiones.
967 4789 1094 4856 Vident
1144 4789 1266 4857 sanetis
1294 4789 1394 4854 fuisse
1416 4809 1564 4866 sensum,
1595 4809 1707 4852 eorum
1728 4807 1823 4853 voees
1844 4782 2020 4849 declarant.
2066 4780 2124 4850 Sic

113 4872 149 4937 in
180 4874 265 4940 bane
296 4876 364 4941 iere
397 4896 560 4942 summam
593 4876 752 4956 recidere,
792 4896 1004 4960 quaeeunque
1037 4877 1093 4946 vel
1143 4874 1255 4943 David
1287 4896 1307 4940 a
1337 4873 1616 4940 benedictionibus
1648 4870 1855 4955 temporariis
1889 4870 1932 4936 ad
1958 4891 2124 4936 summam
2209 4917 2215 4932 .

1143 4961 1236 5028 illam
1253 4967 1350 5045 atque
1367 4961 1516 5025 ultimam
1533 4960 1686 5044 assurgit
1719 4959 1885 5042 Languet,
1902 4957 2009 5040 inquit
2018 4955 2123 5041 (Psal

1146 5051 1196 5125 73,
1215 5047 1288 5131 21),
1307 5047 1357 5111 tui
1378 5044 1537 5111 desiderio
1559 5066 1746 5110 cormeum
1768 5054 1802 5110 et
1822 5063 1898 5109 caro
1920 5063 2008 5124 mea,
2030 5044 2125 5108 Deus

181 5148 393 5214 11101000.
419 5151 724 5206 molaconvertentur.
795 5151 825 5218 2)
853 5151 924 5206 0110
950 5151 1091 5222 001111.
1144 5134 1252 5234 101111
1286 5154 1360 5197 mea
1392 5132 1428 5196 in
1460 5131 1704 5231 sempiternum
1754 5131 1841 5196 Item
1870 5129 1962 5230 (ibid
1991 5133 2044 5228 16,
2071 5127 2121 5212 1);

113 5219 136 5285 i·
154 5216 266 5271 24--41,
413 5296 417 5303 ,
1143 5221 1308 5286 Dominus
1330 5239 1407 5303 pars
1429 5217 1641 5285 haereditatis
1667 5240 1761 5285 meae
1789 5226 1823 5283 et
1849 5216 2059 5294 0010101101
2084 5221 2123 5279 tu

115 5048 316 5057 -·—-—-—-—-...
