4672 5842
117 340 183 403 317
496 337 585 401 LIB.
608 336 654 400 Π.
698 337 762 401 ΒΕ
785 333 1073 400 coemamus
1096 333 1180 425 DEI
1201 332 1547 400 REDEMPTORIS.
1593 334 1691 400 OAP.
1711 335 1756 400 X.
2069 341 2131 402 318

122 526 387 600 vivificationem,
399 534 525 606 partem
537 526 643 603 istam,
658 544 741 607 quae
755 522 1011 588 consideratione
1030 520 1101 605 dig·
1156 544 1216 586 rex
1235 530 1353 601 noster,
1368 523 1537 606 legislator
1551 533 1669 601 noster,
1689 525 1758 604 ipse
1772 523 1911 588 salvabit
1923 547 1996 601 nos;
2019 526 2134 592 beatus

122 612 262 676 nissima
295 619 380 688 erat,
414 632 480 674 non
506 611 652 694 negligit.
698 609 809 690 Quare
839 619 928 673 certo
953 608 1102 690 clareque
1157 630 1192 674 es
1213 610 1332 686 Israel,
1360 612 1436 691 quia
1463 611 1499 672 in
1521 609 1666 672 Domino
1687 610 1759 673 Deo
1782 610 1919 674 salvaris
1942 611 2080 697 (Habac.
2105 619 2132 692 l,

124 695 311 774 conficitur,
343 717 411 760 non
434 696 565 760 easdem
593 696 690 761 modo
716 695 834 778 quibus
862 716 921 758 uos
947 694 1104 778 dignatur
1160 699 1213 774 123
1236 696 1297 759 Ies.
1319 698 1368 772 33,
1392 700 1446 775 2¹3
1465 696 1563 760 Deut.
1585 699 1634 772 33,
1649 694 1715 778 29).
1752 694 1818 760 Sed
1842 717 1883 760 ne
1905 698 1940 759 in
1964 719 2000 760 re
2020 719 2134 779 super·

123 805 211 848 nunc
231 782 411 859 Dominus,
442 783 531 846 vitae
558 791 710 846 aeternae
738 802 776 845 ac
797 781 945 847 coelestis
966 781 1103 862 promis·
1157 802 1261 846 vacua
1286 781 1428 844 multum
1450 780 1649 857 laboremne,
1677 782 1800 863 passim
1826 782 1861 844 in
1889 783 2057 865 prophetis
2086 805 2135 849 re-

125 871 234 934 siones
256 869 512 933 communicatas
531 867 629 932 fuisse
647 868 786 945 Iudaeis,
800 867 858 931 sed
880 869 978 930 etiam
996 886 1103 932 sacra»
1130 867 1260 931 'currit
1288 866 1368 932 haec
1395 864 1587 945 admonitio,
1622 866 1706 930 nihil
1733 865 1775 932 ad
1802 867 1960 932 bonorum
1987 870 2134 934 omnium

123 955 244 1020 mentis
277 975 355 1019 vere
388 954 613 1036 spiritualibus
646 953 842 1037 obsignatas.
896 951 971 1032 Qua
999 952 1039 1016 de
1067 971 1103 1015 re
1158 953 1372 1031 affluentiam,
1414 953 1558 1035 adeoque
1597 953 1712 1017 salutis
1750 953 1979 1018 certitudinem
2013 954 2134 1034 deesse,

125 1043 251 1131 eopipse
274 1041 481 1121 Augustinus
506 1039 663 1104 adversus
685 1040 848 1103 Faustum
871 1039 1104 1104 Manichaeum
1156 1038 1252 1102 modo
1282 1040 1374 1102 uobis
1396 1039 1558 1102 Dominus
1584 1039 1627 1101 sit
1653 1040 1687 1101 iu
1708 1040 1831 1118 Deum;
1865 1047 1899 1103 et
1925 1042 2050 1104 merito.
2096 1039 2135 1106 Si

126 1126 276 1209 disputat.
1157 1126 1244 1194 enim
1272 1125 1368 1188 facies
1391 1126 1474 1202 eius,
1505 1125 1602 1188 simul
1631 1134 1729 1206 atque
1757 1124 1881 1202 illuxit,
1909 1127 2134 1207 praesentissi-

212 1216 240 1275 7.
284 1210 382 1291 Quod
411 1212 438 1275 si
466 1212 642 1276 testimonia
667 1231 705 1273 ea
727 1212 790 1292 tepc
817 1216 845 1274 et
861 1209 1022 1291 prophet-ts
1042 1207 1105 1273 sibi
1155 1232 1248 1274 mum
1270 1217 1320 1275 cst
1342 1211 1456 1274 salutis
1477 1212 1606 1293 pignus,
1630 1213 1760 1274 cuinam
1781 1231 1815 1274 se
1834 1210 1960 1275 homini
1978 1214 2013 1275 in
2024 1212 2134 1277 Deum

124 1298 252 1363 recitari
272 1297 390 1361 malint
410 1297 560 1375 lectores,
589 1317 628 1360 ex
654 1296 767 1377 quibus
792 1297 989 1377 perspectent
1009 1295 1105 1374 epiri·
1129 1312 1131 1365 3
1155 1297 1351 1374 manifestet,
1374 1297 1425 1361 cni
1447 1318 1514 1359 non
1534 1297 1649 1360 salutis
1661 1317 1788 1378 quoque
1801 1296 1971 1361 thesauros
1987 1296 2133 1380 aperiat?

126 1384 211 1448 faule
230 1384 342 1466 scedas
361 1384 463 1464 faisse
478 1382 628 1464 patribus
650 1384 744 1446 etiam
765 1403 930 1458 correcturae,
953 1382 1046 1445 eiciat
1068 1401 1105 1444 aa
1129 1370 1131 1413 ¹
1158 1382 1230 1447 Hac
1258 1383 1346 1445 enim
1374 1381 1557 1446 conditione
1579 1383 1671 1446 Deus
1700 1389 1810 1446 noster
1837 1390 1888 1446 est
1911 1385 2005 1446 utin
2027 1382 2134 1449 medio

128 1469 250 1534 Christo
279 1473 307 1532 ct
333 1469 480 1551 apostolis
508 1470 671 1545 aestimata,
703 1469 780 1532 huic
801 1489 927 1550 quoque
950 1479 1025 1531 voto
1048 1468 1104 1530 ob·
1156 1468 1258 1532 nostri
1281 1467 1421 1546 habitct3
1444 1467 1717 1550 quomadmodum
1739 1489 1797 1549 per
1815 1469 1932 1532 Mosen
1954 1470 2135 1534 testabatur

126 1577 258 1637 sequar,
283 1575 386 1636 ecque
414 1555 568 1619 libentius
591 1554 675 1635 quod
698 1556 744 1618 ita
766 1554 887 1617 certius
909 1554 1104 1617 convinces·
1157 1554 1280 1637 (Levit.
1295 1557 1344 1630 26,
1362 1552 1424 1636 ll).
1461 1552 1612 1618 Obtineri
1634 1563 1744 1616 autem
1761 1554 1836 1618 talis
1858 1554 1927 1618 eius
1949 1556 2136 1635 praesentia

125 1653 182 1705 tur
203 1641 399 1718 adversarii,
429 1662 470 1704 ne
497 1640 576 1723 quid
604 1650 716 1722 postea
739 1640 950 1723 tergiversari
973 1646 1102 1721 queant.
1156 1661 1222 1702 non
1244 1648 1366 1720 potest,
1396 1651 1434 1702 ut
1460 1661 1526 1702 non
1554 1639 1651 1703 simul
1675 1640 1743 1703 vita
1768 1639 1979 1721 possideatur.
2025 1643 2135 1722 Atque

125 1727 242 1809 Atque
258 1726 299 1790 ab
319 1746 357 1789 ea
375 1725 505 1808 quidem
524 1725 802 1791 demonstratione
820 1726 982 1807 incipiam,
1006 1745 1105 1806 qnam
1156 1731 1195 1787 ut
1216 1724 1299 1788 nihil
1323 1724 1410 1788 ultra
1432 1727 1684 1807 exprimeretur,
1714 1726 1793 1789 satis
1819 1725 1941 1790 claram
1968 1725 2135 1791 habebant

125 1814 257 1877 tametsi
280 1813 573 1894 Anabaptistarum
596 1813 769 1894 supercilio
796 1812 924 1875 futilem
947 1818 980 1875 ct
1000 1830 1104 1892 paene
1158 1811 1243 1874 vitae
1275 1811 1453 1892 spiritualis
1480 1811 1728 1893 promissionem
1756 1811 1791 1875 in
1817 1812 1870 1876 his
1903 1811 2026 1875 verbis:
2061 1833 2135 1876 sum

126 1898 314 1987 ridiculam¹
330 1898 398 1962 fore
427 1899 507 1976 scio,
542 1898 629 1980 apud
656 1897 776 1963 dociles
804 1905 915 1960 tamen
943 1906 977 1960 et
1009 1917 1104 1961 sanos
1157 1896 1248 1960 Deus
1273 1905 1383 1961 vester
1404 1895 1523 1978 (Erod.
1550 1900 1652 1983 6,’7).
1698 1897 1773 1960 Non
1801 1898 1888 1960 enirn
1919 1897 1995 1962 solis
2021 1898 2134 1980 utique

126 1985 306 2067 plurimum
328 1984 465 2062 valebit;
493 2004 530 2047 uc
550 2005 610 2066 pro
633 1985 769 2066 ccrrsesso
791 2003 894 2059 mimo,
927 2003 996 2046 enm
1018 1982 1105 2046 uerbo
1157 1983 1345 2064 corporibus
1373 1982 1484 2045 Deum
1513 2004 1546 2046 se
1574 1983 1642 2047 fore
1670 1981 1897 2061 denuntiabat,
1931 1982 1989 2048 sed
2017 1984 2134 2049 animis

127 2070 191 2134 Dei
211 2072 313 2134 laesa
333 2070 415 2134 citae
437 2069 623 2150 efficacium,
650 2075 684 2131 at
705 2089 900 2149 querulaque
921 2068 1012 2132 Deos
1026 2088 1106 2149 por·
1157 2069 1344 2151 praecipne;
1377 2070 1504 2132 animae
1536 2077 1659 2147 autem,
1694 2069 1756 2132 nisi
1789 2091 1848 2151 per
1874 2070 2034 2133 iustitiam
2061 2071 2134 2134 Deo

125 2157 304 2236 tieipcticne
324 2156 392 2221 aas
413 2157 570 2238 depalatur,
592 2176 698 2219 eorum
721 2157 846 2219 caimos
866 2155 1004 2234 vivificet.
1046 2153 1105 2216 Va
1157 2154 1363 2231 coniunctae,
1388 2155 1428 2220 ab
1451 2156 1521 2236 ipso
1544 2154 1670 2218 ahenas
1692 2156 1727 2218 in
1749 2163 1853 2218 morte
1874 2163 2018 2218 manent.
2064 2154 2134 2219 Ad·

125 2243 185 2306 tuit
209 2243 293 2305 etaim
322 2261 442 2321 semper
470 2243 551 2306 illud
575 2241 664 2305 Petri
687 2242 717 2326 (l
740 2242 830 2304 Patr.
855 2245 880 2319 l,
901 2240 971 2323 23),
1002 2259 1105 2304 canen
1129 2282 1132 2303 .
1156 2240 1200 2303 sit
1217 2261 1347 2304 rursum
1365 2239 1422 2304 illa
1439 2240 1636 2307 coniunctio:
1659 2248 1850 2323 perpetuam
1869 2241 2008 2304 salutem
2024 2262 2136 2305 secum

126 2348 193 2392 esse
222 2327 457 2408 incorruptibile
489 2329 570 2407 qaod
601 2328 636 2389 in
666 2332 825 2391 semmam
856 2331 971 2405 maaet,
1008 2326 1104 2389 arara·
1157 2324 1260 2390 ducet.
1497 2404 1500 2409 Ι

126 2415 223 2478 etiam
248 2433 286 2476 ea
312 2414 413 2478 cabis
436 2413 561 2477 Ieaotcc
583 2412 656 2496 (40,
677 2413 711 2497 b')
739 2413 860 2495 collt'pt't.
905 2411 979 2474 Iam
1006 2431 1104 2491 quam
1243 2415 1271 2473 9.
1317 2411 1454 2476 Accedit
1475 2433 1526 2488 eo,
1554 2411 1640 2495 quod
1668 2433 1734 2476 non
1757 2412 1853 2476 modo
1871 2435 1914 2477 se
1936 2412 2001 2489 illis
2022 2413 2134 2477 Deum

126 2498 182 2563 boc
210 2518 296 2563 sacro
319 2499 440 2563 vinculo
462 2498 552 2564 Deus
577 2499 653 2563 otim
678 2498 741 2564 aa
762 2498 936 2562 devinxerit
957 2497 1102 2574 Iudaeos,
1156 2517 1226 2561 esse
1248 2498 1443 2577 testabatur,
1473 2497 1530 2562 sed
1552 2519 1586 2561 ss
1609 2518 1736 2580 quoque
1759 2520 1887 2580 semper
1908 2500 1976 2562 fore
1998 2499 2134 2581 promit

127 2583 503 2666 iterationesque
524 2606 574 2650 ecs
590 2586 793 2668 seqreqooertt
813 2585 945 2663 {aspera
962 2589 1104 2647 cateruae
1154 2584 1251 2660 tebat,
1275 2603 1339 2664 quo
1362 2605 1435 2665 spos
1458 2606 1580 2661 eorum,
1603 2585 1829 2665 praesentibus
1851 2585 1946 2650 bonis
1968 2607 2034 2648 non
2057 2605 2133 2663 con·

125 2673 215 2736 ottae.
251 2670 338 2735 Nam
359 2691 456 2751 qaum
477 2672 603 2735 cabum
619 2672 720 2753 faisse
742 2671 901 2752 amplexos
915 2670 998 2747 'dica
1020 2670 1103 2749 qaod
1154 2675 1259 2745 tenta,
1282 2670 1317 2731 in
1341 2671 1566 2734 aeternitatem
1588 2669 1846 2751 protenderetur.
1892 2669 1931 2733 Id
1953 2691 2052 2754 porro
2074 2692 2132 2735 va-

125 2758 198 2822 illoa
219 2758 288 2822 Deo
303 2759 439 2840 propias
462 2758 654 2840 manopera,
682 2756 930 2821 communicandi
950 2756 1102 2818 'rationem
1153 2754 1255 2818 luisse
1283 2754 1369 2836 apud
1387 2769 1453 2820 'eos
1480 2756 1636 2837 temporis
1663 2757 1767 2820 frituri
1793 2757 1995 2821 notationem
2023 2766 2133 2820 osten·

125 2843 291 2926 intellige,
319 2864 386 2908 non
414 2842 504 2907 illam
526 2842 712 2926 generalem
737 2864 819 2925 quae
842 2864 901 2924 per
920 2840 1046 2905 coelum
1069 2850 1102 2904 et
1154 2840 1237 2904 dunt
1259 2840 1381 2905 multae
1399 2863 1511 2919 voces,
1534 2843 1590 2905 ubi
1613 2863 1647 2906 se
1669 2844 1789 2906 nonin
1810 2842 2036 2924 praesentibus
2058 2850 2132 2906 tan·

124 2937 248 2993 terram
270 2949 447 3011 omnesque
468 2929 584 2993 mundi
601 2937 769 2994 creaturas
787 2926 984 2992 diffunditur
1002 2925 1101 3010 (quae
1154 2933 1225 2990 tum
1243 2924 1346 3004 malis,
1370 2927 1426 2991 sed
1444 2929 1479 2991 in
1496 2935 1665 3009 posterum
1678 2928 1888 2993 consolantur
1904 2928 2026 3006 fideles,
2045 2925 2132 3010 quod

125 3014 203 3080 licet
229 3016 385 3080 universa
412 3015 557 3080 vivificet
582 3037 642 3098 pro
669 3035 746 3080 suae
768 3014 1020 3097 unumquodque
1042 3034 1101 3077 na·
1154 3011 1215 3077 sibi
1232 3013 1325 3077 Deus
1342 3035 1512 3096 nunquam
1534 3013 1704 3079 debiturus
1725 3025 1818 3079 esset.
1854 3014 1927 3078 Iam
1944 3014 2132 3095 verolquae

124 3100 351 3180 tursomodo,
379 3123 446 3165 non
474 3111 586 3166 tamen
616 3122 636 3165 a
665 3101 882 3184 corruptionis
910 3100 1102 3165 necessitate
1153 3120 1230 3181 pars
1252 3105 1324 3163 erat
1344 3100 1488 3165 secunda
1510 3101 1748 3184 promissionis)
1776 3101 1864 3183 ipsos
1887 3099 1927 3164 de
1947 3099 2012 3164 Dei
2033 3099 2132 3163 bene·

125 3188 240 3269 eruit),
270 3187 328 3252 sed
354 3188 453 3252 istam
480 3188 654 3270 specialem
682 3209 747 3270 qua
768 3189 897 3270 piorum
920 3186 1048 3250 animae
1069 3193 1102 3250 et
1154 3185 1294 3250 dictione
1315 3192 1410 3250 extra
1431 3192 1581 3250 terrenae
1603 3187 1690 3250 vitae
1717 3187 1838 3250 limites
1860 3208 1941 3269 erga
1962 3207 1998 3249 se
2018 3205 2133 3267 proro-

123 3273 355 3338 illnminantur
380 3274 415 3338 in
437 3274 502 3339 Dei
532 3274 697 3351 notitiam,
732 3281 765 3338 et
790 3273 838 3337 illi
863 3269 1101 3355 quodammodo
1154 3270 1271 3354 ganda,
1295 3271 1414 3336 clarius
1436 3274 1618 3336 etiamnum
1640 3274 1866 3338 confirmabat:
1891 3293 1946 3336 ero
1968 3273 2060 3336 Deus
2082 3292 2132 3336 sc·

124 3360 327 3441 copulantur.
371 3359 569 3425 Huiusmodi
596 3359 688 3426 verbi
715 3359 970 3437 illuminatione,
1000 3379 1102 3440 quum
1153 3357 1253 3421 minis
1282 3358 1382 3422 vestri
1411 3366 1485 3441 post
1505 3379 1563 3424 vos
1594 3358 1692 3440 (Gen.
1716 3363 1771 3436 17,
1791 3358 1835 3442 7).
1878 3359 1967 3423 Nam
1989 3359 2017 3422 si
2039 3377 2133 3422 suam

125 3445 337 3510 adhaeserint
364 3447 436 3510 Deo
457 3445 581 3524 Adam,
611 3445 711 3524 Abel,
740 3446 771 3510 N
774 3467 826 3523 oe,
854 3442 1040 3522 Abraham,
1069 3450 1103 3508 et
1153 3464 1232 3526 erga
1249 3451 1396 3507 mortuos
1412 3444 1673 3509 benevolentiam
1691 3443 1916 3510 declaraturus
1931 3452 2010 3521 erat,
2034 3443 2133 3507 bene·

122 3529 245 3611 reliqui
265 3536 389 3611 patres,
418 3529 488 3596 dico
510 3532 645 3596 minime
667 3530 803 3596 dubium
825 3551 911 3609 esse,
935 3533 1014 3613 quin
1036 3529 1102 3595 illis
1153 3529 1299 3593 faciendo
1321 3531 1471 3611 posteris,
1495 3550 1574 3614 erga
1595 3531 1682 3612 ipsos
1704 3531 1808 3595 multo
1830 3532 1941 3595 minus
1963 3530 2133 3594 defuturus

123 3618 160 3681 in
194 3636 334 3698 regnum
359 3616 425 3680 Dei
455 3618 640 3683 immortale
672 3617 771 3682 fuerit
797 3618 974 3700 ingressus.
1018 3617 1103 3680 Erat
1153 3623 1226 3679 erat
1252 3616 1321 3680 eius
1347 3616 1445 3696 favor.
1489 3616 1603 3698 Neque
1635 3617 1723 3680 enim
1750 3617 1854 3681 instar
1882 3616 2055 3681 hominum
2083 3620 2133 3679 est

125 3703 214 3768 enim
233 3700 335 3766 solida
351 3700 415 3765 Dci
437 3705 651 3786 participatio,
673 3725 757 3786 quae
779 3710 873 3768 extra
892 3703 978 3768 vitae
996 3712 1101 3767 acter-
1153 3700 1261 3777 Deus,
1287 3703 1343 3796 qui
1371 3724 1469 3765 suum
1495 3701 1568 3766 ideo
1596 3723 1741 3767 amorem
1769 3702 1808 3766 ad
1841 3704 2019 3766 amicorum
2048 3701 2132 3763 filios

125 3811 187 3853 nae
210 3789 333 3853 bonum
355 3809 425 3853 esse
447 3810 516 3853 non
535 3798 650 3872 potest.
1154 3788 1371 3865 transferunt,
1395 3789 1472 3869 quia
1493 3795 1598 3852 morte
1620 3790 1873 3870 interrumpitur
1895 3807 2007 3852 eorum
2028 3784 2132 3849 facul·

212 3877 240 3938 8.
279 3871 317 3938 Si
339 3881 449 3939 tamen
471 3875 553 3938 illud
574 3876 723 3940 nonnihil
744 3875 939 3958 implicitum
960 3874 1100 3951 videtur,
1154 3881 1218 3952 tas,
1244 3895 1309 3956 quo
1330 3875 1440 3938 minus
1461 3874 1501 3938 iis
1524 3875 1640 3957 quibus
1662 3873 1745 3939 bene
1768 3875 1920 3939 volebant
1941 3869 2133 3954 impendant

127 3982 200 4045 age,
223 3959 265 4025 ad
286 3961 394 4042 ipsam
416 3960 554 4025 foederis
576 3962 749 4026 formulam
770 3970 992 4039 transeamus,
1018 3981 1102 4042 quae
1154 3981 1214 4024 sua
1235 3960 1349 4025 officia.
1397 3961 1441 4024 At
1463 3960 1564 4039 Deus,
1588 3962 1680 4025 cuius
1701 3960 1916 4026 beneficentia
1937 3966 2042 4023 morte
2065 3979 2133 4023 non

125 4068 191 4112 non
219 4046 355 4129 placidis
382 4047 478 4111 modo
506 4047 648 4131 ingeniis
680 4049 870 4125 satisfaciet,
902 4045 960 4112 sed
989 4066 1102 4110 eorum
1153 4045 1339 4127 impeditur,
1360 4067 1438 4110 suae
1456 4047 1600 4128 profecto
1620 4046 1861 4111 misericordiae
1880 4046 2024 4110 fructum
2045 4067 2134 4109 mor·

126 4133 289 4199 inscitiam
309 4133 438 4198 abunde
460 4143 632 4217 coarguet,
663 4137 717 4216 qui
742 4134 963 4198 contradicere
989 4133 1101 4196 nitun-
1154 4132 1218 4196 tuis
1251 4154 1315 4196 non
1343 4132 1445 4211 tollit,
1479 4153 1576 4214 quam
1603 4153 1717 4196 eorum
1744 4154 1842 4197 causa
1869 4131 2071 4196 transfundit
2098 4131 2133 4195 in

124 4228 188 4283 tur.
235 4217 291 4284 Sic
313 4220 403 4284 enim
424 4241 554 4303 semper
574 4222 697 4304 pepigit
720 4243 796 4286 cum
814 4220 918 4285 servis
941 4220 1009 4284 suis
1031 4220 1100 4283 Do·
1153 4218 1243 4282 mille
1270 4218 1495 4301 generationes
1518 4215 1637 4301 (Exod.
1658 4222 1714 4297 20,
1740 4218 1783 4302 6).
1827 4219 2003 4284 Praeclare
2029 4217 2157 4300 igitur'

125 4306 248 4370 minus:
283 4326 337 4369 ero
367 4306 460 4371 vobis
487 4308 523 4371 in
544 4307 668 4385 Deum,
697 4317 730 4370 et
759 4328 816 4370 vos
844 4306 934 4370 eritis
962 4305 1044 4369 mihi
1066 4306 1100 4368 in
1154 4303 1348 4367 documento
1381 4304 1645 4387 magnitudinem
1677 4311 1774 4387 atque
1815 4305 2015 4368 affluentiam
2054 4321 2130 4365 suae

124 4392 282 4474 populum
304 4390 504 4476 (Levitae,
527 4393 589 4477 12).
635 4391 763 4472 Quibus
790 4392 899 4456 verbis
927 4399 961 4455 et
987 4392 1099 4468 vitam,
1153 4390 1318 4468 bonitatis,
1340 4411 1439 4472 quam
1461 4401 1535 4473 post
1556 4400 1694 4455 mortem
1718 4391 1844 4455 sensuri
1864 4399 1980 4465 essent,
2002 4387 2131 4451 volebat

125 4486 158 4541 et
185 4477 338 4555 salutem,
372 4485 405 4541 et
432 4499 563 4543 omnem
591 4499 754 4542 summam
780 4477 991 4542 beatitudinis
1013 4498 1100 4541 com·
1153 4475 1219 4539 illis
1239 4474 1402 4540 Dominus
1425 4474 1662 4553 commendare,
1686 4499 1787 4560 quum
1810 4476 1908 4539 talem
1930 4471 2131 4537 describebat

125 4562 293 4646 prehendi,
312 4564 490 4645 prophetae
503 4586 629 4647 quoque
642 4583 802 4644 exponere
813 4565 898 4628 soliti
915 4568 995 4627 sard.
1024 4563 1100 4626 Non
1153 4583 1236 4643 quae
1268 4566 1304 4624 in
1337 4570 1441 4626 totam
1470 4563 1629 4627 familiam
1658 4564 1860 4628 exuberaret.
1910 4558 2020 4621 Huius
2052 4577 2130 4621 vero

124 4651 212 4713 enim
235 4649 346 4716 David
369 4651 440 4715 sine
461 4672 561 4716 causa
583 4651 712 4733 saepius
734 4650 939 4731 pronuntiat,
967 4648 1099 4713 beatum
1152 4647 1376 4730 promissionis
1398 4650 1571 4713 veritatem
1591 4658 1662 4713 turn
1684 4646 1870 4729 obsignavit
1891 4643 2067 4723 Dominus,
2096 4648 2130 4706 et

124 4735 282 4818 populum
314 4736 406 4800 cuius
439 4736 591 4801 dominus
621 4743 672 4801 est
699 4737 793 4800 Deus
821 4735 923 4820 (Psal.
947 4738 1099 4814 144,15;
1152 4733 1245 4815 quasi
1266 4734 1539 4815 complementum
1561 4735 1705 4817 protulit,
1728 4740 1827 4814 quum
1838 4730 1949 4793 Deum
1971 4750 2005 4792 se
2023 4729 2130 4793 Abra·

124 4820 200 4886 ibid.
223 4825 273 4898 33,
295 4821 357 4905 12),
383 4821 514 4888 beatam
536 4831 667 4906 gentem
687 4844 787 4905 quam
809 4823 844 4884 in
864 4818 1100 4884 haereditatem
1153 4820 1244 4898 ham,
1274 4820 1368 4885 Isaac
1390 4828 1424 4885 et
1445 4821 1542 4886 Iacob
1565 4819 1660 4902 longe
1682 4828 1756 4901 post
1777 4837 1889 4879 eorum
1911 4821 2050 4879 mortem
2072 4835 2129 4897 ap·¹

124 4906 186 4970 sibi
219 4908 332 4992 elegit;
364 4929 425 4973 nec
452 4916 602 4974 terrenae
628 4906 761 4992 quidem
788 4907 954 4972 felicitatis
983 4906 1099 4988 gratia,
1152 4905 1290 4988 pelleret
1318 4906 1409 5055 gibid.
1430 4911 1462 4984 3,
1484 4906 1526 4991 s).
1573 4904 1662 4985 Quid
1687 4902 1796 4968 enim?
1826 4923 1870 4966 an
1898 4923 1964 4967 non
1992 4901 2131 4967 ridicula

124 4992 182 5057 sed
213 4994 368 5076 quoniam
401 5015 421 5058 a
451 5004 557 5060 morte
585 4996 696 5078 eripit,
729 5002 885 5077 perpetuo
919 4998 1098 5070 conservat,
1153 5001 1224 5056 erat
1245 4993 1434 5074 appelatio,
1458 4992 1486 5056 si
1509 4989 1696 5073 perierant?
1739 4987 1884 5053 Perinde
1906 4989 1993 5052 enim
2015 4990 2131 5081 fuuset

124 5087 322 5162 aeternaque
344 5080 565 5146 misericordia
586 5080 807 5164 prosequitur,
837 5100 917 5163 quos
939 5079 974 5142 in
996 5100 1100 5161 popu·
1153 5098 1191 5142 ao
1212 5078 1240 5142 si
1261 5078 1308 5143 ita
1328 5078 1414 5143 foret
1433 5078 1602 5160 loquutus:
1631 5097 1691 5160 ego
1713 5096 1786 5139 sum
1808 5073 1901 5139 Deus
1923 5095 2051 5153 eorum,
2074 5074 2130 5157 qui

123 5165 193 5230 lum
216 5167 401 5247 assumpsit.
434 5165 720 5247 Quemadmodum
741 5172 792 5231 cst
812 5165 901 5249 apud
922 5165 1003 5230 alios
1024 5184 1101 5248 pro·
1153 5184 1220 5227 non
1241 5172 1327 5228 sunt.
1366 5163 1511 5229 Proinde
1532 5184 1599 5228 uno
1621 5164 1684 5228 isto
1707 5168 1900 5246 argumento
1922 5158 2129 5226 Sadducaeos

122 5252 253 5335 phetas:
284 5257 321 5314 tu
343 5251 436 5317 Deus
459 5259 586 5331 noster,
611 5273 679 5317 non
706 5252 885 5317 moriemur
891 5275 899 5331 ;
923 5251 1100 5329 Dominus,
1153 5271 1174 5314 a
1205 5248 1339 5315 Christo
1372 5249 1563 5317 constrictos
1600 5249 1701 5315 fuisse
1732 5247 1951 5332 evangelistae
1983 5247 2129 5311 referunt
