4672 5842
118 289 181 363 aon
448 283 538 349 nra.
560 284 606 350 11.
649 286 714 351 os
735 285 1022 353 oocmmons
1043 289 1127 354 aar
1148 284 1495 355 monuments.
1539 287 1639 354 cnr.
1662 289 1707 355 Π.
1727 290 1793 357 nn
2063 300 2129 363 210

117 476 174 540 bas
201 475 278 540 aaa
300 468 402 561 [Paul.
426 477 485 536 119
493 498 501 553 ;
520 473 596 539 ibid.
617 479 672 553 bl,
696 472 767 561 12])
795 477 967 540 notandam
993 480 1095 540 tamen
1146 478 1302 543 sensitiva
1319 475 1423 554 modo,
1447 474 1559 540 sedin
1580 476 1652 559 ipsa
1673 479 1772 542 etiam
1790 487 1908 559 mente,
1932 490 2029 565 atque
2051 484 2126 550 ideo

117 567 163 626 cat
183 561 238 625 boc
258 579 377 641 quoquc
391 560 546 642 precandi
566 559 755 626 desiderium
776 582 797 625 a
818 561 887 626 Dec
908 582 987 640 esec,
1015 562 1096 642 quod
1147 565 1217 628 eius
1244 563 1375 646 exigere
1397 563 1651 627 renovationem.
1696 565 1742 628 Et
1765 585 1843 630 sane
1865 588 1938 631 eam
1960 569 2126 636 humanae

117 669 156 713 ea
183 647 253 711 eiua
277 646 379 710 vacis
399 645 538 728 codicem
560 647 637 711 licet.
683 647 771 712 Nom
792 667 887 728 qaam
910 653 988 730 optet
1008 649 1043 711 in
1063 667 1096 711 sc
1146 656 1285 713 natiuae
1303 648 1481 730 imaginem
1497 646 1595 729 pardo
1614 655 1690 712 ante
1708 648 1910 733 depinxerat,
1933 674 2016 735 quae
2032 656 2127 721 nulla

117 753 168 798 cor
195 732 347 796 mundum
368 732 484 810 aena,
513 737 591 796 certe
611 734 776 797 creationis
798 734 926 797 initiam
952 733 1014 798 sibi
1035 753 1096 796 noa
1147 735 1183 798 in
1205 742 1300 817 parte
1322 755 1381 797 nos
1403 753 1470 795 non
1493 743 1664 815 corruptos
1682 757 1719 799 ac
1737 756 1908 818 perversos
1928 759 1998 805 esse
2015 749 2125 806 osten-
2158 796 2160 800 ,

117 822 252 901 arrcyct.
297 817 372 882 Ideo
404 818 493 896 apra
524 838 580 882 acc
606 820 715 900 potius
747 820 850 884 valcat
877 820 960 885 illud
986 820 1097 902 Acca
1149 819 1249 883 deret.
1299 820 1386 884 Nam
1417 818 1506 900 quod
1537 828 1652 900 gentes
1685 841 1799 886 omnes
1827 823 1941 887 scribit
1969 826 2069 908 (Eph.
2093 832 2123 906 4,

118 903 251 988 stain)
269 904 433 984 meminit
453 908 480 966 tc
502 904 593 968 Deus
614 906 648 969 ia
670 905 827 983 mnndum
853 907 1002 987 praeveni
1019 909 1047 968 ct
1063 910 1097 968 tu
1151 911 1199 969 17.
1226 908 1280 989 18)
1309 903 1476 969 ambulare
1504 905 1539 968 in
1560 906 1706 970 vanitate
1728 911 1848 972 mentis
1871 930 1963 986 suae,
1991 912 2125 976 obtene·
2175 983 2176 986 ,

119 990 291 1071 aliquando
312 990 380 1053 aas
401 991 494 1053 iram.
541 990 719 1070 Qmatodo?
747 991 886 1071 confitere
907 993 969 1055 istc
990 992 1097 1055 omnic
1148 990 1258 1056 bratus
1281 1011 1351 1055 esso
1372 989 1601 1072 intelligentia,
1625 990 1781 1056 alienatas
1804 1015 1824 1056 a
1845 996 1913 1058 vita
1930 995 2003 1072 Dei,
2026 1018 2125 1081 prop-

118 1098 140 1141 o
162 1075 230 1140 Deo
252 1080 280 1139 tc
300 1074 426 1153 badam
452 1075 606 1156 quidquid
634 1076 705 1140 boni
731 1075 824 1141 bobes
853 1098 918 1142 csse
946 1077 984 1140 cb
1012 1079 1097 1157 ipram
1148 1087 1200 1141 ter
1222 1076 1442 1160 ignorantiam
1459 1095 1542 1159 quae
1563 1077 1599 1138 in
1615 1076 1695 1158 ipsis
1713 1085 1771 1149 est.
1794 1086 1828 1141 et
1846 1081 2035 1145 caecitatem
2053 1103 2125 1147 eor·

119 1184 141 1228 a
157 1166 194 1240 tc,
215 1161 370 1242 quidquid
390 1165 435 1225 cst
450 1161 536 1225 mcii.
550 1160 615 1257 ,Et
628 1162 730 1242 paulo
744 1167 834 1245 post:
855 1167 994 1228 nontam
1016 1162 1098 1227 nibil
1149 1161 1199 1227 dis
1227 1162 1292 1238 sui,
1322 1161 1458 1224 minime
1487 1168 1537 1224 est
1564 1160 1700 1225 dubium
1728 1163 1807 1244 quin
1829 1173 1992 1248 competat
2013 1168 2048 1231 in
2069 1189 2125 1233 eos

118 1248 184 1313 nisi
199 1251 368 1330 pomam.
1149 1268 1263 1312 omnes
1284 1268 1365 1329 quos
1382 1246 1545 1310 Dominus
1567 1247 1608 1311 ad
1629 1247 1859 1312 rectitudinem
1881 1273 1958 1316 suae
1980 1259 2051 1317 tum
2073 1275 2125 1319 sa-

944 1340 949 1349 '
1148 1334 1306 1416 pientiae,
1334 1339 1406 1395 tum
1432 1332 1577 1396 iustitiae
1606 1332 1753 1397 nondum
1779 1335 1975 1402 reformavit
2028 1338 2126 1419 Quod

1150 1421 1248 1483 etiam
1280 1418 1398 1483 clarius
1429 1419 1468 1481 fit
1500 1439 1541 1481 ex
1573 1420 1816 1500 comparatione
1848 1442 1927 1485 mox
1957 1422 2125 1490 adiuncta:

1148 1504 1204 1568 ubi
1232 1504 1344 1569 fideles
1374 1501 1528 1567 admonet
1556 1503 1644 1586 quod
1671 1525 1738 1567 non
1765 1504 1812 1569 ita
1835 1505 2008 1572 didicerint
2028 1509 2126 1575 Chri·

1149 1597 1245 1655 stum.
1291 1587 1462 1672 Siquidem
1484 1610 1526 1652 ex
1547 1589 1618 1653 istis
1639 1590 1750 1687 verbis
1772 1589 1970 1673 colligimus,
2000 1593 2125 1661 Christi

119 1715 191 1798 Ex
229 1722 428 1824 corrupta
464 1708 645 1795 hominis
684 1725 837 1797 natura
873 1714 980 1796 nihil
1016 1714 1097 1797 nisi
1149 1674 2002 1841 att?llllltttttltlaqlttmll
2020 1701 2126 1830 ta

386 1833 623 1916 damnabile
654 1835 834 1945 prodire.
1149 1855 1184 1912 et
1220 1848 1267 1911 ita
1300 1847 1340 1911 de
1373 1867 1475 1928 regno
1508 1844 1635 1911 Christi
1667 1846 1864 1912 vaticinatus
1899 1857 1971 1913 erat
2002 1850 2126 1917 Iesaias

1150 1933 1216 2017 (60,
1229 1933 1273 2014 2),
1297 1953 1399 2014 quum
1411 1931 1592 1995 Dominum
1611 1932 1765 1997 ecelesiae
1783 1954 1862 1997 suae
1879 1934 1949 1998 fore
1966 1936 1999 1998 in
2018 1936 2126 2001 lucem

210 2024 237 2082 l.
293 2015 361 2082 Sed
393 2016 509 2081 melius
542 2017 639 2081 homo
671 2025 810 2100 unaque
843 2018 972 2083 annuae
1003 2024 1097 2100 parte
1149 2020 1383 2102 sempiternam
1416 2017 1638 2099 promitteret;
1673 2038 1774 2099 quum
1806 2020 1939 2082 interim
1970 2022 2133 2086 tenebrae

120 2104 273 2188 cognosci
299 2124 365 2167 non
392 2110 513 2187 potest,
543 2124 641 2185 quam
669 2104 697 2167 si
725 2125 799 2168 cum
828 2104 895 2168 suis
920 2103 1035 2186 elogiis
1062 2106 1097 2168 in
1149 2105 1340 2188 obtegerent
1360 2111 1493 2180 terram,
1516 2110 1550 2165 ct
1566 2103 1670 2186 caligo
1687 2103 1832 2186 populos.
1867 2103 1980 2185 Quum
1999 2106 2126 2172 insola

119 2190 266 2256 medium
288 2187 437 2271 prodeat,
467 2187 585 2271 quibus
607 2208 627 2251 a
648 2190 810 2272 scriptura
829 2191 1013 2273 insignitur.
1059 2189 1097 2256 Si
1150 2190 1285 2256 eeclesia
1306 2190 1507 2253 exorituram
1519 2187 1583 2251 Dei
1603 2188 1709 2253 lucem
1731 2196 1881 2266 testetur,
1904 2199 2000 2255 extra
2022 2192 2124 2258 eecle-

120 2284 210 2342 totus
221 2275 409 2357 depingitur
426 2274 479 2338 his
492 2273 618 2340 Christi
628 2275 738 2340 verbis
755 2274 884 2357 (Ioann.
898 2280 926 2354 3,
939 2276 990 2360 6):
1012 2275 1098 2358 quod
1149 2276 1232 2341 siam
1251 2284 1339 2340 certe
1361 2294 1429 2338 nou
1448 2273 1674 2338 nisitenebras
1695 2283 1729 2338 et
1750 2276 1941 2340 caecitatem
1961 2277 2125 2360 relinquit

120 2371 236 2427 natum
254 2370 305 2426 est
322 2381 364 2425 ex
381 2381 489 2438 earne,
511 2382 586 2426 earo
604 2368 655 2425 est
671 2360 725 2444 <ut
742 2361 893 2426 evincere
911 2368 1098 2443 promptum
1150 2361 1225 2426 Non
1247 2361 1421 2426 recensebo
1442 2358 1611 2443 sigillatim
1628 2380 1712 2441 quae
1731 2361 1767 2423 in
1785 2361 1926 2426 hominis
1947 2365 2128 2428 vanitatem

121 2448 202 2532 est),
229 2445 325 2512 valde
357 2447 515 2511 miserum
541 2467 611 2511 csse
634 2446 757 2511 animal
777 2447 992 2512 convincitur.
1037 2448 1097 2511 Af·
1149 2448 1281 2529 passim,
1300 2447 1336 2509 in
1354 2444 1488 2528 psalmis
1500 2446 1694 2527 praesertim
1713 2452 1746 2509 et
1784 2447 1938 2529 rophetis,
1954 2448 2126 2514 habentur.

120 2534 225 2600 fectus
246 2533 335 2597 enim
356 2533 473 2609 carnis,
496 2539 580 2597 teste
602 2532 745 2615 apostolo
763 2531 873 2618 (Rom.
894 2537 923 2611 8,
943 2532 987 2616 6),
1010 2555 1098 2599 mors
1150 2534 1310 2616 Magnum
1339 2538 1389 2596 est
1414 2528 1500 2612 quod
1527 2530 1641 2594 scribit
1662 2467 1783 2595 David
2022 2535 2055 2685 ὲ

120 2627 186 2699 est;
219 2618 481 2701 quandoquidem
513 2618 685 2684 inimicitia
717 2627 767 2683 est
795 2617 952 2684 adversus
979 2621 1096 2698 Deum,
1150 2638 1227 2682 cum
1244 2619 1389 2682 vanitate
1407 2616 1618 2699 appendatur,
1641 2616 1713 2698 ipsa
1730 2617 1799 2680 fore
1816 2619 1992 2683 vaniorem.
2056 2621 2128 2686 ravi

467 1552 619 1621 carus
641 1554 744 1638 111²)

1795 2532 1898 2615 (rsa.
1919 2537 1974 2612 ea,
1997 2539 2063 2599 10:
2099 2536 2128 2600 a
2243 2590 2248 2597 .

60 2706 70 2717 '
120 2726 222 2788 eoque
244 2704 310 2787 legi
331 2704 396 2768 Dei
417 2725 477 2768 nee
498 2703 656 2781 subditur,
680 2725 740 2770 nec
762 2703 856 2769 subdi
879 2711 993 2786 potest
1029 2705 1098 2769 Ita-
1151 2704 1215 2769 telo
1249 2702 1431 2769 confoditur
1458 2702 1528 2766 eius
1555 2702 1737 2785 ingenium,
1773 2725 1877 2785 quum
1904 2725 2017 2769 omnes
2043 2726 2128 2787 quae
2208 2743 2222 2756 ·

121 2812 162 2856 ne
184 2798 235 2856 est
255 2811 410 2872 perversa
431 2810 514 2867 earo,
538 2797 575 2853 ut
595 2798 663 2854 toto
685 2811 743 2854 suo
761 2790 879 2856 affectu
899 2789 1099 2856 simultatem
1150 2789 1227 2853 inde
1248 2788 1411 2872 prodeunt
1438 2788 1648 2871 cogitationes
1676 2795 1713 2852 ut
1735 2787 1868 2867 stultae,
1897 2789 2046 2868 frivolae,
2076 2792 2128 2855 in·

122 2876 279 2942 adversus
301 2875 412 2940 Deum
434 2874 606 2940 exerceat?
635 2881 673 2939 ut
699 2896 772 2939 eum
794 2875 825 2939 le
851 2876 876 2940 's
898 2875 1028 2941 divinae
1048 2877 1099 2940 iu·
1151 2897 1259 2955 sanae,
1281 2894 1454 2957 perversae
1475 2873 1662 2938 irridentur.

122 2962 212 3027 stitia
238 2963 421 3027 consentire
447 2959 608 3043 nequeat?
642 2967 680 3024 ut
705 2961 789 3025 nihil
840 2961 957 3043 enique
985 2982 1098 3044 parere
1237 2965 1265 3024 2.
1310 2960 1423 3025 Nihilo
1445 2959 1550 3023 levior
1571 2968 1621 3024 est
1642 2959 1748 3025 cordis
1766 2958 2002 3039 condemnatio,
2025 2983 2127 3043 quum

121 3055 228 3130 queat,
251 3049 315 3113 nisi
336 3049 450 3119 mortis
471 3046 668 3111 materiam?
708 3047 806 3112 Nunc
827 3049 879 3113 fac
900 3049 935 3112 in
956 3047 1098 3113 hominis
1149 3045 1394 3111 fraudulentum
1423 3045 1542 3110 dicitur
1569 3044 1647 3126 (Ier.
1670 3049 1723 3122 17,
1744 3045 1778 3128 9)
1807 3067 1886 3128 prae
1914 3047 2004 3110 omni
2031 3069 2068 3112 re
2094 3055 2128 3112 et

122 3141 241 3198 namra
261 3133 344 3198 nibil
372 3155 442 3198 esse
464 3133 528 3198 nisi
551 3153 691 3211 carnem,
718 3133 848 3198 atinde
869 3133 1045 3216 quidpiam,
1071 3135 1099 3199 si
1150 3153 1349 3215 perversum.
1384 3130 1453 3197 Sed
1470 3132 1547 3213 quia
1564 3129 1717 3195 brevitati
1734 3131 1857 3209 studeo,
1880 3140 2053 3197 contentus
2071 3153 2127 3198 ero

162 3228 227 3298 tes,
262 3220 338 3284 boni
359 3218 447 3284 elice.
490 3219 539 3283 At
559 3219 665 3284 carnis
686 3218 879 3284 vocabulum
901 3219 943 3285 ad
965 3240 1099 3284 sensua·
1149 3241 1216 3283 uno
1237 3226 1367 3283 tantum
1388 3217 1474 3295 loeo,
1501 3217 1558 3299 qui
1584 3224 1695 3281 tamen
1718 3216 1910 3283 lucidissimi
1931 3218 2054 3299 speculi
2076 3219 2127 3282 in-

134 3327 186 3371 em
220 3306 362 3387 pertinet
392 3312 537 3383 tantum,
568 3325 636 3368 non
669 3304 710 3368 ad
742 3307 942 3386 superiorem
970 3307 1098 3370 animae
1150 3313 1219 3369 star
1238 3305 1368 3368 futurus
1391 3303 1442 3380 sit,
1465 3303 1500 3366 in
1522 3323 1585 3384 quo
1608 3309 1710 3366 totam
1732 3312 1870 3367 naturae
1892 3313 2023 3368 nostrae
2043 3304 2127 3369 ima-

120 3399 258 3474 partem.
303 3389 344 3453 Id
369 3412 447 3455 vero
475 3413 516 3455 ex
548 3391 657 3456 verbis
682 3397 715 3455 et
742 3390 868 3456 Christi
900 3401 933 3456 et
961 3392 1098 3474 apostoli
1150 3391 1262 3474 ginem
1293 3391 1488 3454 intueamur.
1532 3387 1710 3471 Apostolus
1743 3389 1844 3467 enim,
1878 3388 1957 3452 dum
1991 3389 2127 3454 humani

120 3473 253 3541 abunde
274 3475 441 3540 refellitur.
484 3477 729 3559 Argumentum
751 3484 802 3542 est·
822 3476 973 3554 Domini,
1002 3499 1097 3561 opor·
1151 3476 1280 3560 generis
1310 3476 1530 3558 arrogantiam
1558 3474 1631 3538 vult
1658 3472 1812 3552 deiicere,
1847 3473 1899 3538 his
1931 3475 2126 3540 testimoniis

120 3569 193 3626 tere
220 3560 385 3624 homiuem
413 3563 553 3640 renasci,
581 3563 658 3644 quia
687 3583 759 3627 caro
782 3570 840 3627 est.
883 3564 958 3628 Non
982 3585 1097 3629 secun·
1151 3563 1220 3646 agit
1247 3560 1503 3644 (Rom.3,10):
1532 3559 1618 3642 quod
1647 3579 1713 3623 non
1739 3569 1788 3623 cst
1810 3561 1916 3625 iustus
1943 3562 2125 3643 quisquam,

122 3647 201 3712 dum
224 3666 341 3727 corpus
363 3649 488 3711 renasci
508 3649 673 3730 praecipit.
716 3649 839 3713 Anima
848 3648 876 3732 Β)
900 3657 1009 3714 autern
1031 3673 1097 3714 non
1149 3669 1216 3711 non
1236 3655 1286 3711 est
1305 3646 1500 3729 intelligens,
1523 3657 1580 3709 aut
1600 3647 1769 3726 requirens
1788 3647 1898 3711 Deum
1905 3669 1913 3725 ;
1936 3668 2048 3711 ornnes
2070 3646 2126 3711 de-

121 3733 320 3808 renascitur,
344 3733 372 3795 si
395 3733 575 3816 corrigatur
597 3735 706 3817 aliqua
728 3736 797 3799 eius
818 3736 939 3816 portio,
963 3735 1020 3801 sed
1042 3737 1098 3800 ubi
1149 3733 1370 3810 clinaverunt,
1400 3732 1497 3796 simul
1525 3731 1657 3795 inutiles
1679 3732 1757 3796 facti
1780 3740 1874 3810 suut;
1907 3752 1975 3796 non
1997 3732 2126 3812 estqui

121 3827 189 3883 tota
216 3825 403 3881 renovatur.
448 3817 551 3899 quue
579 3822 751 3884 confirmat
783 3826 920 3903 utroque
947 3821 1016 3886 loeo
1040 3843 1096 3904 po·
1148 3820 1247 3884 faciat
1272 3817 1408 3894 bonum,
1439 3838 1481 3881 ue
1504 3839 1590 3881 unus
1617 3817 1763 3899 quidem;
1797 3815 1982 3898 seprdcrum
2009 3826 2125 3898 patens

122 3905 185 3968 sita
207 3903 388 3968 antithesis.
423 3901 479 3968 Sic
502 3905 588 3967 enim
610 3907 700 3969 carni
722 3916 931 3989 comparatur
952 3909 1094 3989 spiritus,
1148 3916 1199 3969 est
1221 3912 1336 3988 guttur
1357 3924 1484 3980 eorum,
1512 3903 1635 3985 linguis
1662 3903 1728 3967 suis
1751 3903 1859 3966 dolose
1882 3910 1997 3984 agunt,
2025 3923 2125 3968 vene·

122 3999 159 4053 ut
187 3990 268 4054 nihil
296 3990 500 4071 relinquatur
525 3990 676 4055 medium.
721 3993 812 4075 Ergo
840 3992 997 4074 quidquid
1030 4015 1095 4057 non
1147 4013 1228 4055 num
1255 3989 1405 4072 aspidum
1432 3989 1494 4054 sub
1521 3988 1616 4053 labiis
1641 4008 1769 4065 eomm;
1799 4009 1937 4069 quorum
1966 4010 2001 4052 os
2023 3989 2125 4052 male·

122 4085 171 4140 est
195 4075 363 4157 spirituale
390 4077 426 4139 in
449 4074 595 4153 homine,
627 4076 808 4154 ,secundum
835 4099 909 4142 eam
936 4079 1096 4144 rationem
1149 4076 1289 4141 dictione
1315 4075 1466 4157 plenum,
1500 4082 1533 4139 et
1562 4073 1795 4152 amaritudine;
1829 4094 1966 4154 quorum
2000 4074 2127 4140 veloces

121 4161 240 4227 dieitur
272 4182 435 4226 carneum.
492 4160 583 4224 Nihil
618 4168 729 4226 autem
762 4163 920 4229 habemus
952 4165 1094 4247 spiritus,
1147 4161 1246 4245 pedes
1273 4162 1314 4226 ad
1341 4160 1579 4225 effundendum
1604 4159 1814 4242 sauguinem3
1840 4159 1876 4222 in
1899 4160 1961 4224 viis
1987 4181 2126 4242 quorum

122 4248 184 4312 uisi
212 4267 270 4329 per
296 4246 588 4330 regenerationem.
632 4248 696 4311 Est
716 4249 818 4331 igitur
844 4271 918 4315 caro
940 4249 1095 4333 quidquid
1148 4248 1299 4311 contritio
1329 4255 1362 4310 et
1388 4247 1577 4324 infelicitas;
1603 4243 1722 4329 quibus
1752 4266 1830 4326 prae
1858 4245 1958 4310 oculis
1987 4253 2127 4310 nonest

117 4332 278 4397 habemus
305 4354 325 4396 a
351 4341 479 4397 natura.
523 4333 649 4396 Verum
677 4333 717 4397 de
746 4355 785 4398 ea
810 4356 846 4400 re
873 4333 900 4401 s'i
928 4358 993 4419 qua
1015 4337 1096 4401 alias
1148 4334 1247 4397 timor
1267 4334 1339 4397 Dei.
1384 4332 1448 4396 His
1475 4331 1668 4396 fulminibus
1694 4353 1761 4394 non
1781 4331 1817 4394 in
1839 4340 1943 4396 certos
1966 4331 2123 4408 homines,

121 4426 231 4500 posset
261 4439 332 4483 esse
364 4418 537 4495 dubitatio,
578 4440 617 4483 oa
655 4419 747 4483 nobis
780 4442 800 4484 a
831 4422 935 4487 Paulo
968 4422 1096 4486 tollitur
1148 4419 1262 4485 sedin
1285 4419 1473 4483 universam
1500 4418 1643 4482 filiorum
1667 4416 1776 4481 Adam
1804 4419 1968 4480 nationem
1996 4415 2124 4479 invehi·

136 4503 221 4586 Eph.
242 4510 275 4579 4,
297 4502 369 4588 23):
403 4505 460 4568 ubi
492 4503 653 4587 descripto
686 4506 790 4568 veteri
821 4506 966 4585 homine,
999 4530 1095 4590 quem
1148 4513 1212 4568 tur.
1245 4504 1358 4586 Neque
1380 4504 1416 4567 in
1437 4504 1535 4568 unius
1557 4511 1615 4568 aut
1635 4503 1771 4585 alterius
1790 4501 1909 4566 saeculi
1930 4500 2125 4582 depravatos

145 4591 151 4602 ‘
179 4598 250 4653 erat
267 4597 454 4671 corruptum
477 4611 547 4655 esse
565 4591 836 4673 concupiscentiis
854 4595 982 4670 erroris,
1006 4593 1096 4659 iubet
1148 4611 1254 4654 mores
1272 4589 1441 4666 declamat,
1464 4589 1522 4653 sed
1540 4598 1671 4652 accusat
1687 4595 1880 4671 perpetuam
1898 4592 2036 4649 naturae
2054 4606 2125 4649 eor·

121 4696 180 4740 nos
212 4676 363 4740 renovari
397 4677 513 4758 spiritu
544 4677 663 4741 mentis
695 4684 835 4740 nostrae.
887 4676 988 4743 Vides
1021 4699 1096 4742 eum
1147 4676 1342 4759 ruptionem.
1388 4672 1557 4755 Siquidem
1589 4673 1792 4756 propositum
1824 4671 1871 4733 illi
1900 4679 1950 4735 est
1982 4692 2019 4735 eo
2052 4672 2124 4736 loeo

121 4783 187 4825 non
214 4782 335 4844 ponere
361 4761 491 4826 illicitas
516 4783 554 4827 ac
581 4783 700 4845 pravas
726 4761 920 4845 cupiditates
947 4765 981 4828 iu
1003 4770 1096 4847 parte
1147 4785 1214 4827 non
1235 4760 1427 4842 simpliciter
1448 4759 1596 4823 homines
1614 4758 1801 4839 obiurgare,
1829 4777 1892 4838 quo
1921 4758 2123 4839 resipiscant,

115 4912 125 4931 ,
765 4911 768 4917 ,
1148 4848 1206 4914 sed
1228 4848 1342 4913 dooere
1363 4847 1470 4929 potius
1492 4843 1693 4908 ineluctabili
1722 4842 1907 4907 calamitate
1933 4864 2045 4908 omnes
2068 4847 2125 4926 op-

124 4953 327 4960 “ss—
1145 4954 1284 5018 pressos,
1308 4952 1326 4996 e
1348 4952 1412 5014 qua
1433 4951 1599 5013 emergere
1617 4950 1682 4993 uon
1698 4929 1833 5010 possint,
1858 4930 1920 4994 nisi
1942 4930 2126 4995 misericor-

191 5066 221 5133 1)
248 5069 288 5121 De
313 5071 378 5122 verb
411 5075 487 5121 aosr
522 5086 591 5122 serm
626 5070 658 5122 10
740 5069 771 5138 2)
793 5071 828 5124 Η
887 5089 892 5105 ,
938 5073 953 5126 't
1147 5020 1202 5084 dia
1222 5020 1288 5084 Dei
1309 5024 1473 5082 eruantur.
1512 5013 1553 5079 Id
1572 5015 1650 5096 quia
1670 5015 1803 5097 probari
1824 5037 1890 5080 non
1912 5023 2041 5098 poterat
2062 5017 2126 5081 nisi

122 5135 212 5188 antis
234 5135 361 5191 ,dum
380 5088 455 5206 'paz
481 5106 524 5191 il.
549 5140 572 5205 ς,
594 5111 707 5190 {ll-'60
733 5088 967 5210 ,magnai
987 5089 1096 5209 praec&
1147 5104 1187 5170 de
1209 5104 1355 5204 clade-et
1376 5104 1475 5202 ciritio
1496 5109 1633 5167 naturae
1650 5102 1862 5200 constitisset,
1885 5102 2023 5184 protulit
2046 5101 2127 5167 haee

123 5203 208 5258 Libri·
224 5205 292 5259 editi
306 5207 365 5272 fere
382 5222 472 5261 annes
488 5208 570 5261 maa:
588 5209 684 5261 ammo.
942 5211 952 5225 ’
1146 5198 1341 5269 testimoma,
1361 5190 1478 5271 quibus
1495 5188 1570 5271 plus
1588 5209 1687 5272 quam
1704 5187 1865 5272 perditam
1884 5209 1955 5251 esse
1972 5194 2128 5253 naturam

229 5289 339 5345 Gelani
353 5308 444 5361 opera.
486 5292 603 5349 Vcl11.
1888 5286 1923 5341 14
