4672 5842
871 297 1137 365 nasamone
1160 298 1265 364 nuri.
1289 297 1470 364 oflensa.
1496 303 1587 363 uss
1651 264 1657 285 ’

227 310 289 371 527
2172 304 2236 366 528

1230 522 1232 529 ι

226 494 350 563 stabile.
374 493 538 570 vitiosum,
561 489 781 572 corruptibile,
802 489 969 564 caducum,
992 485 1203 561 emarcidum,
1256 485 1452 550 traiicercnt.
1498 486 1636 565 Contra,
1668 487 1723 551 ubi
1753 489 1853 552 semol
1880 500 1978 571 caput
2003 511 2104 573 supra
2125 492 2237 556 omnia

225 588 323 664 putre
341 578 486 660 corporis
503 577 610 642 nostri
631 576 883 639 tabernaculum
904 572 977 636 ideo
1000 571 1144 648 dissolri,
1168 582 1206 634 ut
1229 532 1232 657 l
1256 580 1389 635 terrena
1411 572 1604 648 extulerint,
1633 573 1762 638 etiamsi
1784 573 1920 638 rideant
1942 576 2095 640 florentes
2117 577 2237 659 impio·

226 666 261 729 in
280 667 419 740 firmam,
440 664 628 746 perfectam,
648 659 938 743 incorruptibilem,
958 658 1131 722 coelestem
1149 656 1205 720 de·
1229 668 1232 733 j
1256 680 1332 721 rum
1355 679 1433 739 opes
1462 666 1495 721 ct
1521 659 1676 735 honores,
1707 660 1734 723 si
1763 660 1831 723 alta
1852 681 1932 741 paco
1958 662 2037 738 frui,
2067 663 2096 727 si
2122 684 2236 726 rerum

225 752 325 832 nique
352 750 490 833 gloriam
519 769 598 812 mox
626 748 842 811 instauretur:
877 766 920 809 en
953 765 1019 807 non
1052 742 1206 807 ardenter
1229 744 1232 827 )
1257 744 1404 807 omniurn
1427 744 1599 826 splendore
1619 766 1657 808 ati
1675 745 1756 808 luxu
1774 746 1952 826 superbire,
1976 748 2004 810 si
2022 749 2147 813 deliciis
2165 770 2236 812 om-

225 837 307 902 fides
335 845 488 917 expetere
517 846 611 917 coget
643 831 729 914 qnod
757 840 875 894 natura
909 828 1120 892 rctbrmidat?
1167 828 1205 893 Si
1228 862 1233 913 ς
1257 830 1354 895 nibus
1381 831 1516 893 affluere
1541 841 1692 901 cernant,
1722 830 1750 892 si
1779 843 1949 913 praetcrea
1977 856 2089 897 eornm
2114 837 2238 916 impro-

226 925 407 1006 cogitemns
436 943 494 1001 per
521 934 661 983 nrortem
690 917 730 981 ab
752 917 867 980 exsilio
892 938 950 978 nos
973 915 1137 991 revocari,
1168 923 1206 977 ut
1229 920 1233 997 )
1257 915 1358 979 bitate
1392 916 1580 1005 pulsentur,
1620 917 1647 981 si
1682 917 1896 982 contumelias
1929 918 1970 981 ab
2003 941 2116 983 eorum
2149 922 2237 985 fastu

225 1008 384 1092 patriam.
409 1019 441 1069 et
464 1007 635 1070 carelestem
658 1005 798 1085 patriam
821 1001 1015 1075 incolamus,
1049 1020 1092 1062 an
1120 999 1205 1062 nihil
1230 1002 1233 1083 )
1258 1001 1453 1071 sustineant,
1480 1003 1507 1063 si
1530 1003 1669 1066 tavaritia
1690 1003 1893 1084 cxpilentur,
1923 1005 1948 1067 si
1972 1004 2035 1068 alia
2058 1006 2176 1087 quavis
2197 1005 2238 1070 li-

226 1094 303 1157 inde
331 1093 438 1156 solatii
465 1088 721 1172 consequemur?
767 1088 812 1150 Ar
842 1087 925 1150 nihil
956 1099 1007 1148 cst
1030 1083 1117 1166 (quod
1139 1106 1205 1147 non
1229 1096 1233 1197 ἰ
1258 1084 1368 1150 bidinc
1390 1097 1566 1152 vexentur:
1596 1111 1661 1152 non
1691 1089 1865 1153 difficulter
1892 1112 1927 1152 so
1956 1090 1990 1154 in
2012 1092 2131 1157 talibus
2157 1114 2238 1173 quo-

225 1200 419 1262 permanere
441 1192 582 1260 appetat.
616 1177 737 1239 Fateor
759 1195 851 1249 sane,
875 1187 974 1253 atque
996 1170 1068 1234 ideo
1091 1168 1132 1232 ad
1155 1171 1205 1233 fu·
1230 1193 1320 1271 pquo
1347 1173 1443 1235 malis
1472 1175 1688 1237 sustinebunt.
1734 1176 1809 1238 Erit
1835 1176 1923 1238 enim
1953 1176 2012 1240 snb
2041 1178 2141 1242 oculis
2165 1177 2237 1241 dics

226 1274 337 1329 turam
358 1263 635 1326 immortalitatem
657 1258 896 1341 respiciendum
920 1256 1013 1320 nobis
1035 1255 1204 1334 contendo,
1230 1278 1233 1327 1
1258 1257 1322 1336 illc,
1345 1280 1408 1339 quo
1426 1258 1589 1323 Dominus
1612 1260 1644 1322 in
1668 1262 1762 1341 regni
1784 1262 1837 1323 sui
1858 1262 2003 1342 quictem
2025 1263 2137 1328 fideles
2157 1285 2237 1328 suos

226 1351 284 1415 ubi
307 1356 394 1413 stata
416 1348 557 1414 conditio
579 1347 741 1429 obtingit,
770 1367 854 1425 (putre
877 1346 911 1406 in
934 1358 1023 1405 terra
1043 1362 1206 1423 nusquam
1230 1332 1233 1425 l
1257 1345 1404 1424 recipiet,
1435 1344 1600 1427 absterget
1627 1347 1666 1410 ab
1697 1368 1809 1409 corum
1838 1347 1941 1412 oeulis
1970 1369 2101 1412 omnem
2129 1350 2237 1433 lacry-

227 1446 371 1518 apparot.
420 1434 541 1515 Optime
568 1435 649 1496 euim
679 1432 800 1494 Prudus
830 1434 864 1513 (2
885 1428 958 1493 Cor.
985 1435 1019 1506 ι’),
1038 1432 1072 1507 2)
1098 1427 1205 1506 fideles
1230 1444 1232 1485 ὲ
1256 1451 1359 1505 mam,
1391 1430 1471 1494 stola
1502 1431 1623 1513 gloriae
1650 1444 1682 1494 ct
1710 1433 1852 1497 laetitiae
1881 1434 1968 1516 ipsos
1996 1435 2123 1505 induet.
2154 1434 2239 1500 deli-

227 1523 374 1587 olacriter
402 1521 444 1584 ad
471 1526 599 1583 mortain
625 1538 755 1599 perpere
782 1517 877 1591 claret,
913 1535 973 1578 rcere
1007 1514 1082 1593 quio
1115 1513 1206 1575 uelint
1229 1516 1232 1603 )
1257 1516 1380 1578 ciarum
1420 1538 1555 1580 suarum
1588 1518 1800 1583 inenarrabili
1832 1521 1995 1584 suavitate
2034 1530 2159 1603 pascet,
2202 1522 2239 1584 in

227 1609 315 1685 catti,
342 1607 397 1670 sed
424 1607 501 1686 quia
528 1605 715 1687 superindui
743 1602 878 1682 cupiant.
924 1601 978 1663 An
1000 1622 1079 1662 vcro
1108 1597 1206 1661 bruta
1229 1616 1233 1751 g
1257 1623 1334 1664 snae
1357 1601 1540 1667 altitudinis
1558 1604 1745 1668 societatem
1762 1605 1888 1680 cuichet,
1913 1605 2054 1688 denique
2071 1608 2239 1671 felicitatis

227 1693 395 1767 emmelis,
426 1700 524 1773 atquc
554 1692 633 1755 culeo
663 1690 825 1753 inanimae
847 1688 938 1767 ipsae
960 1699 1128 1750 creaturae
1149 1706 1204 1747 us-
1257 1708 1334 1751 suae
1363 1688 1611 1769 participatione
1639 1690 1828 1771 dignabitur
1850 1691 1928 1775 (les.
1950 1696 2005 1768 25,
2025 1700 2059 1770 8;
2086 1696 2185 1775 Apoc.
2208 1697 2236 1767 7,

227 1800 290 1861 que
321 1778 362 1843 ad
389 1778 480 1859 ligna
508 1786 541 1840 ct
569 1776 705 1858 lapides,
737 1773 914 1856 paresentis
943 1770 1020 1834 suae
1047 1770 1204 1833 vacuitatis
1229 1754 1232 1821 l
1260 1773 1323 1855 17).
1370 1773 1492 1856 lmpios
1516 1775 1699 1855 varoilles,
1729 1776 1783 1857 qui
1812 1778 1848 1838 in
1875 1786 1964 1842 term
1984 1780 2172 1856 floruerint,
2201 1780 2237 1843 in

227 1863 289 1929 sibi
316 1865 477 1940 consciae,
511 1864 544 1926 in
579 1863 733 1924 ultimum
766 1857 1012 1922 resurrectionis
1040 1856 1127 1919 diem
1153 1857 1203 1918 in·
1258 1874 1440 1923 extremam
1460 1860 1674 1942 ignominiam
1693 1861 1855 1944 proiicict;
1879 1884 1993 1927 corum
2011 1864 2143 1930 delicias
2161 1886 2236 1929 eru-

227 1958 338 2014 tentac
361 1965 473 2027 erunt,
503 1958 540 2012 ut
561 1969 635 2011 <trun
658 1947 735 2010 tiliis
757 1946 819 2009 Dei
849 1966 868 2006 a
890 1944 1035 2007 vanitate
1058 1942 1205 2005 eximan-
1258 1945 1404 2020 ciatibns,
1427 1947 1531 2009 risum
1554 1962 1587 2010 ct
1605 1947 1765 2012 laetitiam
1779 1949 1856 2011 tlctn
1873 1949 2239 2031 stridorequedentium

227 2044 284 2100 tur
306 2036 417 2118 (Rom.
438 2044 472 2107 8,
498 2040 562 2117 la),
591 2054 652 2096 nos
680 2045 712 2095 et
741 2030 864 2112 ingenii
894 2029 965 2090 luce
988 2027 1144 2107 praediti,
1174 2038 1206 2090 ct
1258 2032 1473 2114 permutabit,
1503 2054 1617 2114 pacem
1647 2034 1718 2097 diro
1745 2035 1961 2099 conscientiae
1989 2048 2153 2099 tormento
2187 2038 2240 2100 in-

228 2143 327 2204 supra
355 2121 538 2202 ingenium,
574 2120 635 2182 Dei
667 2116 784 2201 spiritu
815 2114 1007 2191 illuminati,
1036 2134 1138 2194 quum
1167 2112 1206 2174 ile
1231 2140 1234 2219 q
1258 2117 1431 2199 quietabit,
1466 2118 1637 2183 mollitiem
1670 2121 1790 2202 plectet
1821 2121 1897 2203 igne
1932 2123 2143 2201 inexstinct03
2178 2125 2241 2204 piis

228 2207 371 2272 essentia
392 2218 505 2269 nostra
524 2206 646 2283 agitur,
671 2226 736 2267 non
759 2200 946 2265 attollemus
968 2198 1096 2262 annuos
1119 2199 1207 2261 ultra
1231 2224 1234 2237 ·
1259 2203 1367 2279 etiarm,
1390 2224 1529 2284 qnorum
1550 2206 1711 2287 patientie
1732 2205 1824 2270 abusi
1847 2207 1977 2281 frrelint,
2001 2230 2115 2271 eorum
2133 2210 2242 2291 capita

227 2294 314 2356 hanc
338 2306 444 2356 terrae
463 2284 691 2374 putredinem?
726 2290 853 2351 Verum
875 2308 941 2348 non
963 2293 1013 2348 est
1034 2285 1133 2348 huius
1157 2284 1206 2346 in·

228 2379 336 2442 stituti
370 2385 426 2440 uait
452 2378 514 2442 loci
543 2392 656 2441 (rorum
687 2389 812 2439 tanta-m
846 2372 930 2434 hanc
958 2370 1207 2453 perversitatem

229 2484 335 2547 agere.
379 2464 425 2525 Et
456 2464 523 2527 iam
557 2464 650 2525 initio
683 2462 848 2544 professus
875 2478 949 2521 sum
976 2478 1028 2519 me
1060 2456 1206 2519 locorum

228 2549 452 2614 commimium
502 2551 656 2613 fusiorem
704 2544 929 2610 tractationem
976 2542 1028 2605 liic
1071 2542 1206 2604 minime

227 2634 312 2700 velle
345 2637 516 2717 suscipere.
572 2636 646 2715 Ego
672 2629 861 2697 huiusmodi
893 2627 1051 2691 timidulis
1088 2628 1206 2690 arsinus

228 2721 401 2787 suaderem
424 2730 460 2784 ut
480 2721 637 2805 Cypriani
665 2718 813 2783 libellum
836 2714 876 2779 do
897 2713 1096 2777 mortalitate
1117 2713 1205 2795 lege-

227 2821 315 2878 rent,
346 2808 407 2871 nisi
437 2807 529 2890 digni
559 2815 668 2871 essent
695 2805 751 2886 qni
780 2802 820 2865 ad
842 2800 1053 2883 philosophos
1076 2799 1206 2881 ablega·

227 2902 352 2969 rentur,
376 2901 412 2957 ut
433 2894 589 2975 inspecto,
611 2913 709 2975 quem
732 2890 780 2952 illi
799 2909 877 2970 prae
897 2907 931 2950 so
949 2887 1068 2961 ferunt,
1091 2886 1206 2948 mortis

228 2987 432 3059 contemptu,
467 2978 656 3042 erubescere.
687 2976 854 3058 incipiant.
899 2972 973 3035 Hoc
1006 2986 1117 3034 tamen
1148 2970 1205 3033 ha-

227 3063 364 3128 beamus
381 3066 606 3143 constitntum,
627 3063 792 3128 neminem
812 3059 892 3123 bone
905 3058 939 3121 in
950 3057 1076 3121 Christi
1095 3056 1207 3120 schola

229 3150 417 3232 proiecisse,
444 3151 506 3213 nisi
535 3152 591 3232 qui
618 3159 651 3215 ot·
677 3149 793 3212 mantis
822 3158 856 3210 ct
884 3144 1207 3208 ultimaercsurrec·

1259 2289 1417 2353 subiiciet.
1452 2290 1538 2354 llaec
1554 2293 1637 2354 cretur
1654 2297 1698 2355 est
1715 2293 1845 2370 iustitia,
1867 2294 2055 2357 aestercus
2072 2295 2110 2377 (2
2123 2295 2238 2360 Thess.

1263 2379 1295 2451 l,
1322 2381 1372 2457 a),
1405 2376 1482 2440 darc
1507 2379 1632 2440 russea
1659 2385 1687 2441 et
1715 2380 1827 2442 triante
1855 2379 1984 2459 afflictis
2010 2381 2240 2460 relatiotionem,

1258 2460 1384 2525 reddere
1405 2484 1475 2525 cere
1500 2462 1697 2543 afflationem
1721 2464 1873 2545 irrepunt-is
1899 2466 1954 2544 qui
1980 2467 2054 2545 pios
2082 2468 2238 2548 affligunt,

1259 2568 1355 2625 quum
1376 2547 1561 2611 revelabitur
1581 2548 1738 2612 Dominus
1762 2549 1853 2613 Iesus
1876 2551 2001 2615 eraclo.
2046 2552 2138 2615 Haec
2161 2574 2239 2635 pro-

1258 2634 1341 2697 fecto
1365 2635 1462 2697 unica
1483 2644 1533 2697 est
1555 2644 1667 2698 nestra
1689 2636 1881 2699 consolatio:
1906 2658 1990 2717 «quae
2012 2638 2040 2701 si
2060 2640 2236 2714 sisteretur,

1258 2727 1315 2782 ant
1353 2740 1484 2785 neccsse
1523 2721 1585 2784 orit
1619 2720 1819 2802 despondere
1851 2723 2013 2799 animum,
2053 2731 2110 2786 aut
2141 2724 2238 2787 vanis

1258 2805 1373 2867 mmidi
1402 2805 1525 2870 solatiis
1551 2806 1585 2869 in
1614 2808 1751 2870 exitium
1788 2816 1938 2871 nostrum
1976 2807 2120 2873 delinire.
2182 2807 2238 2873 Si-

1258 2891 1389 2971 quidem
1412 2906 1446 2955 et
1467 2892 1628 2974 propheta
1650 2892 1751 2969 (Psal.
1773 2899 1827 2970 73,
1848 2896 1883 2976 2)
1905 2892 1966 2957 sibi
1989 2895 2158 2959 vacillasse
2179 2916 2239 2978 pe·

1259 2974 1316 3041 des
1338 2979 1524 3053 confitetur,
1553 2977 1630 3041 dum
1656 2979 1876 3060 inpraesenti
1905 2980 2083 3061 impiorum
2105 3003 2239 3064 prospe·

1259 3063 1357 3127 ritate
1379 3064 1562 3146 reputanda
1582 3065 1723 3127 nimium
1740 3067 1944 3141 innnomtur,
1968 3088 2076 3147 nequo
2093 3069 2238 3148 potuisse

1260 3148 1355 3212 aliter
1387 3151 1563 3215 consistere
1595 3170 1695 3232 quam
1728 3151 1807 3214 (lum
1839 3153 2064 3217 sanctuarium
2093 3152 2158 3217 Dei
2186 3154 2238 3217 in·

228 3235 328 3299 tionis
349 3235 435 3298 diem
457 3258 533 3300 cuni
551 3235 669 3319 gaudio
688 3243 862 3316 exspectet.
889 3231 977 3293 Nam
998 3240 1032 3292 ct
1051 3229 1111 3293 bac
1128 3238 1208 3292 note
1232 3244 1235 3333 )
1259 3256 1403 3316 gressus,
1433 3236 1474 3299 ad
1501 3237 1716 3301 novissimum
1738 3237 1866 3319 piorum
1895 3238 2115 3302 sensatorum
2139 3241 2239 3303 finem

229 3319 341 3385 fideles
369 3323 539 3386 universes
567 3321 721 3387 describit
748 3319 873 3385 Paulus
903 3317 984 3398 (Tit.
1008 3319 1042 3393 2,
1071 3315 1139 3397 13),
1173 3324 1207 3378 ot
1232 3338 1234 3343 ·
1259 3323 1420 3385 convertit
1441 3322 1558 3386 oculos.
1598 3322 1646 3386 Ut
1664 3344 1730 3385 urio
1748 3322 1848 3386 verbo
1866 3324 2066 3401 concludam,
2085 3335 2165 3390 tunc
2184 3326 2238 3390 de·

231 3407 411 3488 scripturae
433 3409 594 3473 lanulirnc
622 3419 672 3472 rest
694 3407 820 3489 quoties
843 3403 966 3467 solidae
988 3401 1131 3465 laetitiae
1154 3422 1205 3464 ar·
1258 3428 1349 3471 mum
1372 3407 1407 3470 in
1428 3407 1613 3487 pectoribus
1634 3408 1781 3472 fidelium
1804 3411 1985 3492 triumphat
2006 3431 2087 3474 crux
2111 3412 2238 3477 Christi

230 3508 424 3575 gumentum
453 3516 634 3576 proponere
661 3494 749 3566 vult,
778 3512 816 3556 eo
842 3512 902 3554 nos
931 3507 1092 3552 revocare.
1136 3488 1206 3550 Er·
1231 3516 1234 3549 ι

229 3577 366 3649 saltate,
395 3580 504 3660 inquit
531 3578 696 3643 Dominus
726 3580 822 3663 (Luc.
849 3582 905 3653 21,
931 3578 1001 3656 aa),
1036 3581 1069 3637 ct
1100 3572 1206 3637 levato
1231 3558 1234 3603 ¹

227 3665 335 3746 capita
357 3675 484 3744 vestitu
511 3666 750 3748 appropinquat
772 3663 859 3727 enim
883 3660 1064 3741 redemptio
1086 3670 1205 3725 restra.

226 3751 282 3815 An
304 3751 508 3827 rationabile,
532 3773 659 3833 quaeso,
683 3759 733 3814 est
754 3761 791 3814 nt
813 3748 897 3830 quod
920 3746 976 3809 ille
997 3756 1127 3808 tantum
1151 3766 1207 3806 va·

226 3835 293 3899 lere
316 3836 421 3899 voluit
443 3836 483 3899 ad
507 3837 759 3901 exsultationem
782 3844 814 3899 et
836 3834 1040 3898 alacritatem
1063 3834 1095 3894 in
1114 3828 1206 3893 nobis

227 3922 450 3997 excitandam,
481 3923 563 3986 nihil
594 3945 691 4005 quani
716 3922 885 3985 tristitiam
908 3940 946 3983 ac
968 3916 1205 3982 consternatio-

226 4027 303 4069 nem
325 4008 451 4087 pariut‘?
497 4007 536 4072 si
558 4009 603 4073 ita
627 4018 691 4084 est,
719 4009 797 4090 quid
826 4007 932 4070 adlmc
961 4004 1113 4084 aequasi
1136 4024 1204 4065 ina-

227 4092 330 4175 gistro
359 4094 558 4174 gloriamur?
610 4094 783 4159 Saniorcm
813 4114 891 4175 orgo
918 4099 1063 4153 mentam
1098 4088 1205 4151 conci·
1230 4114 1233 4129 ·

226 4176 369 4259 pionius3
393 4189 506 4260 atquo,
531 4190 568 4242 ut
590 4192 751 4263 repugnet
772 4201 868 4244 caeca
890 4190 923 4241 et
945 4174 1077 4255 stupida
1098 4175 1205 4239 carnis
1229 4160 1233 4233 l

225 4263 403 4346 cupiditate,
435 4287 500 4329 nen
535 4266 721 4330 dubitemus
754 4264 933 4329 adventiun
967 4260 1102 4323 Domini
1138 4281 1204 4323 nen

225 4350 310 4414 votis
340 4350 451 4429 mode,
485 4351 541 4415 sed
570 4354 696 4433 gemitu
724 4352 823 4415 etiaim
851 4370 888 4412 ac
916 4347 1081 4428 suspiriis,
1115 4346 1233 4435 rclutq

226 4456 296 4499 rem
313 4438 460 4501 omnium
479 4438 721 4513 tanstissimam,
743 4450 905 4518 expetere.
938 4433 1103 4498 Adveniet
1117 4432 1205 4496 onim

225 4519 319 4587 nobis
342 4522 542 4605 redemptor,
576 4524 633 4605 qui
662 4523 701 4586 ab
723 4522 783 4586 hoc
807 4522 966 4585 immenso
988 4520 1149 4585 malorum
1172 4534 1205 4581 ct
1230 4580 1233 4613 ἶ

225 4608 433 4673 miseriarum
467 4609 614 4673 omnium
645 4608 775 4692 gurgite
808 4618 971 4672 extractos
1010 4606 1045 4669 in
1077 4608 1205 4672 beatam

225 4692 316 4758 illam
339 4696 428 4759 vitae
452 4704 486 4760 ot
508 4696 631 4779 gloriae
654 4718 731 4760 suae
754 4694 989 4759 haereditatem
1012 4693 1154 4759 inducat.

314 4787 342 4842 c'.
399 4780 456 4844 Sic
488 4791 539 4844 est
572 4804 665 4846 sane:
707 4789 811 4845 totam
848 4781 995 4845 fidolimn
1026 4782 1203 4858 nationem,

225 4865 382 4945 quamdiu
412 4878 536 4930 terram
564 4868 764 4947 inhabitant,
799 4878 927 4950 oportet
955 4889 1026 4932 csse
1048 4878 1205 4949 tanquam

227 4968 304 5014 oros
331 4953 523 5016 mactationi
552 4954 745 5033 destinatas,
774 4976 836 5036 quo
859 4953 993 5019 Christo
1021 4954 1120 5036 capiti
1146 4977 1204 5020 suo

227 5034 472 5100 conformentur
506 5039 617 5123 (Rom.
649 5046 683 5118 8,
715 5040 780 5124 36).
829 5040 1095 5123 Deploratissimi
1127 5063 1204 5125 ergo

208 5128 351 5216 essent,
385 5123 463 5200 nisi,
498 5126 533 5187 in
563 5126 688 5189 coelum
717 5138 827 5189 mento
854 5138 977 5204 crecta,
1012 5138 1206 5209 superarent

226 5203 385 5287 quidquid
404 5209 441 5273 in
462 5207 587 5273 mundo
607 5221 666 5288 cst,
687 5219 721 5274 et
738 5222 944 5294 praesentem
960 5234 1073 5277 rerum
1088 5214 1206 5281 faeiem

1259 3493 1299 3555 de
1321 3492 1458 3567 diabolo,
1481 3515 1588 3569 carne,
1612 3506 1745 3576 peccato
1769 3504 1802 3558 ct
1824 3496 1941 3577 impiis,
1972 3495 2001 3560 si
2023 3498 2109 3561 oculi
2132 3498 2167 3561 in
2188 3519 2239 3561 re·

1259 3579 1471 3643 sinrectionis
1492 3580 1671 3661 potentiam
1694 3592 1940 3645 convertuntur.

1616 3889 1874 3975 emmanu

1259 4048 1481 4154 Quomodo
1521 4050 1727 4131 utendum
1759 4050 1972 4161 praesenti
2001 4048 2088 4130 rita
2119 4047 2235 4130 eius-

1553 4198 1636 4280 que
1668 4171 1932 4253 adiumentis,

1348 4359 1372 4417 l.
1418 4353 1552 4419 Talibus
1580 4354 1774 4418 rudimentis
1802 4355 1901 4436 probe
1930 4376 1990 4419 nos
2012 4352 2112 4419 simul
2139 4354 2237 4417 insti-

1257 4441 1321 4504 tuit
1343 4441 1519 4522 scriptura,
1547 4442 1620 4523 quis
1647 4456 1755 4506 rectus
1777 4442 1821 4503 sit
1842 4440 2003 4504 bonomm
2031 4441 2237 4504 terrestrium

1258 4548 1349 4590 usus:
1383 4542 1435 4591 res
1468 4528 1502 4590 in
1524 4527 1747 4609 componenda
1769 4527 1855 4590 vitae
1872 4528 1999 4591 ratione
2020 4527 2156 4589 minime
2178 4546 2236 4589 nc-

1259 4613 1421 4695 gligcnda.
1467 4613 1552 4677 Nam
1575 4615 1602 4677 si
1626 4613 1804 4678 vivendum
1831 4620 1894 4689 est,
1928 4611 2087 4676 utendum
2109 4631 2236 4692 quoque

1258 4699 1450 4763 necessariis
1470 4701 1557 4764 vitae
1576 4698 1791 4764 adminiculis.
1825 4698 1895 4763 Noc
1914 4700 2028 4782 fugero
2053 4719 2092 4761 oa
2107 4717 2236 4778 quoquo

1249 4805 1431 4867 possumus
1464 4808 1545 4867 quae
1577 4785 1731 4849 videntur
1760 4784 1969 4849 oblectationi
2004 4783 2109 4868 magis
2136 4803 2237 4863 quam

1257 4871 1442 4936 necessitati
1471 4872 1639 4937 inservire.
1688 4871 1825 4935 Modum
1852 4892 1930 4942 ergo
1957 4880 2069 4936 tenere
2097 4877 2235 4952 oportet,

1259 5232 1274 5297 ξ
1298 5161 1488 5285 32lqffiberet
1508 5161 1574 5215 boec
1596 5159 1771 5215 1539-1554
1794 5164 1918 5218 clausula
1941 5163 2033 5231 operia
2058 5160 2123 5230 Gap.
2150 5162 2239 5216 XXI.
