4672 5842
145 307 208 373 533
364 307 455 373 LIB.
478 307 542 371 111.
586 308 651 374 DE
673 305 810 375 MODO
832 305 1182 374 PERCIPIENDAE
1205 304 1397 374 CHRISTI
1418 305 1637 374 CRATIAE.
1682 307 1784 375 CAP.
1803 307 1847 375 X.
1866 309 1929 376 XL
2086 318 2151 380 534

1170 495 1301 574 ficetur,
1342 495 1398 577 qui
1431 515 1568 560 numero
1599 507 1807 578 peccatorum
1840 506 2012 583 exemptus
2041 501 2150 568 Deum

984 659 996 690 ι
1172 579 1271 645 habet
1292 602 1370 680 suae
1387 580 1531 645 iustitiae
1551 588 1668 679 testem
1686 588 1944 684 611166611616111Ι
1973 585 2149 686 Iustificari

143 710 210 792 De
234 707 530 790 iustificatione
559 706 672 814 fidei,
704 736 751 790 ec
777 707 912 818 primo
945 706 997 789 de
1027 705 1121 818 ipsa
1171 667 2150 838 {Effietssssessguguffiffimdloidnddaeatdrqldaeouddshrhlffiiffi

310 827 488 910 nominis
521 838 565 911 et
595 827 658 910 rei
689 827 943 911 definitione.
1171 838 1316 903 iustitiae
1339 837 1425 920 apud
1446 838 1512 902 Dei
1532 837 1690 904 thronum
1710 849 1890 921 mereatur;
1917 865 1975 908 seu
1997 845 2053 927 qui
2073 866 2150 929 cpe-

1172 945 1247 988 rum
1279 945 1413 988 snorum
1444 925 1635 1006 integritate
1668 925 1865 1008 respondere
1899 936 1932 994 et
1963 930 2150 997 satisfacere

232 1017 258 1076 l.
302 1012 374 1075 Iam
399 1011 483 1076 mihi
510 1010 589 1077 satis
617 1010 792 1095 diligenter
812 1010 1000 1093 exposuisse
1020 1029 1120 1091 supra
1171 1009 1259 1074 illius
1286 1008 1405 1075 iudicio
1432 1017 1538 1091 queat
1591 1010 1715 1076 Contra
1738 1013 1968 1080 iustificabitur
1993 1015 2048 1081 ille
2074 1016 2149 1096 fide,

143 1098 269 1176 videor,
296 1097 456 1180 quomodo
484 1097 671 1162 hominibus
697 1119 717 1162 a
744 1096 816 1181 lege
843 1095 1024 1161 maledictis
1046 1095 1119 1159 uni·
1172 1096 1228 1177 qui
1258 1116 1394 1178 operum
1420 1095 1547 1160 iustitia
1573 1097 1726 1162 exclusus
1754 1096 1880 1164 Christi
1905 1102 2064 1166 iustitiam
2090 1122 2151 1186 per

140 1207 218 1252 cum
245 1183 486 1267 recuperandae
513 1180 627 1248 salutis
655 1190 756 1248 restet
781 1184 817 1247 in
843 1181 908 1246 fide
928 1180 1118 1246 subsidium.
1172 1180 1272 1246 fidem
1298 1180 1528 1265 apprehendit,
1558 1203 1623 1264 qua
1652 1184 1789 1248 vestitus
1818 1185 1854 1248 111
1881 1186 1946 1250 Dei
1974 1196 2150 1271 conspectu

140 1273 290 1337 Rursum
319 1269 397 1352 quid
425 1269 505 1335 fides
534 1271 606 1353 ipsa
634 1270 691 1348 sit,
725 1278 758 1334 et
786 1289 869 1350 quae
895 1267 1120 1332 inhominem
1173 1288 1239 1331 non
1261 1275 1299 1331 nt
1319 1275 1484 1350 peccator,
1513 1266 1571 1332 sed
1599 1276 1755 1350 tanquam
1777 1270 1883 1335 iustus
1908 1281 2051 1355 apparet.
2096 1274 2151 1339 Ite

141 1357 208 1422 Dei
228 1346 386 1421 beneficia
408 1358 567 1435 conferat,
601 1365 635 1420 et
663 1376 743 1437 quos
771 1356 807 1419 in
829 1375 867 1419 eo
887 1354 1013 1419 fructus
1035 1351 1119 1417 edat.
1171 1375 1231 1418 nos
1251 1353 1515 1418 iustificationem
1543 1353 1732 1436 simpliciter
1760 1355 2015 1439 interpretamur
2037 1379 2150 1443 accep·
2196 1427 2198 1430 .

143 1442 284 1510 Summa
311 1449 422 1507 eutem
449 1443 531 1507 haec
558 1442 634 1506 luit:
666 1440 838 1507 Christum
863 1437 1121 1504 11611161)611)6-
1172 1439 1296 1503 tionem
1318 1460 1383 1520 qua
1404 1460 1464 1503 nos
1481 1438 1574 1503 Deus
1594 1440 1630 1502 in
1650 1441 1792 1523 gratiam
1813 1454 1960 1525 receptos
1976 1465 2037 1525 pro
2054 1445 2150 1511 iustis

142 1529 305 1614 nignitate
327 1528 455 1607 datum,
485 1527 549 1593 fide
578 1526 713 1592 anobis
734 1524 937 1610 apprehendi
958 1546 996 1590 ac
1017 1523 1121 1608 possi-
1172 1524 1280 1590 habet.
1325 1525 1473 1606 Eamque
1497 1525 1533 1588 in
1553 1534 1761 1607 peccatorum
1783 1529 1972 1593 remissione
1997 1552 2034 1596 ac
2056 1531 2151 1597 iusti·

141 1614 228 1693 deri,
257 1616 351 1680 cuius
372 1614 618 1697 participatione
641 1612 802 1696 duplicem
820 1612 1027 1695 potissimum
1045 1630 1121 1693 gra-
1173 1612 1237 1676 tiae
1260 1609 1385 1676 Christi
1405 1610 1620 1692 imputatione
1641 1613 1782 1693 positam
1804 1635 1874 1678 esse
1896 1614 2043 1680 dicimus.

141 1703 224 1766 tiam
245 1700 455 1784 recipiamus;
478 1721 595 1782 nempe
617 1707 654 1763 ut
675 1701 745 1764 eius
767 1697 954 1763 innocentia
974 1697 1047 1761 Deo
1069 1717 1121 1760 re·
1260 1700 1288 1760 3.
1333 1696 1374 1759 In
1401 1696 1499 1760 huius
1521 1696 1569 1760 rei
1591 1698 1872 1763 confirmationem
1893 1707 2026 1766 exstant
2046 1701 2152 1765 multa

141 1786 307 1853 conciliati
338 1807 397 1869 pro
429 1786 535 1851 iudice
566 1787 633 1851 iam
664 1780 844 1868 propitium
874 1783 1055 1848 habeamus
1086 1782 1121 1845 in
1174 1789 1208 1847 et
1228 1782 1318 1847 clara
1335 1782 1517 1865 scripturae
1540 1784 1737 1848 testimonia.
1770 1785 1947 1868 Principio,
1973 1786 2059 1852 hano
2081 1807 2152 1853 esse

142 1873 241 1938 ceolis
272 1879 414 1955 patrem;
454 1870 572 1937 deinde
603 1884 642 1936 ut
675 1872 744 1936 eius
777 1870 895 1953 spiritu
927 1867 1122 1934 sanctificati
1173 1869 1339 1951 propriam
1361 1876 1394 1933 et
1414 1867 1662 1932 usitatissimam
1680 1870 1772 1934 verbi
1790 1871 2070 1954 significationem,
2092 1893 2151 1938 ne·

143 1959 364 2024 innocentiam
386 1958 626 2040 puritatemque
649 1959 736 2022 vitae
757 1956 964 2021 meditemur.
1008 1954 1060 2020 hc
1080 1952 1121 2018 de
1174 1955 1246 2038 gari
1267 1976 1335 2017 11611
1356 1959 1472 2037 potest.
1507 1951 1575 2018 Sed
1591 1956 1669 2036 quia
1692 1956 1790 2020 nimis
1810 1956 1946 2040 longum
1963 1968 2048 2023 esset
2065 1958 2152 2024 locos

143 2045 390 2129 regeneratione
412 2044 553 2126 quidem,
577 2064 659 2125 quae
681 2042 823 2108 secunda
844 2051 895 2107 est
917 2041 1032 2125 gratia,
1055 2038 1121 2104 dic·
1174 2062 1287 2105 omnes
1310 2039 1463 2122 colligere
1483 2044 1517 2103 et
1537 2040 1623 2104 inter
1645 2062 1680 2105 se
1702 2042 1865 2121 conferre,
1891 2045 1969 2108 satis
1988 2046 2031 2109 sit
2052 2045 2152 2110 lecto·

143 2139 216 2196 tum
242 2131 305 2195 fuit
333 2139 494 2212 quantum
515 2130 664 2194 sufficere
686 2127 867 2194 1116161111.
911 2126 1121 2191 laetificatio-
1174 2147 1227 2191 res
1249 2126 1431 2204 monuisse;
1452 2146 1512 2207 per
1529 2147 1564 2190 66
1586 2127 1674 2190 enim
1692 2127 1786 2192 facile
1805 2128 2034 2194 observabunt.
2063 2131 2152 2196 Pau-

142 2218 196 2283 nis
223 2217 307 2281 ratio
334 2216 440 2281 levius
467 2215 539 2280 ideo
568 2223 689 2280 attacta
716 2221 781 2292 est,
811 2213 964 2296 quoniam
987 2211 1030 2277 ad
1051 2233 1122 2276 rem
1174 2233 1228 2277 cos
1249 2221 1381 2276 tantum
1401 2210 1593 2293 producam,
1621 2212 1680 2276 ubi
1701 2212 1796 2292 haec,
1829 2214 1869 2279 dc
1891 2237 1956 2297 qua
1976 2215 2151 2298 loquimur,

144 2301 329 2387 pertinebat
354 2301 539 2385 intelligere
560 2303 718 2383 primum,
747 2307 781 2365 et
802 2320 901 2382 quam
927 2299 1030 2364 otiosa
1055 2317 1122 2362 non
1172 2298 1358 2364 iustificatio
1380 2297 1576 2361 nominatim
1593 2304 1761 2363 tractetur.
1797 2299 1945 2365 Primam
1965 2302 2018 2365 abi
2039 2306 2151 2367 cremat

145 2390 190 2454 sit
212 2411 232 2453 a
251 2387 344 2453 bonis
365 2387 518 2471 operibus
539 2386 630 2465 fides,
652 2408 717 2469 qua
738 2384 807 2450 sola
828 2386 1006 2469 gratuitam
1028 2384 1122 2448 iusti·
1174 2384 1280 2449 [accae
1296 2381 1415 2465 61616111
1439 2381 1561 2447 Cbristo
1573 2381 1597 2467 ¹)
1627 2385 1734 2450 cadite
1760 2385 1949 2466 testificasse
1970 2388 2089 2466 Deam,
2122 2392 2151 2452 ct

144 2476 225 2540 tiam
256 2475 321 2539 Dei
353 2471 575 2538 misericordie
610 2472 811 2549 obtinemus,
851 2478 885 2535 et
916 2470 1025 2553 qualia
1055 2469 1123 2535 sint
1173 2471 1226 2535 abi
1241 2469 1430 2550 pronuntiat
1448 2466 1593 2532 carmus
1614 2472 1803 2550 sapiadiem
1830 2472 2002 2552 iustificari
2024 2495 2045 2538 a
2069 2472 2151 2554 filiis
2222 2528 2232 2548 .

143 2567 331 2626 sanctorum
351 2560 436 2624 bona
456 2580 568 2641 opera,
597 2560 632 2623 in
660 2558 778 2641 quibus
799 2578 877 2640 pars
898 2557 997 2620 huius
1024 2575 1121 2637 quae-
1173 2557 1243 2621 sm‘s
1265 2556 1361 2640 (Luc.
1382 2559 1415 2631 7,
1435 2557 1475 2617 29
1497 2562 1532 2618 et
1554 2553 1626 2638 35),
1648 2576 1709 2620 11611
1729 2557 1885 2640 chalmot
1905 2559 1973 2624 illic
1993 2559 2151 2626 imtiticm

142 2647 258 2712 stionis
275 2653 436 2712 versatur.
474 2646 525 2710 Ee
547 2666 625 2728 ergo
647 2666 735 2709 nunc
756 2644 889 2727 penitus
907 2640 1121 2719 discutienda,
1173 2643 1323 2723 conferre,
1362 2661 1441 2723 qaae
1473 2645 1576 2705 manet
1607 2660 1728 2721 semper
1759 2644 1883 2726 integra
1915 2645 2003 2725 amad
2035 2643 2148 2724 Deum,

142 2741 176 2798 et
196 2735 242 2797 ita
264 2730 469 2798 discutienda
491 2738 528 2795 ut
549 2731 795 2795 meminerimus
816 2729 1030 2813 praecipuum
1051 2747 1122 2792 esse
1173 2729 1320 2810 6166111616
1349 2731 1429 2791 tatas
1460 2724 1598 2790 mandas
1629 2728 1749 2808 cripere
1787 2734 1924 2809 amatur,
1963 2751 2059 2811 accae
2100 2730 2150 2795 bic

141 2817 352 2885 sustinendae
373 2817 541 2901 religionis
559 2815 735 2895 cardinem,
758 2836 822 2898 quc
839 2816 996 2879 maiorem
1016 2818 1121 2878 atten-
1174 2814 1267 2879 etiam
1296 2813 1410 2879 calatis
1436 2810 1609 2877 doctricem
1632 2814 1736 2894 [acere
1762 2814 1894 2894 iustam,
1927 2834 2006 2896 qaae
2028 2836 2089 2897 per
2116 2834 2150 2881 sc

143 2905 265 2970 116116111
296 2924 474 2986 curamque
510 2904 694 2968 afferamus.
749 2901 824 2966 Nisi
858 2902 947 2966 enim
978 2899 1122 2982 primum
1174 2900 1229 2964 boc
1254 2899 1355 2977 laedet,
1387 2899 1441 2963 sed
1467 2903 1598 2979 atraque
1623 2898 1759 2980 loquatic
1786 2902 1966 2966 tantundem
1987 2901 2080 2980 vaiet,
2113 2920 2151 2967 ac

144 2991 307 3068 omnium,
336 3010 400 3072 quo
429 2990 474 3054 sis
496 2988 583 3072 apud
604 2989 716 3053 Deum
736 2988 821 3066 loco,
849 2995 883 3053 et
909 2985 1005 3069 quale
1027 2984 1067 3050 de
1089 2992 1122 3049 te
1174 2985 1299 3051 laudem
1320 2984 1389 3049 Dec
1415 2985 1541 3065 eiusque
1567 2984 1726 3050 doctrinae
1752 2985 1886 3051 tribucre
1910 3007 2006 3067 quam
2034 3008 2150 3053 meren-

142 3078 185 3141 sit
212 3077 301 3142 illius
328 3073 500 3155 iudicium,
532 3084 641 3153 tenes,
676 3082 714 3139 ut
741 3074 869 3138 nullum
897 3071 999 3137 habes
1022 3069 1122 3136 stabi·
1174 3077 1235 3136 tar.
1285 3069 1427 3135 Rursum
1459 3068 1555 3151 quam
1588 3069 1778 3135 Phar-isacio
1808 3072 1974 3154 exprobrat
2007 3072 2151 3138 01116166

142 3162 272 3227 liendae
299 3161 414 3226 salutis
441 3160 707 3238 fundamentum,
736 3161 784 3224 ita
810 3181 870 3225 1166
891 3156 1066 3242 erigendae
1086 3157 1122 3220 in
1175 3157 1266 3241 (ibid.
1289 3155 1434 3240 13,15),
1461 3155 1542 3236 qaod
1563 3176 1596 3221 se
1616 3156 1703 3237 ipsos
1723 3153 1900 3239 mitificent,
1920 3179 1982 3223 aaa
2004 3158 2151 3243 inteiligit

143 3250 253 3312 Deum
279 3247 419 3331 pietatis.
465 3245 533 3312 Sed
559 3246 735 3312 necessitas
761 3243 977 3328 cognoscendi
1004 3242 1122 3309 melias
1174 3245 1337 3324 mquirae
1356 3243 1514 3307 caecatam
1533 3246 1613 3308 recte
1629 3243 1755 3325 agendo,
1776 3243 1831 3309 sed
1848 3243 2008 3309 ambitiose
2024 3250 2151 3327 captare

144 3355 187 3398 ex
207 3333 389 3416 cognitione
410 3334 483 3417 ipsa
504 3332 673 3398 elucescet.
1174 3331 1314 3396 iustitiae
1340 3349 1403 3410 aaa
1430 3328 1522 3393 cocci
1547 3333 1622 3392 suat
1644 3329 1775 3411 samace.
1819 3328 1915 3395 Haec
1940 3349 2065 3395 semum
2090 3349 2151 3396 me·

232 3422 260 3481 2.
303 3419 408 3483 Porro
428 3439 471 3482 ne
491 3418 714 3502 impingamus
735 3416 773 3481 in
794 3418 865 3500 ipso
886 3416 1000 3480 limine
1022 3413 1123 3500 (quod
1175 3417 1241 3481 lias
1271 3415 1450 3498 intellipuat
1481 3413 1644 3479 1161161666
1671 3415 1798 3498 11119666
1823 3416 1937 3496 periti,
1971 3415 2025 3481 abi
2057 3417 2150 3482 ctiam

143 3505 252 3582 fieret,
283 3504 311 3567 si
337 3503 377 3569 de
398 3525 435 3567 re
455 3504 623 3587 incognita
651 3503 905 3586 disputationem
933 3501 1122 3585 ingredere-
1174 3502 1292 3567 amasti
1313 3505 1472 3580 66666166,
1501 3520 1563 3565 ima
1584 3499 1673 3565 moda
1694 3501 1750 3582 qai
1777 3501 1840 3566 sibi
1861 3502 1976 3567 comcii
1997 3508 2151 3568 611111666-

143 3589 236 3671 mur)
266 3588 409 3672 primum
431 3591 631 3671 explicemus
657 3588 736 3672 quid
763 3588 825 3654 sibi
846 3588 950 3653 velint
970 3588 1053 3653 istae
1074 3587 1122 3651 lo·
1175 3588 1264 3665 teria,
1292 3587 1347 3652 scd
1375 3587 1429 3666 qai
1450 3586 1605 3651 indiciam
1625 3586 1840 3652 dammationis
1860 3588 1998 3653 micam.
2045 3589 2152 3671 Nepae

144 3676 334 3758 quuticnes:
359 3675 527 3740 hominem
549 3696 659 3741 coram
680 3675 752 3740 Deo
773 3674 957 3752 iustificari,
985 3672 1050 3738 fide
1071 3673 1122 3736 iu·
1175 3675 1259 3739 caim
1280 3671 1472 3758 Berscbc,²)
1496 3672 1573 3737 dam
1593 3692 1627 3737 se
1647 3677 1675 3737 et
1698 3671 1887 3739 Soimncmm
1908 3676 1984 3739 dicit
2002 3675 2070 3756 fare
2090 3694 2152 3739 ecc

143 3761 281 3827 stilicen
300 3761 348 3826 cel
370 3760 530 3842 operibus.
569 3761 745 3827 Iustificari
767 3781 878 3825 coram
899 3760 971 3825 Deo
994 3758 1121 3837 dicitur,
1174 3760 1265 3826 aeas
1282 3757 1315 3843 (1
1328 3758 1410 3842 Reg.
1431 3763 1458 3838 l,
1472 3759 1539 3841 21),
1560 3759 1678 3823 crimea
1699 3760 1843 3841 apmecit,
1865 3760 1920 3825 scd
1930 3758 2048 3839 probro
2069 3765 2150 3824 acet

143 3849 200 3929 qui
227 3846 346 3912 iudicio
369 3847 432 3912 Dei
460 3854 492 3910 et
519 3854 670 3912 censetur
691 3847 812 3924 iustus,
840 3853 874 3911 et
899 3853 1051 3928 acceptus
1073 3852 1123 3910 est
1172 3845 1277 3927 filiam
1298 3845 1474 3926 expositam
1493 3845 1539 3909 iri
1559 3843 1769 3924 mapacritar,
1795 3850 1831 3908 at
1851 3849 2052 3910 amncrcatar
2069 3845 2152 3909 inter

143 3934 185 3998 ob
213 3954 307 3998 suam
334 3933 509 4010 iustitiam;
542 3931 702 4014 siquidem
731 3940 769 3996 ut
796 3933 868 3997 Deo
896 3929 1122 3996 abominabilis
1175 3930 1318 4013 reprobas
1337 3935 1365 3995 ct
1384 3929 1557 3995 dammatcs.
1591 3928 1646 3992 Ea
1662 3933 1803 3992 cactcata
1824 3934 1928 3994 tamea
1947 3930 2042 4011 facile
2056 3934 2153 4013 patet,

143 4028 194 4084 est
215 4019 387 4102 iniquitas,
417 4019 465 4083 ita
491 4040 550 4082 nec
571 4027 722 4099 peccator
742 4018 779 4082 in
801 4019 870 4083 eius
892 4017 994 4083 oculis
1015 4024 1124 4101 potest
1175 4016 1301 4081 certam
1322 4016 1384 4094 bac,
1407 4017 1502 4081 etiam
1522 4017 1598 4080 dam
1615 4015 1710 4078 latiae
1727 4014 1847 4096 legitur,
1868 4036 1931 4081 aaa
1946 4036 2040 4096 posse
2062 4016 2154 4083 aliter
2238 4041 2241 4045 ’

143 4106 293 4170 invenire
323 4105 481 4189 gratiam,
511 4109 662 4185 6661611116
688 4108 732 4169 cst
753 4110 896 4185 peccator
923 4103 1124 4186 etqaamdia
1175 4104 1292 4184 accipi,
1323 4122 1431 4183 nempe
1451 4101 1593 4178 relative,
1622 4120 1683 4163 aaa
1711 4105 1814 4164 6111616
1835 4107 1870 4166 at
1890 4103 2072 4184 qimlitatcm
2093 4102 2153 4168 oli·

144 4191 220 4256 tatis
242 4196 387 4256 arcear.
420 4189 566 4256 Proinde
588 4190 772 4272 ubicunque
788 4198 958 4274 peceatum
976 4199 1034 4267 est,
1057 4189 1123 4254 illic
1176 4209 1271 4271 qaam
1289 4189 1411 4253 denotet.
1443 4188 1532 4268 Qaacd
1547 4206 1618 4250 vero
1634 4186 1816 4267 adcausam
1827 4194 2023 4267 praescitam
2037 4190 2154 4266 attinet,

144 4278 242 4341 etiem
265 4298 299 4340 se
321 4276 445 4360 profert
467 4277 517 4341 ira
538 4287 572 4340 et
588 4275 669 4340 ultio
686 4276 760 4340 Dei.
794 4277 997 4341 Iustificatur
1014 4284 1124 4339 autem
1175 4275 1368 4340 ubiPaulus
1387 4273 1434 4337 ait
1445 4272 1534 4358 (Gal.
1549 4275 1577 4350 3,
1591 4271 1626 4355 8)
1644 4273 1841 4354 scripturam
1858 4274 2057 4357 praevidisse
2069 4272 2154 4355 quod

144 4363 198 4444 qui
231 4385 298 4427 non
325 4363 395 4429 loco
421 4363 614 4445 peccatoris,
646 4360 704 4426 sed
728 4363 807 4426 iusti
836 4362 990 4441 habetur,
1022 4382 1124 4444 eoque
1177 4382 1219 4425 ex
1240 4359 1306 4425 fide
1323 4359 1478 4424 iustificat
1502 4367 1617 4441 gentes
1640 4357 1748 4435 Deus,
1773 4357 1852 4441 quid
1876 4358 1964 4424 aliud
1988 4359 2154 4443 intelligas

144 4449 275 4512 nomine
303 4448 451 4514 consistit
473 4470 584 4514 66111111
605 4446 671 4512 1)61
693 4448 863 4527 tribunali,
893 4448 988 4530 ubil)
1010 4468 1126 4529 pecca,
1176 4467 1274 4528 quam
1287 4446 1399 4510 Deum
1415 4444 1576 4509 iustitiam
1594 4464 1636 4508 ex
1648 4443 1712 4509 fide
1725 4444 1912 4526 imputare?
1939 4445 2036 4522 Item,
2053 4465 2154 4527 quum

143 4546 231 4599 tores
258 4555 371 4599 omnes
399 4543 565 4600 corruunt.
612 4532 896 4614 Quemadmodum
924 4535 952 4598 si
975 4534 1123 4598 16116111-
1177 4532 1257 4597 dicit
1280 4531 1390 4617 (Rom.
1403 4534 1431 4611 3,
1445 4530 1500 4617 26)
1523 4533 1634 4597 Deum
1651 4531 1827 4595 iustificare
1851 4531 2002 4612 impium,
2026 4530 2083 4612 qui
2105 4538 2156 4594 est

92 4676 100 4687 .
144 4639 265 4684 nocens
288 4619 329 4683 ad
351 4620 497 4686 tribunal
520 4621 614 4704 aequi
636 4619 752 4685 iudicis
775 4620 969 4695 adducatur,
993 4618 1050 4682 ubi
1073 4640 1123 4684 so·
1177 4638 1219 4682 ex
1236 4614 1301 4682 fide
1319 4617 1454 4696 Christi,
1472 4619 1545 4700 quis
1562 4638 1679 4683 sensus
1697 4637 1768 4681 esse
1785 4624 1900 4697 potest,
1924 4616 1987 4681 nisi
2005 4615 2081 4680 fidei
2098 4615 2155 4680 be-

145 4705 289 4769 cundum
321 4706 543 4772 innocentiam
576 4707 645 4772 eius
673 4706 854 4771 iudicatum
883 4705 997 4782 fuerit,
1031 4705 1124 4769 iusti-
1176 4705 1293 4769 neficio
1318 4724 1338 4767 a
1360 4702 1568 4769 damnatione
1590 4704 1730 4781 liberare
1751 4723 1851 4784 quam
1872 4702 2019 4784 ipsorum
2040 4703 2155 4785 impie·

144 4792 260 4855 ficatus
288 4791 375 4874 apud
395 4792 538 4858 iudicem
560 4791 695 4872 dicitur,
722 4793 769 4858 sic
791 4789 878 4873 apud
898 4791 1010 4855 Deum
1030 4789 1125 4856 iusti·
1177 4797 1228 4855 tas
1248 4789 1458 4855 merebatur?
1503 4791 1659 4873 alpertius
1684 4790 1863 4854 etiamnum
1884 4790 1919 4852 in
1940 4788 2155 4865 conclusione,

1177 4876 1256 4941 dum
1278 4876 1324 4941 sic
1346 4875 1508 4942 exclamat
1531 4875 1621 4963 (ibid.
1641 4880 1670 4955 8,
1691 4874 1762 4960 33):
1792 4875 1864 4958 quis
1886 4875 2051 4942 accrisabit
2072 4875 2157 4941 elec-

491 546 643 615 611111
665 546 766 632 1111)

216 5098 244 5167 1)
273 5098 403 5169 86666166
422 5100 612 5169 praecedentis
633 5100 763 5154 editionis
782 5097 848 5168 Cap.
868 5097 903 5152 X.
927 5104 952 5152 at
972 5053 1126 5152 extendite

144 5169 295 5237 perplura
316 5170 410 5237 capita
425 5168 599 5224 6666111311.
627 5168 777 5239 1116661116
811 5167 901 5222 uiden
919 5167 1044 5236 1691111161
1057 5182 1127 5237 qaae
1248 5164 1277 5245 1)
1302 5165 1351 5247 316
1368 5183 1466 5222 amaea.
1536 5167 1567 5235 2)
1595 5167 1640 5223 Sic
1663 5168 1735 5249 tart
1751 5169 1841 5223 nestri
1856 5181 1960 5234 amnes,
1983 5169 2065 5223 etiam
2088 5166 2157 5222 mc

143 5238 260 5301 fuerant
277 5237 301 5303 5.
318 5236 410 5290 1-14.
480 5236 779 5304 macarianae
815 5235 947 5302 1-1667)
965 5237 1104 5290 1116161111.
1180 5232 1306 5290 taccam
1323 5252 1377 5291 ecc.
1396 5237 1454 5292 solo
1471 5236 1581 5293 Amstel.
1601 5236 1668 5292 1667
1687 5255 1734 5308 qai
1752 5237 1889 5293 emnam:
1908 5237 2035 5291 Betscbe.

1895 5319 1952 5376 34*
