4672 5842
111 315 175 379 aee
363 313 454 378 nm.
477 312 542 378 m
586 270 809 378 annone
830 312 1179 383 eunomianum
1203 311 1395 380 cuniam
1415 315 1635 383 caiuma.
1681 315 1781 384 oar.
1803 319 1864 420 iv.
2057 328 2173 389 ive¹

111 504 251 580 sionem,
285 523 387 585 quum
409 500 548 567 absolvit
580 509 613 566 et
632 510 766 584 peccata
792 502 926 581 retinet,
954 503 1007 568 vel
1034 525 1093 586 per
1144 502 1263 581 litates,
1287 485 1498 585 quantitates,
1522 504 1794 572 circumstantias.
1839 509 1950 591 Atque
1972 511 2121 594 aliquan·

113 588 326 665 sententiam,
360 602 463 670 quum
491 589 754 653 excommunicat
780 596 813 653 et
839 588 955 672 recipit
978 589 1020 654 ad
1040 611 1092 654 sa
1145 588 1253 652 tulum
1284 588 1415 671 quidem
1448 610 1500 654 res
1530 591 1734 672 procedebat.
1787 593 1852 661 Ubi
1879 617 1957 659 vero
1989 597 2120 682 longius

111 680 356 741 crementorum
376 675 647 739 communionem.
693 674 854 752 Domum,
876 696 978 757 quum
994 675 1091 740 intel·
1143 676 1308 757 progressi
1329 676 1474 754 fuerant,
1502 676 1630 741 coelum
1657 677 1799 760 undique
1820 687 1854 744 et
1874 681 2018 763 undique
2039 705 2120 765 pon·

110 761 220 844 ligimt
240 759 388 824 nondum
409 782 445 824 se
468 760 528 824 hoc
550 758 634 824 nodo
657 760 830 842 explicari,
860 761 940 843 quin
962 782 1092 844 semper
1144 769 1213 838 tus;
1240 760 1352 824 nullus
1373 769 1502 843 portus,
1533 762 1624 827 nulla
1646 765 1751 828 statio.
1797 764 1872 845 Quo
1894 767 1989 848 plura
2010 777 2120 836 trans·
2210 829 2211 833 ,

110 846 207 911 obiici
232 847 347 929 possit,
376 845 530 929 indignos
557 867 654 927 saepe
682 846 780 929 ligari
807 853 840 910 et
867 847 950 913 solvi
976 869 997 912 a
1023 849 1090 913 suis
1143 847 1311 939 miserant,
1334 847 1438 910 maior
1456 869 1584 929 semper
1601 851 1769 932 congeries
1782 852 2120 937 oculisingerebatur3

111 930 341 1010 sacerdotibus,
365 933 420 1014 qui
442 938 616 1014 propterea
637 953 704 996 non
720 932 867 1015 ligentur
884 941 942 997 aut
959 934 1089 998 solvan·
1142 933 1311 998 imovero
1339 932 1429 997 velut
1457 933 1543 997 altae
1570 935 1672 999 moles
1700 936 1931 1019 assurgebant,
1958 962 2018 1005 nec
2046 963 2120 1024 spes

110 1026 169 1082 tur
194 1019 231 1082 in
251 1018 355 1094 coelo,
386 1017 472 1099 quod
499 1018 653 1082 ultimum
675 1019 840 1100 refugium
860 1026 925 1097 est,
955 1041 1090 1101 respon-
1143 1017 1224 1096 ulla,
1248 1018 1300 1082 vcl
1321 1018 1439 1082 saltem
1460 1026 1535 1101 post
1555 1019 1670 1103 longas
1691 1020 1858 1105 ambages,
1881 1024 2039 1089 evadendi
2062 1040 2144 1110 asp-s

110 1104 198 1183 dent,
224 1104 431 1169 collationem
453 1104 596 1168 clavium
618 1125 693 1168 cum
714 1104 907 1169 limitatione
930 1107 1090 1187 accipien-
1142 1104 1285 1185 parebat.
1325 1103 1516 1168 Haerebant
1536 1106 1647 1187 itaque
1668 1107 1756 1170 inter
1778 1130 1910 1172 sacrum
1932 1120 1965 1174 et
1987 1134 2120 1193 saxum3

109 1191 295 1269 demessa,
324 1188 410 1272 quod
433 1189 586 1255 Christus
608 1191 809 1271 promiserit,
838 1190 924 1272 apud
946 1192 1090 1257 tribunal
1141 1210 1201 1253 nec
1229 1190 1313 1254 alius
1342 1188 1475 1253 tandem
1502 1192 1610 1255 exitus
1631 1193 1854 1273 reperiebatur
1883 1217 1983 1277 quam
2006 1197 2120 1280 despe-

109 1299 208 1342 suum
235 1275 453 1358 approbatum
479 1276 520 1339 iri
558 1275 736 1340 sacerdotis
758 1278 970 1354 seutentiam,
1005 1300 1089 1360 quae
1141 1276 1234 1339 ratic.
1280 1275 1332 1340 Ibi
1354 1277 1443 1341 saevi
1465 1276 1521 1339 isti
1541 1277 1726 1357 carnifices,
1755 1287 1792 1342 ut
1814 1280 1952 1345 vulnera
1970 1282 2121 1348 levarent

108 1365 194 1427 iuste
223 1362 351 1445 prolata
377 1363 489 1438 fuerit,
522 1361 704 1426 secundmn
731 1362 817 1444 quod
844 1362 963 1427 merita
995 1363 1089 1446 ligati
1140 1382 1224 1444 quae
1257 1363 1425 1438 fecerant„
1444 1362 1590 1426 fomenta
1617 1362 1779 1446 quaedam
1811 1365 2047 1434 adhibuerunt:
2081 1376 2121 1434 ut

109 1458 170 1514 aut
196 1448 296 1513 soluti
322 1447 541 1530 postulabant
586 1446 705 1537 Porro
718 1448 779 1513 has
807 1447 916 1514 claves
938 1449 1088 1515 omnibus
1140 1447 1263 1512 faceret
1284 1448 1407 1513 scilicet
1428 1449 1564 1529 quisque
1583 1448 1671 1530 quod
1688 1450 1723 1512 in
1744 1472 1779 1514 se
1799 1461 1893 1516 esset.
1929 1451 1996 1518 Sed
2014 1476 2121 1521 novae

109 1535 330 1600 sacerdotibus
348 1556 368 1598 a
384 1533 517 1598 Christo
540 1532 632 1598 datas
654 1555 734 1612 esse,
756 1554 840 1616 quae
861 1534 926 1599 illis
944 1536 985 1600 ab
1003 1537 1089 1617 epis·
1140 1555 1275 1598 rursum
1312 1555 1410 1597 curae
1448 1534 1695 1617 obstrepebant,
1743 1537 1808 1600 imo
1842 1539 1918 1602 novi
1953 1543 2120 1608 cruciatus

108 1622 198 1704 copis
220 1622 257 1687 in
278 1620 482 1704 promotione
505 1622 733 1701 conferuntur;
756 1620 813 1684 sed
834 1620 974 1684 liberum
992 1644 1092 1698 usum
1141 1620 1352 1685 excoriabant
1384 1619 1521 1683 miseras
1562 1621 1701 1684 animas:
1747 1644 1813 1686 non
1851 1625 1930 1687 satis
1964 1627 2120 1708 temporis

107 1719 285 1789 penes⁸eos
307 1706 469 1771 duntaxat
490 1727 561 1770 esse
584 1706 639 1788 qui
656 1706 846 1771 muneribus
864 1706 1088 1774 ecclesiasticis
1140 1705 1300 1787 impendi,
1323 1726 1391 1769 non
1411 1706 1499 1770 iusta
1520 1727 1618 1787 opera
1639 1707 1787 1784 incubui,
1808 1708 1914 1773 multa
1934 1731 1994 1792 per
2015 1712 2120 1795 negli-

107 1795 305 1877 funguntur;
334 1792 421 1874 apud
443 1792 743 1857 excommunicatos
766 1799 800 1855 et
821 1814 996 1875 suspensos
1016 1815 1088 1858 ma·
1141 1792 1286 1874 gentiam
1306 1791 1475 1874 praeterii,
1506 1798 1539 1855 et
1566 1792 1685 1856 oblivio
1714 1814 1797 1873 quae
1826 1816 1867 1858 ex
1895 1796 2023 1859 incuria
2044 1818 2120 1879 pro·

108 1901 188 1944 nere
212 1879 345 1962 quidem
367 1878 455 1960 ipsas
474 1878 591 1954 claves,
615 1876 673 1942 sed
684 1877 890 1961 rubiginosae
906 1901 944 1943 ao
960 1879 1087 1962 ligatas.
1140 1878 1232 1942 venit
1265 1898 1331 1941 non
1364 1884 1415 1940 est
1447 1877 1649 1942 excusabilis.
1706 1876 1979 1962 suggerebantur
2011 1883 2120 1949 adhuc

108 1967 156 2028 Et
183 1966 238 2047 qui
265 1965 346 2030 haee
375 1964 503 2042 dicunt,
530 1963 671 2029 modesti
700 1984 737 2026 ac
765 1964 863 2028 sobrii
889 1965 962 2028 iure
983 1965 1088 2031 videri
1140 1963 1205 2027 alia
1225 1963 1403 2044 pharmaca
1424 1983 1506 2045 quae
1535 1962 1696 2027 eiusmodi
1722 1962 1849 2029 dolores
1877 1965 2118 2034 demulcebant:

107 2052 235 2132 possint
251 2072 330 2133 prae
349 2049 430 2128 aliis,
453 2052 507 2133 qui
530 2049 591 2113 sub
609 2070 695 2113 nova
716 2049 834 2113 incude
856 2072 958 2115 novas
980 2050 1088 2116 claves
1141 2069 1201 2132 age
1234 2048 1455 2132 negligentiae
1487 2058 1563 2112 tuae
1595 2050 1845 2131 poenitentiam;
1877 2051 1973 2117 modo
2003 2055 2121 2136 supina

107 2136 257 2202 fabricati
284 2144 363 2201 sunt
390 2137 508 2217 quibus
534 2136 730 2199 thesaurum
757 2135 912 2200 ecclesiae
944 2137 1089 2202 obserari
1140 2156 1206 2199 non
1237 2136 1295 2211 sit,
1326 2133 1570 2199 condonabitur.
1616 2135 1743 2198 Verum
1773 2138 1884 2201 omnia
1906 2140 1970 2202 ista
1991 2140 2121 2205 cicatri-

109 2223 260 2301 tradunt;
285 2243 366 2305 quas
387 2230 501 2304 postea
522 2242 581 2287 suo
603 2221 673 2285 loco
696 2221 907 2285 excutiemus.
924 2221 948 2306 ¹)
1140 2241 1212 2285 cem
1234 2220 1393 2285 obducere
1415 2241 1482 2283 non
1504 2227 1654 2303 possunt;
1683 2243 1743 2285 nec
1770 2229 1840 2286 tam
1866 2224 1945 2288 mali
1968 2234 2047 2289 sunt
2072 2226 2120 2291 le·

199 2313 246 2372 16.
302 2307 358 2374 Ad
397 2308 528 2390 singula
566 2307 678 2389 paucis
717 2307 927 2389 respondebo.
984 2309 1088 2373 Taceo
1140 2314 1296 2371 vamenta
1319 2327 1420 2388 quam
1441 2327 1569 2370 venena
1589 2306 1686 2370 melle
1708 2307 1823 2385 oblita,
1848 2330 1891 2373 ne
1912 2332 1973 2375 sua
1995 2311 2119 2376 acerbi-

108 2403 220 2459 autem
247 2394 289 2458 ad
310 2415 466 2476 praesens
487 2415 550 2476 quo
573 2393 644 2456 iure
666 2412 771 2474 quave
797 2392 921 2457 iniuria
942 2392 1089 2459 fidelium
1140 2399 1209 2457 tate
1230 2393 1373 2474 primum
1396 2398 1531 2474 gustum
1555 2391 1732 2470 offendant,
1756 2393 1865 2458 sedin
1887 2396 2005 2460 intima
2021 2418 2120 2479 pene·

109 2481 237 2544 animas
258 2481 325 2544 suis
346 2479 474 2563 legibus
492 2479 715 2561 obstringant:
739 2478 923 2559 quandoid
941 2502 1000 2544 suo
1018 2480 1089 2546 loco
1140 2484 1243 2556 trent,
1277 2485 1454 2560 antequam
1488 2479 1682 2541 sentiantur.
1738 2479 1845 2561 Urget
1878 2503 1955 2565 ergo
1990 2504 2119 2565 semper

109 2566 307 2649 dispiciatur.
353 2563 450 2645 Quod
479 2572 590 2630 autern
616 2565 724 2647 legem
751 2565 927 2647 imponunt
954 2565 995 2629 de
1018 2562 1088 2629 oin·
1141 2564 1295 2629 terribilis
1317 2564 1376 2628 illa
1392 2584 1473 2641 vox,
1497 2571 1531 2627 et
1551 2563 1685 2628 auribus
1707 2565 1849 2628 insonat:
1875 2569 2028 2633 confitero
2050 2591 2119 2633 om·

108 2653 203 2716 nium
224 2660 434 2736 peccatorum
456 2650 716 2729 enumeratione;
740 2650 824 2732 quod
847 2658 1017 2733 peccatum
1039 2650 1088 2715 di·
1140 2651 1198 2714 uia
1219 2656 1353 2733 peccata
1373 2657 1445 2728 tua;
1472 2670 1532 2714 noc
1560 2656 1667 2730 potest
1694 2650 1812 2715 horror
1838 2653 1901 2717 iste
1922 2654 2033 2736 pacari
2054 2655 2119 2721 nisi

40 2782 44 2789 ·
106 2741 193 2803 mitti
215 2748 341 2822 negant
357 2738 423 2803 nisi
435 2736 495 2802 sub
509 2736 704 2814 conditione,
725 2736 754 2800 si
776 2744 891 2802 votum
912 2738 1088 2802 confitendi
1141 2743 1229 2800 certo
1251 2736 1375 2801 solatio.
1421 2735 1486 2799 Hic
1507 2737 1633 2817 cogitent
1655 2736 1777 2801 adores
1798 2758 1893 2817 quoni
1909 2740 2058 2819 possibile
2078 2741 2120 2805 cit

107 2825 245 2889 firmiter
277 2831 471 2906 conceptum
497 2823 611 2901 fuerin
644 2821 743 2904 quod'
764 2823 894 2886 nullum
919 2845 1088 2906 superesse
1140 2822 1184 2886 od
1205 2824 1356 2887 iniciam
1375 2842 1484 2886 vocare
1504 2823 1599 2886 totins
1620 2823 1699 2885 anili
1721 2828 1806 2901 octo,
1834 2829 1862 2887 et
1888 2826 1965 2904 qnid
1985 2825 2123 2908 singulis
2208 2857 2214 2868 ¹

108 2910 293 2994 ingressum
319 2909 464 2993 paradisi
493 2909 657 3001 garriunt,
692 2908 721 2974 si
747 2908 885 2974 facultas
913 2909 1089 2974 confitendi
1141 2908 1251 2973 cacus
1272 2908 1432 2989 peccarint
1454 2907 1612 2990 colligere:
1641 2908 1764 2987 qnando
1792 2911 1981 2989 experientia
2008 2931 2122 2977 annno·

108 2997 257 3079 neglecta
277 2998 389 3062 fuerit:
414 2996 505 3060 istud
525 3016 604 3062 vero
626 2993 717 3058 nullo
736 2994 1017 3060 modoserendum
1028 3002 1086 3061 est
1141 3014 1287 3075 quemque
1315 2994 1480 3072 convincit,
1506 2993 1563 3056 abi
1588 2994 1632 3058 od
1657 3014 1818 3074 capenam
1845 2997 2024 3060 mmtnndo
2050 3001 2124 3062 ania

108 3080 273 3148 Omniane
295 3090 427 3165 peccata
448 3080 672 3146 enumeranda
688 3079 790 3144 sunt?
824 3081 871 3145 At
887 3080 1007 3159 David,
1033 3082 1089 3164 qui
1141 3081 1239 3144 anius
1259 3085 1381 3144 taniam
1403 3079 1469 3144 diei
1489 3079 1615 3158 delicto,
1636 3080 1821 3144 nemoriani
1842 3082 2006 3161 confundi:
2035 3087 2124 3147 tanto

108 3190 218 3234 secum
246 3170 348 3251 probe
375 3169 429 3248 (ut
450 3166 607 3253 arbitror)
636 3166 815 3231 meditatus
843 3174 915 3231 erat
941 3174 1089 3249 peccato-
1141 3186 1174 3230 ac
1200 3165 1292 3230 tarta
1320 3171 1349 3230 et
1374 3166 1513 3230 varietas
1540 3165 1663 3248 inegerit.
1707 3165 1815 3247 Neque
1842 3168 1926 3230 enim
1947 3168 1985 3231 de
2006 3169 2124 3232 crassis

106 3277 181 3318 rum
203 3256 450 3330 confessionem,
472 3261 584 3318 tamen
606 3252 811 3318 exclamabat
828 3251 932 3337 <Psal.
954 3253 1087 3336 19‚13):
1141 3252 1327 3332 θέεέαράἰὸε
1348 3251 1515 3332 inponitis
1541 3251 1663 3333 loquor,
1688 3252 1759 3330 qui,
1789 3251 1889 3316 tribas
1917 3253 1965 3318 ael
1990 3259 2124 3333 quotuor

105 3362 235 3489 {geres
257 3337 765 3508 qnifitmi'iiigeiiibssoeiiis
778 3338 1014 3490 ¹meistqitqqrda
1035 3360 1089 3404 me
1138 3336 1601 3488 ggqiqiosscbnscuqtniiqqqiscersn,
1625 3337 1786 3487 ‹gefnncqtnoe
1808 3358 1840 3402 sc
1856 3343 1985 3437 panni,
2009 3339 2124 3491 8⁰ng3

106 3446 314 3574 traiislidi'imt
335 3531 434 3592 super
453 3424 554 3593 16αὲυέ
570 3474 691 3588 meum,
713 3475 746 3574 ei
767 3446 958 3575 slidiitmonus
976 3446 1088 3594 ἐξ
1140 3444 1233 3574 itaci·
1254 3445 1367 3587 vident
1387 3445 1509 3581 3ch
1526 3444 1625 3573 {iiiiii
1642 3428 1734 3573 iiiiii
1748 3442 2073 3593 lodiciismilnioineir.
2093 3512 2123 3590 3,

107 3602 265 3679 gravatae
291 3605 367 3659 sunt
396 3595 482 3659 ultra
509 3596 598 3660 vires
625 3616 725 3661 meas.
770 3596 937 3660 Nimirum
965 3597 1088 3661 intelli·
1141 3593 1215 3679 20):
1235 3595 1267 3659 si
1288 3615 1341 3660 cor
1361 3601 1503 3659 iaostncm
1524 3597 1631 3678 arguit
1651 3615 1716 3672 nos,
1738 3597 1842 3659 maior
1859 3602 1904 3660 est
1925 3596 2016 3660 Deus
2036 3596 2124 3664 corde

107 3682 207 3765 gebat
234 3682 357 3762 quanta
384 3688 470 3745 esset
495 3688 703 3763 peccatorum
729 3688 919 3746 nostrorum
941 3681 1086 3766 abyssus,
1140 3687 1260 3760 noctro;
1277 3682 1383 3762 itaque
1399 3686 1603 3760 mponescnnt
1619 3682 1662 3747 cd
1679 3682 1797 3746 iudicis
1814 3682 1906 3746 illins
1924 3687 2123 3763 conspectum,

106 3789 206 3850 quam
229 3767 352 3831 multae
374 3766 535 3832 scelerum
556 3768 662 3846 facies,
686 3776 767 3849 quot
787 3769 896 3851 capita
917 3769 1027 3845 ferret,
1054 3777 1088 3834 et
1140 3768 1231 3832 cuins
1253 3768 1383 3850 mendic
1404 3786 1531 3831 scizsnm
1552 3772 1692 3831 nostram
1714 3767 1800 3852 longe
1821 3772 1956 3848 superat.

107 3874 208 3935 quam
235 3853 370 3936 longam
397 3851 536 3918 caudam
568 3853 714 3918 traheret
744 3854 827 3919 haec
854 3853 969 3938 hydra
1010 3854 1087 3920 Non
1229 3857 1277 3917 18.
1321 3851 1419 3933 Quod
1440 3860 1553 3917 autem
1574 3853 1660 3917 bona
1681 3874 1758 3935 pars
1781 3853 1867 3916 orbis
1886 3851 2006 3916 talibus
2029 3852 2122 3917 blan·

107 3961 184 4023 ergo
207 3939 249 4004 ad
270 3938 509 4004 recensendum
531 3938 715 4022 catalogum
742 3962 778 4005 se
799 3938 999 4019 conferebat,
1029 3940 1088 4005 sed
1140 3939 1312 4017 dimentis,
1340 3937 1459 4021 quibus
1481 3947 1550 4003 tam
1573 3938 1705 4003 exitiale
1727 3958 1895 4002 venenum
1915 3938 2122 4020 temperaba-

107 4025 310 4108 eprofundo
335 4026 500 4089 malorum
522 4023 684 4089 clamabat
705 4025 747 4090 ad
768 4026 963 4091 Dominum:
989 4025 1087 4091 obru-
1139 4032 1209 4105 tur,
1238 4025 1416 4108 acquievit,
1444 4046 1511 4088 non
1537 4023 1573 4088 id
1598 4026 1793 4088 factumest
1822 4022 1908 4106 quod
1928 4024 2001 4088 Doo
2023 4025 2120 4090 satis·

106 4117 159 4175 tus
192 4133 280 4191 sum,
319 4111 468 4195 sepultus
501 4132 575 4174 sum
607 4116 641 4175 et
673 4112 865 4193 suffocatus;
905 4113 1088 4179 inferorum
1138 4111 1261 4177 factum
1287 4110 1449 4188 crederet,
1479 4118 1538 4175 aut
1564 4109 1626 4174 sibi
1655 4109 1756 4173 etiam
1781 4108 1879 4190 plane
1909 4112 2118 4190 satisfaceret

105 4204 218 4278 portae
246 4197 534 4263 circumdederunt
559 4217 627 4274 me,
660 4197 853 4263 immersum
885 4198 951 4264 alto
978 4207 1086 4281 puteo,
1138 4197 1196 4262 sed
1218 4204 1272 4276 ut,
1300 4197 1393 4279 quasi
1418 4197 1454 4260 in
1475 4195 1582 4260 medio
1604 4195 1688 4259 mari
1710 4195 1777 4258 fixa
1799 4196 1956 4274 anchora,
1984 4198 2119 4278 paulum

107 4282 312 4349 deficientem
343 4291 377 4348 et
404 4281 637 4347 moribundum
676 4304 795 4347 manus
833 4290 892 4348 tua
922 4285 1085 4350 extrahat
1138 4283 1407 4366 interquiesceret
1429 4281 1685 4365 enavigatione,
1708 4281 1761 4366 vel
1779 4283 1871 4364 quasi
1892 4282 1999 4347 fessus
2019 4289 2053 4345 et
2069 4283 2118 4345 fa·

106 4367 191 4448 Quis
213 4391 348 4435 suorum
369 4375 579 4452 peccatorum
601 4389 689 4432 nuno
708 4370 974 4452 supputationem
996 4372 1086 4454 cogi·
1138 4371 1258 4435 tiscens
1280 4369 1388 4436 viator
1414 4368 1451 4432 in
1472 4369 1531 4433 via*
1550 4367 1767 4432 decumberet.
1812 4367 1854 4431 In
1876 4365 2024 4432 facienda
2046 4365 2119 4432 eius

106 4462 163 4533 tet,
187 4455 244 4520 ubi
261 4455 427 4522 Davidem
447 4453 539 4519 videt
559 4475 695 4519 suorum
716 4475 891 4521 numerum
911 4457 997 4521 inire
1019 4478 1086 4521 non
1136 4456 1185 4520 rei
1202 4455 1267 4520 fide
1284 4454 1483 4519 nonlaboro.
1518 4452 1590 4520 Sibi
1606 4453 1696 4518 enim
1715 4452 1852 4536 quisque
1871 4453 1963 4517 testis
1981 4449 2070 4535 apud
2083 4474 2120 4518 se

105 4539 222 4622 posse?
1138 4562 1209 4606 esse
1230 4547 1346 4625 potest
1390 4542 1511 4607 Dicam
1531 4541 1568 4605 in
1586 4561 1716 4605 summa
1736 4538 1843 4622 qualis
1864 4538 1918 4602 lex
1935 4537 1993 4601 illa
2010 4538 2117 4602 fuerit

194 4631 241 4690 17.
265 4626 339 4693 Hac
356 4626 631 4708 carnificinaplns
642 4647 743 4708 quarn
759 4625 934 4691 crudeliter
950 4626 1085 4692 divexa«
1136 4627 1290 4692 Primum
1307 4626 1499 4709 sirnpliciter
1518 4633 1568 4692 est
1588 4625 1805 4708 impossibilis.
1846 4624 1962 4706 Itaque
1985 4623 2120 4689 nonnisi

105 4719 247 4776 mesunt
259 4734 374 4778 eorum
388 4713 584 4796 animaequi
596 4711 776 4794 aliquoDei
788 4732 886 4776 sensu
898 4711 1084 4778 afficieban-
1136 4713 1282 4796 perdere,
1307 4713 1473 4791 damnare,
1498 4711 1705 4791 confundere,
1734 4711 1770 4774 in
1791 4709 1924 4774 ruinam
1949 4715 1982 4773 et
2004 4709 2118 4793 despe-

107 4806 170 4862 tur.
204 4799 370 4884 Principio
387 4821 458 4866 sese
470 4801 631 4865 vocabant
648 4798 691 4864 ad
708 4797 880 4876 caleulum,
898 4806 1032 4880 peccata
1048 4799 1085 4863 in
1135 4801 1299 4865 rationem
1316 4799 1475 4865 ooniicere
1492 4805 1608 4881 potest.
1636 4796 1767 4863 Deinde
1784 4802 1977 4878 peccatores,
2002 4816 2118 4862 avere

106 4880 252 4963 brachia,
275 4886 312 4948 in
329 4907 453 4965 ramos,
471 4886 508 4950 in
525 4885 743 4964 ramusculos,
766 4886 801 4949 in
818 4881 965 4963 frondes,
988 4885 1084 4950 iuxta
1135 4894 1343 4967 peecatorum
1359 4893 1494 4951 suorum
1511 4904 1611 4948 sensu
1628 4882 1838 4958 abduetos,h
1887 4883 2007 4948 ocritae
2028 4881 2118 4962 facit,

104 4969 245 5035 istorum
261 4971 418 5037 formulas
435 4971 656 5051 dissecabant;
674 4979 746 5038 tum
763 4970 992 5055 appendebant
1002 4992 1083 5055 qua·
1134 4972 1264 5055 Deique
1291 4993 1330 5038 ac
1353 4970 1571 5052 suiipsorum
1590 4969 1792 5053 ignorantes.
1865 4967 2017 5052 iquidem,
2039 4967 2118 5035 dum

593 5069 597 5078 '
1134 5056 1171 5122 in
1188 5064 1397 5141 peccatorum
1413 5055 1660 5121 enumeratione
1675 5055 1738 5119 toti
1754 5062 1965 5138 occupantur,
1981 5055 2118 5120 iuterim

444 5215 445 5219 Ἰ
1135 5143 1372 5211 obliviscuntur
1388 5142 1547 5207 latentem
1566 5142 1659 5206 illam
1679 5142 1836 5207 vitiorum
1852 5143 1989 5221 lernam,
2010 5141 2118 5208 oecul-

175 5244 203 5312 1)
224 5244 285 5299 Scit.
304 5260 363 5314 cap.
382 5244 407 5299 b.
424 5246 482 5301 tior.
501 5245 526 5299 3.
544 5251 605 5300 sect.
623 5245 648 5299 2.
1136 5236 1189 5297 tas
1219 5251 1296 5296 suas
1324 5229 1532 5312 iniquitates,
1562 5236 1598 5294 et
1621 5228 1796 5295 interiores
1824 5227 1949 5307 sordes,
1978 5249 2116 5311 quanam

1850 5328 1910 5382 30*

181 5147 310 5154 -——..-.
