<?xml version="1.0" encoding="UTF-8"?>
<!DOCTYPE html PUBLIC "-//W3C//DTD XHTML 1.0 Transitional//EN"
    "http://www.w3.org/TR/xhtml1/DTD/xhtml1-transitional.dtd">
<html xmlns="http://www.w3.org/1999/xhtml" xml:lang="en" lang="en">
 <head>
  <title>
</title>
<meta http-equiv="Content-Type" content="text/html;charset=utf-8" />
  <meta name='ocr-system' content='tesseract 3.04.00' />
  <meta name='ocr-capabilities' content='ocr_page ocr_carea ocr_par ocr_line ocrx_word'/>
</head>
<body>
  <div class='ocr_page' id='page_1' title='image "./ioanniscalvinii00cunigoog_0321.png"; bbox 0 0 4672 5842; ppageno 0'>
   <div class='ocr_carea' id='block_1_1' title="bbox 227 310 2232 387">
    <p class='ocr_par' dir='ltr' id='par_1_1' title="bbox 227 310 2232 387">
     <span class='ocr_line' id='line_1_1' title="bbox 227 310 2232 387; baseline -0.008 0"><span class='ocrx_word' id='word_1_1' title='bbox 227 325 289 387; x_wconf 81' lang='grc'>619</span> <span class='ocrx_word' id='word_1_2' title='bbox 872 310 1138 378; x_wconf 71' lang='grc' dir='ltr'>ΙΝΒΤΙΤΠΤΙΟ</span> <span class='ocrx_word' id='word_1_3' title='bbox 1159 311 1266 377; x_wconf 72' lang='grc' dir='ltr'><strong>ΗΕΒ.</strong></span> <span class='ocrx_word' id='word_1_4' title='bbox 1286 310 1470 377; x_wconf 79' lang='lat' dir='ltr'>OHRIST.</span> <span class='ocrx_word' id='word_1_5' title='bbox 1495 316 1588 377; x_wconf 80' lang='lat'>1559.</span> <span class='ocrx_word' id='word_1_6' title='bbox 2168 317 2232 381; x_wconf 77' lang='lat'>620</span> 
     </span>
    </p>
   </div>
   <div class='ocr_carea' id='block_1_2' title="bbox 139 499 2239 5309">
    <p class='ocr_par' dir='ltr' id='par_1_2' title="bbox 226 499 2236 1788">
     <span class='ocr_line' id='line_1_2' title="bbox 227 499 2233 619; baseline -0.004 -43"><span class='ocrx_word' id='word_1_7' title='bbox 227 512 390 597; x_wconf 80' lang='lat' dir='ltr'>gantiam,</span> <span class='ocrx_word' id='word_1_8' title='bbox 416 513 454 571; x_wconf 89' lang='lat' dir='ltr'>ut</span> <span class='ocrx_word' id='word_1_9' title='bbox 475 526 559 588; x_wconf 91' lang='lat' dir='ltr'>pura</span> <span class='ocrx_word' id='word_1_10' title='bbox 584 504 781 569; x_wconf 89' lang='lat' dir='ltr'>conscicntia</span> <span class='ocrx_word' id='word_1_11' title='bbox 802 502 865 567; x_wconf 92' lang='lat' dir='ltr'>Dei</span> <span class='ocrx_word' id='word_1_12' title='bbox 889 501 982 565; x_wconf 88' lang='lat' dir='ltr'>donis</span> <span class='ocrx_word' id='word_1_13' title='bbox 1004 521 1085 583; x_wconf 89' lang='lat' dir='ltr'>pure</span> <span class='ocrx_word' id='word_1_14' title='bbox 1107 508 1203 596; x_wconf 83' lang='lat' dir='ltr'>utan·</span> <span class='ocrx_word' id='word_1_15' title='bbox 1227 504 1231 619; x_wconf 85' lang='grc' dir='ltr'>Ι</span> <span class='ocrx_word' id='word_1_16' title='bbox 1255 500 1351 581; x_wconf 88' lang='lat' dir='ltr'>culpa</span> <span class='ocrx_word' id='word_1_17' title='bbox 1372 499 1414 564; x_wconf 92' lang='lat' dir='ltr'>ab</span> <span class='ocrx_word' id='word_1_18' title='bbox 1436 507 1550 565; x_wconf 89' lang='lat' dir='ltr'>autore</span> <span class='ocrx_word' id='word_1_19' title='bbox 1572 503 1619 565; x_wconf 91' lang='lat' dir='ltr'>rei</span> <span class='ocrx_word' id='word_1_20' title='bbox 1640 502 1743 584; x_wconf 88' lang='lat' dir='ltr'>ipsius</span> <span class='ocrx_word' id='word_1_21' title='bbox 1764 503 1909 585; x_wconf 81' lang='lat' dir='ltr'>proiecta</span> <span class='ocrx_word' id='word_1_22' title='bbox 1929 509 1987 567; x_wconf 90' lang='lat' dir='ltr'>cst</span> <span class='ocrx_word' id='word_1_23' title='bbox 2028 501 2233 568; x_wconf 81' lang='lat' dir='ltr'>Scandalnm</span> 
     </span>
     <span class='ocr_line' id='line_1_3' title="bbox 227 588 2233 672; baseline -0.003 -10"><span class='ocrx_word' id='word_1_24' title='bbox 227 606 290 662; x_wconf 86' lang='lat' dir='ltr'>tur.</span> <span class='ocrx_word' id='word_1_25' title='bbox 335 595 400 660; x_wconf 86' lang='lat' dir='ltr'>Ubi</span> <span class='ocrx_word' id='word_1_26' title='bbox 428 593 470 658; x_wconf 92' lang='lat' dir='ltr'>ad</span> <span class='ocrx_word' id='word_1_27' title='bbox 497 591 582 656; x_wconf 89' lang='lat' dir='ltr'>hanc</span> <span class='ocrx_word' id='word_1_28' title='bbox 611 591 821 654; x_wconf 90' lang='lat' dir='ltr'>sobrietatem</span> <span class='ocrx_word' id='word_1_29' title='bbox 848 588 978 651; x_wconf 87' lang='lat' dir='ltr'>animus</span> <span class='ocrx_word' id='word_1_30' title='bbox 1004 597 1203 668; x_wconf 83' lang='lat' dir='ltr'>compositus</span> <span class='ocrx_word' id='word_1_31' title='bbox 1255 597 1425 667; x_wconf 88' lang='lat' dir='ltr'>acceptum</span> <span class='ocrx_word' id='word_1_32' title='bbox 1447 596 1597 664; x_wconf 80' lang='lat' dir='ltr'>vocatur,</span> <span class='ocrx_word' id='word_1_33' title='bbox 1631 610 1732 669; x_wconf 92' lang='lat' dir='ltr'>quum</span> <span class='ocrx_word' id='word_1_34' title='bbox 1761 611 1813 654; x_wconf 91' lang='lat' dir='ltr'>res</span> <span class='ocrx_word' id='word_1_35' title='bbox 1842 589 1962 670; x_wconf 83' lang='lat' dir='ltr'>alioqui</span> <span class='ocrx_word' id='word_1_36' title='bbox 1990 610 2056 653; x_wconf 93' lang='lat' dir='ltr'>non</span> <span class='ocrx_word' id='word_1_37' title='bbox 2085 590 2233 672; x_wconf 91' lang='lat' dir='ltr'>improbe</span> 
     </span>
     <span class='ocr_line' id='line_1_4' title="bbox 226 670 2235 759; baseline -0.004 -11"><span class='ocrx_word' id='word_1_38' title='bbox 226 682 334 756; x_wconf 80' lang='lat' dir='ltr'>fuerit,</span> <span class='ocrx_word' id='word_1_39' title='bbox 359 679 525 744; x_wconf 87' lang='lat' dir='ltr'>habebunt</span> <span class='ocrx_word' id='word_1_40' title='bbox 546 670 687 759; x_wconf 79' lang='lat' dir='ltr'>legitimi</span> <span class='ocrx_word' id='word_1_41' title='bbox 707 696 788 739; x_wconf 89' lang='lat' dir='ltr'>usus</span> <span class='ocrx_word' id='word_1_42' title='bbox 809 674 967 756; x_wconf 84' lang='lat' dir='ltr'>regulam.</span> <span class='ocrx_word' id='word_1_43' title='bbox 1013 671 1109 736; x_wconf 91' lang='lat' dir='ltr'>Desit</span> <span class='ocrx_word' id='word_1_44' title='bbox 1130 692 1204 734; x_wconf 90' lang='lat' dir='ltr'>rur-</span> <span class='ocrx_word' id='word_1_45' title='bbox 1255 693 1327 741; x_wconf 75' lang='lat' dir='ltr'>nec,</span> <span class='ocrx_word' id='word_1_46' title='bbox 1343 673 1530 754; x_wconf 81' lang='lat' dir='ltr'>importune</span> <span class='ocrx_word' id='word_1_47' title='bbox 1559 673 1716 752; x_wconf 88' lang='lat' dir='ltr'>admissa,</span> <span class='ocrx_word' id='word_1_48' title='bbox 1749 675 1981 739; x_wconf 79' lang='lat' dir='ltr'>malevolentia</span> <span class='ocrx_word' id='word_1_49' title='bbox 2012 684 2071 738; x_wconf 92' lang='lat' dir='ltr'>aut</span> <span class='ocrx_word' id='word_1_50' title='bbox 2100 676 2235 740; x_wconf 80' lang='lat' dir='ltr'>sinistre</span> 
     </span>
     <span class='ocr_line' id='line_1_5' title="bbox 227 757 2235 845; baseline -0.002 -14"><span class='ocrx_word' id='word_1_51' title='bbox 227 788 302 832; x_wconf 90' lang='lat' dir='ltr'>snm</span> <span class='ocrx_word' id='word_1_52' title='bbox 319 768 400 829; x_wconf 89' lang='lat' dir='ltr'>haec</span> <span class='ocrx_word' id='word_1_53' title='bbox 417 764 605 839; x_wconf 82' lang='lat' dir='ltr'>moderatio,</span> <span class='ocrx_word' id='word_1_54' title='bbox 629 762 773 845; x_wconf 83' lang='lat' dir='ltr'>plebeiae</span> <span class='ocrx_word' id='word_1_55' title='bbox 795 779 1047 839; x_wconf 78' lang='lat' dir='ltr'>communesque</span> <span class='ocrx_word' id='word_1_56' title='bbox 1069 757 1204 821; x_wconf 79' lang='lat' dir='ltr'>deliciae</span> <span class='ocrx_word' id='word_1_57' title='bbox 1255 757 1395 839; x_wconf 92' lang='lat' dir='ltr'>quadam</span> <span class='ocrx_word' id='word_1_58' title='bbox 1418 758 1519 821; x_wconf 92' lang='lat' dir='ltr'>animi</span> <span class='ocrx_word' id='word_1_59' title='bbox 1545 759 1750 843; x_wconf 79' lang='lat' dir='ltr'>malignitate</span> <span class='ocrx_word' id='word_1_60' title='bbox 1766 762 1802 824; x_wconf 91' lang='lat' dir='ltr'>in</span> <span class='ocrx_word' id='word_1_61' title='bbox 1820 761 2009 825; x_wconf 81' lang='lat' dir='ltr'>offensionis</span> <span class='ocrx_word' id='word_1_62' title='bbox 2031 761 2235 826; x_wconf 91' lang='lat' dir='ltr'>occasionem</span> 
     </span>
     <span class='ocr_line' id='line_1_6' title="bbox 228 843 2235 927; baseline -0.002 -10"><span class='ocrx_word' id='word_1_63' title='bbox 228 853 350 918; x_wconf 91' lang='lat' dir='ltr'>nimiae</span> <span class='ocrx_word' id='word_1_64' title='bbox 372 860 459 915; x_wconf 91' lang='lat' dir='ltr'>sunt.</span> <span class='ocrx_word' id='word_1_65' title='bbox 505 850 591 913; x_wconf 91' lang='lat' dir='ltr'>Nam</span> <span class='ocrx_word' id='word_1_66' title='bbox 616 847 697 911; x_wconf 91' lang='lat' dir='ltr'>illud</span> <span class='ocrx_word' id='word_1_67' title='bbox 720 868 797 911; x_wconf 91' lang='lat' dir='ltr'>vcre</span> <span class='ocrx_word' id='word_1_68' title='bbox 819 845 952 916; x_wconf 87' lang='lat' dir='ltr'>dicitur,</span> <span class='ocrx_word' id='word_1_69' title='bbox 982 846 1016 906; x_wconf 95' lang='lat' dir='ltr'>in</span> <span class='ocrx_word' id='word_1_70' title='bbox 1045 844 1143 907; x_wconf 91' lang='lat' dir='ltr'>burro</span> <span class='ocrx_word' id='word_1_71' title='bbox 1172 852 1205 906; x_wconf 89' lang='lat' dir='ltr'>ot</span> <span class='ocrx_word' id='word_1_72' title='bbox 1256 845 1392 927; x_wconf 78' lang='lat' dir='ltr'>rapitur.</span> <span class='ocrx_word' id='word_1_73' title='bbox 1430 843 1506 908; x_wconf 92' lang='lat' dir='ltr'>Non</span> <span class='ocrx_word' id='word_1_74' title='bbox 1529 845 1616 908; x_wconf 89' lang='lat' dir='ltr'>enim</span> <span class='ocrx_word' id='word_1_75' title='bbox 1639 847 1692 911; x_wconf 92' lang='lat' dir='ltr'>hic</span> <span class='ocrx_word' id='word_1_76' title='bbox 1715 847 1830 912; x_wconf 91' lang='lat' dir='ltr'>datum</span> <span class='ocrx_word' id='word_1_77' title='bbox 1852 855 1924 910; x_wconf 91' lang='lat' dir='ltr'>crat</span> <span class='ocrx_word' id='word_1_78' title='bbox 1944 846 2154 924; x_wconf 65' lang='lat' dir='ltr'>scandalum</span> <span class='ocrx_word' id='word_1_79' title='bbox 2176 848 2235 912; x_wconf 91' lang='lat' dir='ltr'>sed</span> 
     </span>
     <span class='ocr_line' id='line_1_7' title="bbox 228 929 2235 1019; baseline -0.002 -16"><span class='ocrx_word' id='word_1_80' title='bbox 228 937 303 1004; x_wconf 90' lang='lat' dir='ltr'>rudi</span> <span class='ocrx_word' id='word_1_81' title='bbox 323 958 434 1019; x_wconf 89' lang='lat' dir='ltr'>panno</span> <span class='ocrx_word' id='word_1_82' title='bbox 456 956 553 1018; x_wconf 84' lang='lat' dir='ltr'>saepo</span> <span class='ocrx_word' id='word_1_83' title='bbox 575 935 720 999; x_wconf 84' lang='lat' dir='ltr'>animum</span> <span class='ocrx_word' id='word_1_84' title='bbox 743 952 945 1014; x_wconf 90' lang='lat' dir='ltr'>purpureum</span> <span class='ocrx_word' id='word_1_85' title='bbox 968 930 1132 1006; x_wconf 82' lang='lat' dir='ltr'>habitare3</span> <span class='ocrx_word' id='word_1_86' title='bbox 1152 930 1204 992; x_wconf 91' lang='lat' dir='ltr'>in·</span> <span class='ocrx_word' id='word_1_87' title='bbox 1229 942 1232 988; x_wconf 88' lang='grc' dir='ltr'>Ι</span> <span class='ocrx_word' id='word_1_88' title='bbox 1257 930 1380 993; x_wconf 83' lang='lat' dir='ltr'>sinistri</span> <span class='ocrx_word' id='word_1_89' title='bbox 1402 929 1451 993; x_wconf 94' lang='lat' dir='ltr'>illi</span> <span class='ocrx_word' id='word_1_90' title='bbox 1473 929 1668 1013; x_wconf 81' lang='lat' dir='ltr'>interpretes</span> <span class='ocrx_word' id='word_1_91' title='bbox 1689 934 1760 996; x_wconf 90' lang='lat' dir='ltr'>sine</span> <span class='ocrx_word' id='word_1_92' title='bbox 1782 953 1881 997; x_wconf 90' lang='lat' dir='ltr'>causa</span> <span class='ocrx_word' id='word_1_93' title='bbox 1901 933 2072 1014; x_wconf 86' lang='lat' dir='ltr'>accipiunt</span> <span class='ocrx_word' id='word_1_94' title='bbox 2118 933 2235 998; x_wconf 86' lang='lat' dir='ltr'>Priore</span> 
     </span>
     <span class='ocr_line' id='line_1_8' title="bbox 227 994 2236 1106; baseline -0.002 -17"><span class='ocrx_word' id='word_1_95' title='bbox 227 1022 358 1090; x_wconf 84' lang='lat' dir='ltr'>terdum</span> <span class='ocrx_word' id='word_1_96' title='bbox 376 1023 437 1087; x_wconf 89' lang='lat' dir='ltr'>sub</span> <span class='ocrx_word' id='word_1_97' title='bbox 456 1025 552 1106; x_wconf 81' lang='lat' dir='ltr'>bysso</span> <span class='ocrx_word' id='word_1_98' title='bbox 570 1028 603 1084; x_wconf 90' lang='lat' dir='ltr'>ct</span> <span class='ocrx_word' id='word_1_99' title='bbox 622 1039 770 1101; x_wconf 79' lang='lat' dir='ltr'>purpure</span> <span class='ocrx_word' id='word_1_100' title='bbox 787 1017 966 1099; x_wconf 86' lang='lat' dir='ltr'>simplicem</span> <span class='ocrx_word' id='word_1_101' title='bbox 986 1015 1205 1079; x_wconf 79' lang='lat' dir='ltr'>humilitatem</span> <span class='ocrx_word' id='word_1_102' title='bbox 1228 994 1232 1089; x_wconf 84' lang='lat' dir='ltr'>l</span> <span class='ocrx_word' id='word_1_103' title='bbox 1256 1014 1313 1079; x_wconf 91' lang='lat' dir='ltr'>illc</span> <span class='ocrx_word' id='word_1_104' title='bbox 1330 1015 1475 1079; x_wconf 87' lang='lat' dir='ltr'>scandali</span> <span class='ocrx_word' id='word_1_105' title='bbox 1519 1038 1616 1080; x_wconf 87' lang='lat' dir='ltr'>encre</span> <span class='ocrx_word' id='word_1_106' title='bbox 1634 1019 1767 1082; x_wconf 89' lang='lat' dir='ltr'>nonnisi</span> <span class='ocrx_word' id='word_1_107' title='bbox 1783 1019 1908 1083; x_wconf 87' lang='lat' dir='ltr'>infirmi</span> <span class='ocrx_word' id='word_1_108' title='bbox 1924 1018 2149 1096; x_wconf 82' lang='lat' dir='ltr'>offenduntur;</span> <span class='ocrx_word' id='word_1_109' title='bbox 2171 1019 2236 1085; x_wconf 89' lang='lat' dir='ltr'>hoc</span> 
     </span>
     <span class='ocr_line' id='line_1_9' title="bbox 228 1037 2235 1188; baseline -0.003 -13"><span class='ocrx_word' id='word_1_110' title='bbox 228 1111 340 1175; x_wconf 89' lang='lat' dir='ltr'>latere.</span> <span class='ocrx_word' id='word_1_111' title='bbox 384 1109 437 1172; x_wconf 90' lang='lat' dir='ltr'>Ita</span> <span class='ocrx_word' id='word_1_112' title='bbox 459 1110 494 1171; x_wconf 93' lang='lat' dir='ltr'>in</span> <span class='ocrx_word' id='word_1_113' title='bbox 516 1126 574 1171; x_wconf 88' lang='lat' dir='ltr'>suo</span> <span class='ocrx_word' id='word_1_114' title='bbox 596 1107 731 1187; x_wconf 89' lang='lat' dir='ltr'>quisque</span> <span class='ocrx_word' id='word_1_115' title='bbox 753 1103 866 1166; x_wconf 89' lang='lat' dir='ltr'>ordine</span> <span class='ocrx_word' id='word_1_116' title='bbox 888 1101 940 1166; x_wconf 84' lang='lat' dir='ltr'>vel</span> <span class='ocrx_word' id='word_1_117' title='bbox 965 1101 1122 1178; x_wconf 76' lang='lat' dir='ltr'>tenuiter,</span> <span class='ocrx_word' id='word_1_118' title='bbox 1152 1101 1205 1163; x_wconf 90' lang='lat' dir='ltr'>vel</span> <span class='ocrx_word' id='word_1_119' title='bbox 1229 1104 1232 1151; x_wconf 81' lang='lat' dir='ltr'>l</span> <span class='ocrx_word' id='word_1_120' title='bbox 1256 1108 1367 1165; x_wconf 88' lang='lat' dir='ltr'>autem</span> <span class='ocrx_word' id='word_1_121' title='bbox 1387 1037 1531 1166; x_wconf 71' lang='lat' dir='ltr'>secundo</span> <span class='ocrx_word' id='word_1_122' title='bbox 1551 1103 1667 1167; x_wconf 89' lang='lat' dir='ltr'>acerba</span> <span class='ocrx_word' id='word_1_123' title='bbox 1692 1105 1825 1187; x_wconf 87' lang='lat' dir='ltr'>ingenia</span> <span class='ocrx_word' id='word_1_124' title='bbox 1853 1111 1886 1168; x_wconf 90' lang='lat' dir='ltr'>et</span> <span class='ocrx_word' id='word_1_125' title='bbox 1912 1103 2097 1185; x_wconf 89' lang='lat' dir='ltr'>pharisaica</span> <span class='ocrx_word' id='word_1_126' title='bbox 2119 1126 2235 1188; x_wconf 86' lang='lat' dir='ltr'>super-</span> 
     </span>
     <span class='ocr_line' id='line_1_10' title="bbox 228 1185 2234 1275; baseline -0.002 -15"><span class='ocrx_word' id='word_1_127' title='bbox 228 1196 369 1273; x_wconf 89' lang='lat' dir='ltr'>modice,</span> <span class='ocrx_word' id='word_1_128' title='bbox 400 1195 452 1258; x_wconf 87' lang='lat' dir='ltr'>val</span> <span class='ocrx_word' id='word_1_129' title='bbox 476 1190 643 1275; x_wconf 84' lang='lat' dir='ltr'>splendide</span> <span class='ocrx_word' id='word_1_130' title='bbox 665 1191 769 1254; x_wconf 87' lang='lat' dir='ltr'>vivat:</span> <span class='ocrx_word' id='word_1_131' title='bbox 802 1198 840 1252; x_wconf 92' lang='lat' dir='ltr'>ut</span> <span class='ocrx_word' id='word_1_132' title='bbox 861 1188 1070 1251; x_wconf 87' lang='lat' dir='ltr'>meminerint</span> <span class='ocrx_word' id='word_1_133' title='bbox 1091 1208 1205 1250; x_wconf 88' lang='lat' dir='ltr'>omnes</span> <span class='ocrx_word' id='word_1_134' title='bbox 1256 1187 1351 1250; x_wconf 88' lang='lat' dir='ltr'>cilia.</span> <span class='ocrx_word' id='word_1_135' title='bbox 1385 1185 1497 1266; x_wconf 83' lang='lat' dir='ltr'>Quare</span> <span class='ocrx_word' id='word_1_136' title='bbox 1529 1188 1670 1252; x_wconf 79' lang='lat' dir='ltr'>altorum</span> <span class='ocrx_word' id='word_1_137' title='bbox 1705 1191 1893 1255; x_wconf 88' lang='lat' dir='ltr'>vocabimus</span> <span class='ocrx_word' id='word_1_138' title='bbox 1921 1189 2113 1254; x_wconf 90' lang='lat' dir='ltr'>scandalum</span> <span class='ocrx_word' id='word_1_139' title='bbox 2142 1193 2234 1255; x_wconf 86' lang='lat' dir='ltr'>infir·</span> 
     </span>
     <span class='ocr_line' id='line_1_11' title="bbox 229 1273 2233 1354; baseline -0.002 -8"><span class='ocrx_word' id='word_1_140' title='bbox 229 1304 264 1346; x_wconf 92' lang='lat' dir='ltr'>se</span> <span class='ocrx_word' id='word_1_141' title='bbox 294 1304 313 1346; x_wconf 91' lang='lat' dir='ltr'>a</span> <span class='ocrx_word' id='word_1_142' title='bbox 342 1282 413 1344; x_wconf 92' lang='lat' dir='ltr'>Deo</span> <span class='ocrx_word' id='word_1_143' title='bbox 443 1280 486 1342; x_wconf 89' lang='lat' dir='ltr'>ali</span> <span class='ocrx_word' id='word_1_144' title='bbox 517 1286 555 1341; x_wconf 92' lang='lat' dir='ltr'>ut</span> <span class='ocrx_word' id='word_1_145' title='bbox 585 1278 714 1352; x_wconf 83' lang='lat' dir='ltr'>vivant,</span> <span class='ocrx_word' id='word_1_146' title='bbox 749 1297 816 1339; x_wconf 91' lang='lat' dir='ltr'>non</span> <span class='ocrx_word' id='word_1_147' title='bbox 843 1282 882 1338; x_wconf 90' lang='lat' dir='ltr'>ut</span> <span class='ocrx_word' id='word_1_148' title='bbox 907 1273 1133 1350; x_wconf 60' lang='lat' dir='ltr'>luxuriantum</span> <span class='ocrx_word' id='word_1_149' title='bbox 1167 1294 1204 1337; x_wconf 93' lang='lat' dir='ltr'>ac</span> <span class='ocrx_word' id='word_1_150' title='bbox 1256 1294 1393 1347; x_wconf 88' lang='lat' dir='ltr'>morum,</span> <span class='ocrx_word' id='word_1_151' title='bbox 1417 1273 1557 1337; x_wconf 88' lang='lat' dir='ltr'>alterum</span> <span class='ocrx_word' id='word_1_152' title='bbox 1575 1274 1845 1354; x_wconf 74' lang='lat' dir='ltr'>Pharisaeorum:</span> <span class='ocrx_word' id='word_1_153' title='bbox 1867 1297 1905 1341; x_wconf 93' lang='lat' dir='ltr'>ac</span> <span class='ocrx_word' id='word_1_154' title='bbox 1926 1277 1972 1339; x_wconf 92' lang='lat' dir='ltr'>sio</span> <span class='ocrx_word' id='word_1_155' title='bbox 1994 1276 2156 1341; x_wconf 74' lang='lat' dir='ltr'>libertatis</span> <span class='ocrx_word' id='word_1_156' title='bbox 2173 1298 2233 1341; x_wconf 91' lang='lat' dir='ltr'>nc-</span> 
     </span>
     <span class='ocr_line' id='line_1_12' title="bbox 229 1360 2235 1452; baseline -0.003 -19"><span class='ocrx_word' id='word_1_157' title='bbox 229 1368 336 1452; x_wconf 82' lang='lat' dir='ltr'>legem</span> <span class='ocrx_word' id='word_1_158' title='bbox 370 1367 454 1430; x_wconf 90' lang='lat' dir='ltr'>hanc</span> <span class='ocrx_word' id='word_1_159' title='bbox 485 1364 683 1427; x_wconf 77' lang='lat' dir='ltr'>christianae</span> <span class='ocrx_word' id='word_1_160' title='bbox 715 1361 876 1426; x_wconf 84' lang='lat' dir='ltr'>libertatis</span> <span class='ocrx_word' id='word_1_161' title='bbox 916 1368 1032 1442; x_wconf 85' lang='lat' dir='ltr'>pntcnt</span> <span class='ocrx_word' id='word_1_162' title='bbox 1067 1360 1094 1422; x_wconf 89' lang='lat' dir='ltr'>si</span> <span class='ocrx_word' id='word_1_163' title='bbox 1130 1379 1215 1423; x_wconf 89' lang='lat' dir='ltr'>cnm·</span> <span class='ocrx_word' id='word_1_164' title='bbox 1257 1366 1343 1422; x_wconf 87' lang='lat' dir='ltr'>strae</span> <span class='ocrx_word' id='word_1_165' title='bbox 1370 1380 1467 1422; x_wconf 90' lang='lat' dir='ltr'>usum</span> <span class='ocrx_word' id='word_1_166' title='bbox 1495 1360 1763 1442; x_wconf 87' lang='lat' dir='ltr'>temperabimus,</span> <span class='ocrx_word' id='word_1_167' title='bbox 1792 1370 1830 1426; x_wconf 91' lang='lat' dir='ltr'>ut</span> <span class='ocrx_word' id='word_1_168' title='bbox 1857 1363 1999 1426; x_wconf 85' lang='lat' dir='ltr'>fratmm</span> <span class='ocrx_word' id='word_1_169' title='bbox 2026 1363 2235 1427; x_wconf 86' lang='lat' dir='ltr'>infirmorum</span> 
     </span>
     <span class='ocr_line' id='line_1_13' title="bbox 228 1445 2236 1536; baseline -0.002 -18"><span class='ocrx_word' id='word_1_170' title='bbox 228 1453 336 1519; x_wconf 93' lang='lat' dir='ltr'>Paulo</span> <span class='ocrx_word' id='word_1_171' title='bbox 362 1451 463 1536; x_wconf 88' lang='lat' dir='ltr'>(Phil.</span> <span class='ocrx_word' id='word_1_172' title='bbox 487 1457 516 1525; x_wconf 78' lang='lat' dir='ltr'>l,</span> <span class='ocrx_word' id='word_1_173' title='bbox 539 1449 592 1529; x_wconf 79' lang='lat'>12)</span> <span class='ocrx_word' id='word_1_174' title='bbox 619 1448 806 1524; x_wconf 84' lang='lat' dir='ltr'>didicerint,</span> <span class='ocrx_word' id='word_1_175' title='bbox 836 1447 870 1509; x_wconf 94' lang='lat' dir='ltr'>in</span> <span class='ocrx_word' id='word_1_176' title='bbox 899 1446 1015 1527; x_wconf 90' lang='lat' dir='ltr'>quibus</span> <span class='ocrx_word' id='word_1_177' title='bbox 1044 1455 1135 1519; x_wconf 89' lang='lat' dir='ltr'>sunt,</span> <span class='ocrx_word' id='word_1_178' title='bbox 1164 1445 1204 1507; x_wconf 92' lang='lat' dir='ltr'>iis</span> <span class='ocrx_word' id='word_1_179' title='bbox 1255 1445 1460 1528; x_wconf 81' lang='lat' dir='ltr'>ignorantiae</span> <span class='ocrx_word' id='word_1_180' title='bbox 1482 1445 1596 1510; x_wconf 83' lang='lat' dir='ltr'>redere</span> <span class='ocrx_word' id='word_1_181' title='bbox 1618 1446 1748 1525; x_wconf 86' lang='lat' dir='ltr'>debeat,</span> <span class='ocrx_word' id='word_1_182' title='bbox 1771 1448 2027 1512; x_wconf 87' lang='lat' dir='ltr'>Pharisaeorum</span> <span class='ocrx_word' id='word_1_183' title='bbox 2049 1448 2236 1513; x_wconf 86' lang='lat' dir='ltr'>austeritati</span> 
     </span>
     <span class='ocr_line' id='line_1_14' title="bbox 230 1529 2233 1614; baseline -0.003 -9"><span class='ocrx_word' id='word_1_184' title='bbox 230 1537 374 1605; x_wconf 87' lang='lat' dir='ltr'>contenti</span> <span class='ocrx_word' id='word_1_185' title='bbox 403 1557 487 1614; x_wconf 88' lang='grc' dir='ltr'>θεεθ;</span> <span class='ocrx_word' id='word_1_186' title='bbox 516 1535 545 1600; x_wconf 93' lang='lat' dir='ltr'>si</span> <span class='ocrx_word' id='word_1_187' title='bbox 571 1535 684 1598; x_wconf 91' lang='lat' dir='ltr'>norint</span> <span class='ocrx_word' id='word_1_188' title='bbox 711 1540 744 1597; x_wconf 92' lang='lat' dir='ltr'>ot</span> <span class='ocrx_word' id='word_1_189' title='bbox 771 1532 912 1597; x_wconf 89' lang='lat' dir='ltr'>humiles</span> <span class='ocrx_word' id='word_1_190' title='bbox 939 1552 1010 1595; x_wconf 90' lang='lat' dir='ltr'>osse</span> <span class='ocrx_word' id='word_1_191' title='bbox 1037 1539 1070 1593; x_wconf 88' lang='lat' dir='ltr'>et</span> <span class='ocrx_word' id='word_1_192' title='bbox 1098 1529 1204 1594; x_wconf 78' lang='lat' dir='ltr'>excol-</span> <span class='ocrx_word' id='word_1_193' title='bbox 1256 1551 1471 1613; x_wconf 88' lang='lat' dir='ltr'>nequaquam.</span> <span class='ocrx_word' id='word_1_194' title='bbox 1517 1530 1607 1611; x_wconf 78' lang='lat' dir='ltr'>Quid</span> <span class='ocrx_word' id='word_1_195' title='bbox 1646 1535 1734 1596; x_wconf 90' lang='lat' dir='ltr'>enim</span> <span class='ocrx_word' id='word_1_196' title='bbox 1773 1535 1955 1598; x_wconf 84' lang='lat' dir='ltr'>infirmitat-i</span> <span class='ocrx_word' id='word_1_197' title='bbox 1996 1533 2143 1598; x_wconf 91' lang='lat' dir='ltr'>dandum</span> <span class='ocrx_word' id='word_1_198' title='bbox 2179 1535 2233 1613; x_wconf 91' lang='lat' dir='ltr'>sit,</span> 
     </span>
     <span class='ocr_line' id='line_1_15' title="bbox 229 1616 2235 1702; baseline -0.003 -12"><span class='ocrx_word' id='word_1_199' title='bbox 229 1624 310 1702; x_wconf 74' lang='lat' dir='ltr'>lere:</span> <span class='ocrx_word' id='word_1_200' title='bbox 339 1623 367 1688; x_wconf 92' lang='lat' dir='ltr'>si</span> <span class='ocrx_word' id='word_1_201' title='bbox 389 1622 474 1686; x_wconf 90' lang='lat' dir='ltr'>docti</span> <span class='ocrx_word' id='word_1_202' title='bbox 503 1622 570 1684; x_wconf 88' lang='lat' dir='ltr'>sint</span> <span class='ocrx_word' id='word_1_203' title='bbox 590 1620 710 1701; x_wconf 84' lang='lat' dir='ltr'>ubique</span> <span class='ocrx_word' id='word_1_204' title='bbox 732 1629 765 1683; x_wconf 89' lang='lat' dir='ltr'>et</span> <span class='ocrx_word' id='word_1_205' title='bbox 786 1620 820 1682; x_wconf 92' lang='lat' dir='ltr'>in</span> <span class='ocrx_word' id='word_1_206' title='bbox 840 1618 989 1682; x_wconf 85' lang='lat' dir='ltr'>omnibus</span> <span class='ocrx_word' id='word_1_207' title='bbox 1010 1627 1043 1680; x_wconf 91' lang='lat' dir='ltr'>et</span> <span class='ocrx_word' id='word_1_208' title='bbox 1064 1617 1206 1680; x_wconf 90' lang='lat' dir='ltr'>saturari</span> <span class='ocrx_word' id='word_1_209' title='bbox 1229 1620 1232 1663; x_wconf 77' lang='lat' dir='ltr'>l</span> <span class='ocrx_word' id='word_1_210' title='bbox 1257 1616 1386 1681; x_wconf 89' lang='lat' dir='ltr'>abunde</span> <span class='ocrx_word' id='word_1_211' title='bbox 1408 1616 1521 1681; x_wconf 88' lang='lat' dir='ltr'>multis</span> <span class='ocrx_word' id='word_1_212' title='bbox 1542 1617 1621 1682; x_wconf 88' lang='lat' dir='ltr'>locis</span> <span class='ocrx_word' id='word_1_213' title='bbox 1642 1619 1786 1683; x_wconf 90' lang='lat' dir='ltr'>ostendit</span> <span class='ocrx_word' id='word_1_214' title='bbox 1807 1620 1940 1684; x_wconf 86' lang='lat' dir='ltr'>Paulus.</span> <span class='ocrx_word' id='word_1_215' title='bbox 1984 1620 2154 1698; x_wconf 89' lang='lat' dir='ltr'>Infirmos,</span> <span class='ocrx_word' id='word_1_216' title='bbox 2183 1622 2235 1684; x_wconf 90' lang='lat' dir='ltr'>in·</span> 
     </span>
     <span class='ocr_line' id='line_1_16' title="bbox 229 1703 2234 1788; baseline -0.002 -14"><span class='ocrx_word' id='word_1_217' title='bbox 229 1718 263 1774; x_wconf 90' lang='lat' dir='ltr'>et</span> <span class='ocrx_word' id='word_1_218' title='bbox 284 1710 407 1773; x_wconf 88' lang='lat' dir='ltr'>esurire</span> <span class='ocrx_word' id='word_1_219' title='bbox 430 1716 464 1771; x_wconf 92' lang='lat' dir='ltr'>et</span> <span class='ocrx_word' id='word_1_220' title='bbox 485 1706 653 1771; x_wconf 88' lang='lat' dir='ltr'>abundare</span> <span class='ocrx_word' id='word_1_221' title='bbox 675 1712 709 1768; x_wconf 92' lang='lat' dir='ltr'>et</span> <span class='ocrx_word' id='word_1_222' title='bbox 729 1704 890 1786; x_wconf 81' lang='lat' dir='ltr'>peiurium</span> <span class='ocrx_word' id='word_1_223' title='bbox 910 1704 987 1785; x_wconf 89' lang='lat' dir='ltr'>pati.</span> <span class='ocrx_word' id='word_1_224' title='bbox 1257 1704 1329 1784; x_wconf 91' lang='lat' dir='ltr'>quit</span> <span class='ocrx_word' id='word_1_225' title='bbox 1346 1703 1457 1783; x_wconf 81' lang='lat' dir='ltr'>(Rom.</span> <span class='ocrx_word' id='word_1_226' title='bbox 1476 1708 1522 1779; x_wconf 80' lang='grc'>14,</span> <span class='ocrx_word' id='word_1_227' title='bbox 1545 1710 1558 1765; x_wconf 93' lang='grc'>1</span> <span class='ocrx_word' id='word_1_228' title='bbox 1579 1713 1612 1768; x_wconf 93' lang='lat' dir='ltr'>et</span> <span class='ocrx_word' id='word_1_229' title='bbox 1634 1705 1695 1787; x_wconf 86' lang='lat'>13),</span> <span class='ocrx_word' id='word_1_230' title='bbox 1719 1706 1754 1768; x_wconf 89' lang='lat' dir='ltr'>in</span> <span class='ocrx_word' id='word_1_231' title='bbox 1776 1705 1840 1770; x_wconf 90' lang='lat' dir='ltr'>fide</span> <span class='ocrx_word' id='word_1_232' title='bbox 1862 1706 2025 1788; x_wconf 85' lang='lat' dir='ltr'>suscipite.</span> <span class='ocrx_word' id='word_1_233' title='bbox 2069 1706 2168 1771; x_wconf 91' lang='lat' dir='ltr'>Item:</span> <span class='ocrx_word' id='word_1_234' title='bbox 2192 1729 2234 1771; x_wconf 92' lang='lat' dir='ltr'>ne</span> 
     </span>
    </p>

    <p class='ocr_par' dir='ltr' id='par_1_3' title="bbox 229 1786 2237 2478">
     <span class='ocr_line' id='line_1_17' title="bbox 319 1786 2233 1876; baseline -0.001 -19"><span class='ocrx_word' id='word_1_235' title='bbox 319 1801 365 1858; x_wconf 88' lang='lat'>10.</span> <span class='ocrx_word' id='word_1_236' title='bbox 410 1795 536 1858; x_wconf 87' lang='lat' dir='ltr'>Errant</span> <span class='ocrx_word' id='word_1_237' title='bbox 557 1804 590 1857; x_wconf 89' lang='lat' dir='ltr'>et</span> <span class='ocrx_word' id='word_1_238' title='bbox 612 1793 646 1854; x_wconf 93' lang='lat' dir='ltr'>in</span> <span class='ocrx_word' id='word_1_239' title='bbox 665 1812 703 1856; x_wconf 91' lang='lat' dir='ltr'>co</span> <span class='ocrx_word' id='word_1_240' title='bbox 725 1791 881 1874; x_wconf 89' lang='lat' dir='ltr'>plerique,</span> <span class='ocrx_word' id='word_1_241' title='bbox 904 1786 991 1871; x_wconf 90' lang='lat' dir='ltr'>qnod</span> <span class='ocrx_word' id='word_1_242' title='bbox 1012 1788 1146 1871; x_wconf 90' lang='lat' dir='ltr'>perinde</span> <span class='ocrx_word' id='word_1_243' title='bbox 1168 1808 1206 1851; x_wconf 90' lang='lat' dir='ltr'>ac</span> <span class='ocrx_word' id='word_1_244' title='bbox 1257 1789 1394 1870; x_wconf 89' lang='lat' dir='ltr'>posthac</span> <span class='ocrx_word' id='word_1_245' title='bbox 1417 1787 1501 1853; x_wconf 91' lang='lat' dir='ltr'>alius</span> <span class='ocrx_word' id='word_1_246' title='bbox 1523 1789 1624 1853; x_wconf 89' lang='lat' dir='ltr'>alium</span> <span class='ocrx_word' id='word_1_247' title='bbox 1648 1790 1843 1870; x_wconf 87' lang='lat' dir='ltr'>iudicemus;</span> <span class='ocrx_word' id='word_1_248' title='bbox 1872 1812 1988 1856; x_wconf 88' lang='lat' dir='ltr'>verum</span> <span class='ocrx_word' id='word_1_249' title='bbox 2016 1791 2099 1855; x_wconf 90' lang='lat' dir='ltr'>illud</span> <span class='ocrx_word' id='word_1_250' title='bbox 2127 1793 2233 1876; x_wconf 79' lang='lat' dir='ltr'>magis</span> 
     </span>
     <span class='ocr_line' id='line_1_18' title="bbox 229 1873 2233 1959; baseline -0.002 -12"><span class='ocrx_word' id='word_1_251' title='bbox 229 1883 256 1947; x_wconf 91' lang='lat' dir='ltr'>si</span> <span class='ocrx_word' id='word_1_252' title='bbox 286 1903 346 1945; x_wconf 89' lang='lat' dir='ltr'>sua</span> <span class='ocrx_word' id='word_1_253' title='bbox 373 1880 506 1943; x_wconf 86' lang='lat' dir='ltr'>libertas</span> <span class='ocrx_word' id='word_1_254' title='bbox 535 1877 708 1943; x_wconf 89' lang='lat' dir='ltr'>incolumis</span> <span class='ocrx_word' id='word_1_255' title='bbox 736 1897 774 1940; x_wconf 86' lang='lat' dir='ltr'>ac</span> <span class='ocrx_word' id='word_1_256' title='bbox 801 1876 893 1940; x_wconf 91' lang='lat' dir='ltr'>salva</span> <span class='ocrx_word' id='word_1_257' title='bbox 919 1895 987 1938; x_wconf 93' lang='lat' dir='ltr'>non</span> <span class='ocrx_word' id='word_1_258' title='bbox 1015 1881 1109 1950; x_wconf 87' lang='lat' dir='ltr'>esset,</span> <span class='ocrx_word' id='word_1_259' title='bbox 1142 1874 1206 1937; x_wconf 91' lang='lat' dir='ltr'>nisi</span> <span class='ocrx_word' id='word_1_260' title='bbox 1258 1896 1299 1938; x_wconf 94' lang='lat' dir='ltr'>ne</span> <span class='ocrx_word' id='word_1_261' title='bbox 1321 1873 1553 1939; x_wconf 84' lang='lat' dir='ltr'>offendiculum</span> <span class='ocrx_word' id='word_1_262' title='bbox 1575 1886 1715 1958; x_wconf 69' lang='lat' dir='ltr'>ponatur</span> <span class='ocrx_word' id='word_1_263' title='bbox 1734 1878 1845 1953; x_wconf 78' lang='lat' dir='ltr'>fratri,</span> <span class='ocrx_word' id='word_1_264' title='bbox 1876 1886 1934 1941; x_wconf 92' lang='lat' dir='ltr'>aut</span> <span class='ocrx_word' id='word_1_265' title='bbox 1961 1878 2072 1959; x_wconf 89' lang='lat' dir='ltr'>lapsus</span> <span class='ocrx_word' id='word_1_266' title='bbox 2099 1881 2233 1944; x_wconf 87' lang='lat' dir='ltr'>occasio.</span> 
     </span>
     <span class='ocr_line' id='line_1_19' title="bbox 229 1959 2236 2047; baseline -0.001 -16"><span class='ocrx_word' id='word_1_267' title='bbox 229 1975 330 2032; x_wconf 88' lang='lat' dir='ltr'>testes</span> <span class='ocrx_word' id='word_1_268' title='bbox 352 1966 489 2030; x_wconf 89' lang='lat' dir='ltr'>haberet</span> <span class='ocrx_word' id='word_1_269' title='bbox 517 1965 682 2040; x_wconf 90' lang='lat' dir='ltr'>homines,</span> <span class='ocrx_word' id='word_1_270' title='bbox 711 1963 894 2046; x_wconf 88' lang='lat' dir='ltr'>promiscue</span> <span class='ocrx_word' id='word_1_271' title='bbox 922 1970 955 2025; x_wconf 90' lang='lat' dir='ltr'>et</span> <span class='ocrx_word' id='word_1_272' title='bbox 982 1959 1207 2042; x_wconf 87' lang='lat' dir='ltr'>imprudenter</span> <span class='ocrx_word' id='word_1_273' title='bbox 1259 1961 1304 2023; x_wconf 83' lang='lat' dir='ltr'>Et</span> <span class='ocrx_word' id='word_1_274' title='bbox 1330 1960 1435 2024; x_wconf 90' lang='lat' dir='ltr'>mnlta</span> <span class='ocrx_word' id='word_1_275' title='bbox 1460 1960 1497 2023; x_wconf 94' lang='lat' dir='ltr'>in</span> <span class='ocrx_word' id='word_1_276' title='bbox 1524 1982 1601 2025; x_wconf 89' lang='lat' dir='ltr'>eum</span> <span class='ocrx_word' id='word_1_277' title='bbox 1629 1983 1777 2040; x_wconf 89' lang='lat' dir='ltr'>sensnm,</span> <span class='ocrx_word' id='word_1_278' title='bbox 1812 1984 1894 2044; x_wconf 92' lang='lat' dir='ltr'>quae</span> <span class='ocrx_word' id='word_1_279' title='bbox 1927 1984 1968 2027; x_wconf 81' lang='lat' dir='ltr'>cx</span> <span class='ocrx_word' id='word_1_280' title='bbox 1998 1985 2036 2027; x_wconf 93' lang='lat' dir='ltr'>eo</span> <span class='ocrx_word' id='word_1_281' title='bbox 2064 1963 2136 2029; x_wconf 92' lang='lat' dir='ltr'>loco</span> <span class='ocrx_word' id='word_1_282' title='bbox 2166 1965 2236 2047; x_wconf 92' lang='lat' dir='ltr'>peti</span> 
     </span>
     <span class='ocr_line' id='line_1_20' title="bbox 230 2047 2235 2132; baseline -0.001 -15"><span class='ocrx_word' id='word_1_283' title='bbox 230 2072 269 2118; x_wconf 90' lang='lat' dir='ltr'>ea</span> <span class='ocrx_word' id='word_1_284' title='bbox 295 2059 444 2116; x_wconf 90' lang='lat' dir='ltr'>utuntur.</span> <span class='ocrx_word' id='word_1_285' title='bbox 490 2049 567 2132; x_wconf 80' lang='lat' dir='ltr'>Qua</span> <span class='ocrx_word' id='word_1_286' title='bbox 599 2050 787 2132; x_wconf 90' lang='lat' dir='ltr'>importuna</span> <span class='ocrx_word' id='word_1_287' title='bbox 820 2047 1032 2129; x_wconf 89' lang='lat' dir='ltr'>usurpatione</span> <span class='ocrx_word' id='word_1_288' title='bbox 1060 2047 1207 2110; x_wconf 91' lang='lat' dir='ltr'>infirmos</span> <span class='ocrx_word' id='word_1_289' title='bbox 1259 2048 1361 2110; x_wconf 91' lang='lat' dir='ltr'>satius</span> <span class='ocrx_word' id='word_1_290' title='bbox 1389 2055 1440 2110; x_wconf 89' lang='lat' dir='ltr'>est</span> <span class='ocrx_word' id='word_1_291' title='bbox 1468 2067 1566 2128; x_wconf 91' lang='lat' dir='ltr'>qnam</span> <span class='ocrx_word' id='word_1_292' title='bbox 1594 2047 1647 2113; x_wconf 90' lang='lat' dir='ltr'>hic</span> <span class='ocrx_word' id='word_1_293' title='bbox 1675 2049 1798 2113; x_wconf 88' lang='lat' dir='ltr'>referri.</span> <span class='ocrx_word' id='word_1_294' title='bbox 1844 2047 1983 2113; x_wconf 80' lang='lat' dir='ltr'>Summa</span> <span class='ocrx_word' id='word_1_295' title='bbox 2005 2055 2070 2125; x_wconf 91' lang='grc' dir='ltr'>θεῖ,</span> <span class='ocrx_word' id='word_1_296' title='bbox 2100 2059 2138 2113; x_wconf 93' lang='lat' dir='ltr'>nt</span> <span class='ocrx_word' id='word_1_297' title='bbox 2165 2072 2235 2128; x_wconf 91' lang='lat' dir='ltr'>nos,</span> 
     </span>
     <span class='ocr_line' id='line_1_21' title="bbox 229 2131 2236 2220; baseline -0.001 -17"><span class='ocrx_word' id='word_1_298' title='bbox 229 2139 347 2204; x_wconf 72' lang='lat' dir='ltr'>batres</span> <span class='ocrx_word' id='word_1_299' title='bbox 367 2156 601 2220; x_wconf 89' lang='lat' dir='ltr'>saepenumero</span> <span class='ocrx_word' id='word_1_300' title='bbox 623 2134 802 2198; x_wconf 84' lang='lat' dir='ltr'>offendunt.</span> <span class='ocrx_word' id='word_1_301' title='bbox 849 2133 970 2196; x_wconf 84' lang='lat' dir='ltr'>Videas</span> <span class='ocrx_word' id='word_1_302' title='bbox 993 2131 1089 2195; x_wconf 90' lang='lat' dir='ltr'>hodie</span> <span class='ocrx_word' id='word_1_303' title='bbox 1112 2152 1207 2214; x_wconf 90' lang='lat' dir='ltr'>quos·</span> <span class='ocrx_word' id='word_1_304' title='bbox 1260 2133 1314 2213; x_wconf 91' lang='lat' dir='ltr'>qui</span> <span class='ocrx_word' id='word_1_305' title='bbox 1342 2133 1465 2197; x_wconf 89' lang='lat' dir='ltr'>robusti</span> <span class='ocrx_word' id='word_1_306' title='bbox 1493 2154 1621 2212; x_wconf 89' lang='lat' dir='ltr'>snmus,</span> <span class='ocrx_word' id='word_1_307' title='bbox 1648 2134 1855 2199; x_wconf 86' lang='lat' dir='ltr'>infirmitates</span> <span class='ocrx_word' id='word_1_308' title='bbox 1882 2136 2112 2217; x_wconf 89' lang='lat' dir='ltr'>impotentium</span> <span class='ocrx_word' id='word_1_309' title='bbox 2137 2138 2236 2200; x_wconf 85' lang='lat' dir='ltr'>suffe·</span> 
     </span>
     <span class='ocr_line' id='line_1_22' title="bbox 231 2217 2237 2306; baseline -0.001 -17"><span class='ocrx_word' id='word_1_310' title='bbox 231 2224 315 2301; x_wconf 85' lang='lat' dir='ltr'>dam,</span> <span class='ocrx_word' id='word_1_311' title='bbox 339 2224 455 2306; x_wconf 91' lang='lat' dir='ltr'>quibus</span> <span class='ocrx_word' id='word_1_312' title='bbox 472 2244 534 2286; x_wconf 89' lang='lat' dir='ltr'>sna</span> <span class='ocrx_word' id='word_1_313' title='bbox 551 2222 684 2286; x_wconf 88' lang='lat' dir='ltr'>libertas</span> <span class='ocrx_word' id='word_1_314' title='bbox 703 2240 769 2284; x_wconf 90' lang='lat' dir='ltr'>non</span> <span class='ocrx_word' id='word_1_315' title='bbox 790 2219 920 2284; x_wconf 86' lang='lat' dir='ltr'>videtur</span> <span class='ocrx_word' id='word_1_316' title='bbox 936 2217 1123 2294; x_wconf 89' lang='lat' dir='ltr'>consistere,</span> <span class='ocrx_word' id='word_1_317' title='bbox 1142 2217 1207 2281; x_wconf 90' lang='lat' dir='ltr'>nisi</span> <span class='ocrx_word' id='word_1_318' title='bbox 1260 2237 1385 2296; x_wconf 91' lang='lat' dir='ltr'>ramus,</span> <span class='ocrx_word' id='word_1_319' title='bbox 1409 2240 1469 2284; x_wconf 88' lang='lat' dir='ltr'>nec</span> <span class='ocrx_word' id='word_1_320' title='bbox 1490 2220 1677 2301; x_wconf 85' lang='lat' dir='ltr'>placeamus</span> <span class='ocrx_word' id='word_1_321' title='bbox 1699 2222 1793 2286; x_wconf 90' lang='lat' dir='ltr'>nobis</span> <span class='ocrx_word' id='word_1_322' title='bbox 1814 2222 1909 2304; x_wconf 91' lang='lat' dir='ltr'>ipsis;</span> <span class='ocrx_word' id='word_1_323' title='bbox 1932 2219 1990 2285; x_wconf 88' lang='lat' dir='ltr'>sed</span> <span class='ocrx_word' id='word_1_324' title='bbox 2011 2224 2237 2304; x_wconf 89' lang='lat' dir='ltr'>unusquisque</span> 
     </span>
     <span class='ocr_line' id='line_1_23' title="bbox 232 2305 2237 2395; baseline 0 -21"><span class='ocrx_word' id='word_1_325' title='bbox 232 2331 292 2395; x_wconf 91' lang='lat' dir='ltr'>per</span> <span class='ocrx_word' id='word_1_326' title='bbox 311 2331 404 2374; x_wconf 85' lang='lat' dir='ltr'>esum</span> <span class='ocrx_word' id='word_1_327' title='bbox 427 2309 576 2374; x_wconf 90' lang='lat' dir='ltr'>carnium</span> <span class='ocrx_word' id='word_1_328' title='bbox 597 2307 649 2371; x_wconf 91' lang='lat' dir='ltr'>die</span> <span class='ocrx_word' id='word_1_329' title='bbox 670 2306 800 2371; x_wconf 85' lang='lat' dir='ltr'>veneris</span> <span class='ocrx_word' id='word_1_330' title='bbox 822 2307 856 2368; x_wconf 92' lang='lat' dir='ltr'>in</span> <span class='ocrx_word' id='word_1_331' title='bbox 880 2306 950 2369; x_wconf 91' lang='lat' dir='ltr'>eius</span> <span class='ocrx_word' id='word_1_332' title='bbox 971 2305 1208 2387; x_wconf 86' lang='lat' dir='ltr'>possessionem</span> <span class='ocrx_word' id='word_1_333' title='bbox 1260 2315 1407 2368; x_wconf 89' lang='lat' dir='ltr'>nostrum</span> <span class='ocrx_word' id='word_1_334' title='bbox 1440 2306 1587 2387; x_wconf 85' lang='lat' dir='ltr'>proxime</span> <span class='ocrx_word' id='word_1_335' title='bbox 1618 2307 1745 2388; x_wconf 89' lang='lat' dir='ltr'>placeat</span> <span class='ocrx_word' id='word_1_336' title='bbox 1774 2307 1810 2370; x_wconf 94' lang='lat' dir='ltr'>in</span> <span class='ocrx_word' id='word_1_337' title='bbox 1842 2309 1980 2384; x_wconf 86' lang='lat' dir='ltr'>bonmn,</span> <span class='ocrx_word' id='word_1_338' title='bbox 2013 2307 2054 2371; x_wconf 92' lang='lat' dir='ltr'>ad</span> <span class='ocrx_word' id='word_1_339' title='bbox 2086 2308 2237 2374; x_wconf 86' lang='lat' dir='ltr'>acdifica-</span> 
     </span>
     <span class='ocr_line' id='line_1_24' title="bbox 233 2389 2237 2478; baseline -0.002 -17"><span class='ocrx_word' id='word_1_340' title='bbox 233 2397 394 2462; x_wconf 82' lang='lat' dir='ltr'>venerint.</span> <span class='ocrx_word' id='word_1_341' title='bbox 439 2393 535 2474; x_wconf 82' lang='lat' dir='ltr'>Quod</span> <span class='ocrx_word' id='word_1_342' title='bbox 564 2392 666 2457; x_wconf 88' lang='lat' dir='ltr'>edunt</span> <span class='ocrx_word' id='word_1_343' title='bbox 698 2413 763 2455; x_wconf 92' lang='lat' dir='ltr'>non</span> <span class='ocrx_word' id='word_1_344' title='bbox 796 2390 1014 2473; x_wconf 89' lang='lat' dir='ltr'>reprehendo;</span> <span class='ocrx_word' id='word_1_345' title='bbox 1048 2389 1105 2454; x_wconf 91' lang='lat' dir='ltr'>sed</span> <span class='ocrx_word' id='word_1_346' title='bbox 1138 2390 1208 2453; x_wconf 84' lang='lat' dir='ltr'>exi·</span> <span class='ocrx_word' id='word_1_347' title='bbox 1259 2391 1382 2455; x_wconf 90' lang='lat' dir='ltr'>tionem</span> <span class='ocrx_word' id='word_1_348' title='bbox 1414 2389 1504 2473; x_wconf 86' lang='lat' dir='ltr'>(ibid.</span> <span class='ocrx_word' id='word_1_349' title='bbox 1539 2396 1585 2469; x_wconf 85' lang='grc'>15,</span> <span class='ocrx_word' id='word_1_350' title='bbox 1622 2390 1663 2474; x_wconf 91' lang='lat' dir='ltr'>l).</span> <span class='ocrx_word' id='word_1_351' title='bbox 1709 2392 1813 2457; x_wconf 80' lang='lat' dir='ltr'>Alibi:</span> <span class='ocrx_word' id='word_1_352' title='bbox 1854 2393 1912 2457; x_wconf 88' lang='lat' dir='ltr'>sed</span> <span class='ocrx_word' id='word_1_353' title='bbox 1945 2393 2061 2471; x_wconf 86' lang='lat' dir='ltr'>videte,</span> <span class='ocrx_word' id='word_1_354' title='bbox 2096 2415 2138 2457; x_wconf 93' lang='lat' dir='ltr'>ne</span> <span class='ocrx_word' id='word_1_355' title='bbox 2171 2416 2237 2478; x_wconf 87' lang='lat' dir='ltr'>quc</span> 
     </span>
    </p>

    <p class='ocr_par' dir='ltr' id='par_1_4' title="bbox 230 2474 2239 4176">
     <span class='ocr_line' id='line_1_25' title="bbox 274 2474 2239 2561; baseline -0.001 -16"><span class='ocrx_word' id='word_1_356' title='bbox 274 2481 341 2545; x_wconf 94' lang='lat' dir='ltr'>nda</span> <span class='ocrx_word' id='word_1_357' title='bbox 369 2487 419 2545; x_wconf 91' lang='lat' dir='ltr'>cst</span> <span class='ocrx_word' id='word_1_358' title='bbox 445 2501 486 2544; x_wconf 83' lang='lat' dir='ltr'>ex</span> <span class='ocrx_word' id='word_1_359' title='bbox 514 2479 633 2543; x_wconf 89' lang='lat' dir='ltr'>animis</span> <span class='ocrx_word' id='word_1_360' title='bbox 662 2478 744 2543; x_wconf 83' lang='lat' dir='ltr'>falsa</span> <span class='ocrx_word' id='word_1_361' title='bbox 773 2477 898 2542; x_wconf 86' lang='lat' dir='ltr'>isthaec</span> <span class='ocrx_word' id='word_1_362' title='bbox 926 2477 1043 2559; x_wconf 89' lang='lat' dir='ltr'>opinio.</span> <span class='ocrx_word' id='word_1_363' title='bbox 1096 2474 1208 2557; x_wconf 82' lang='lat' dir='ltr'>Siqui·</span> <span class='ocrx_word' id='word_1_364' title='bbox 1260 2475 1356 2540; x_wconf 90' lang='lat' dir='ltr'>modo</span> <span class='ocrx_word' id='word_1_365' title='bbox 1377 2478 1514 2541; x_wconf 85' lang='lat' dir='ltr'>facultas</span> <span class='ocrx_word' id='word_1_366' title='bbox 1536 2484 1646 2541; x_wconf 87' lang='lat' dir='ltr'>vestra</span> <span class='ocrx_word' id='word_1_367' title='bbox 1666 2478 1862 2544; x_wconf 87' lang='lat' dir='ltr'>offendiculo</span> <span class='ocrx_word' id='word_1_368' title='bbox 1891 2479 1935 2543; x_wconf 90' lang='lat' dir='ltr'>sit</span> <span class='ocrx_word' id='word_1_369' title='bbox 1962 2480 2002 2543; x_wconf 91' lang='lat' dir='ltr'>iis</span> <span class='ocrx_word' id='word_1_370' title='bbox 2030 2480 2086 2561; x_wconf 90' lang='lat' dir='ltr'>qui</span> <span class='ocrx_word' id='word_1_371' title='bbox 2114 2480 2239 2544; x_wconf 88' lang='lat' dir='ltr'>infirmi</span> 
     </span>
     <span class='ocr_line' id='line_1_26' title="bbox 255 2560 2236 2650; baseline -0.001 -18"><span class='ocrx_word' id='word_1_372' title='bbox 255 2588 307 2632; x_wconf 92' lang='lat' dir='ltr'>em</span> <span class='ocrx_word' id='word_1_373' title='bbox 325 2567 467 2650; x_wconf 81' lang='lat' dir='ltr'>cogitare</span> <span class='ocrx_word' id='word_1_374' title='bbox 485 2564 654 2641; x_wconf 89' lang='lat' dir='ltr'>debebant,</span> <span class='ocrx_word' id='word_1_375' title='bbox 678 2563 761 2628; x_wconf 92' lang='lat' dir='ltr'>nihil</span> <span class='ocrx_word' id='word_1_376' title='bbox 781 2584 816 2627; x_wconf 91' lang='lat' dir='ltr'>se</span> <span class='ocrx_word' id='word_1_377' title='bbox 834 2584 893 2628; x_wconf 91' lang='lat' dir='ltr'>sna</span> <span class='ocrx_word' id='word_1_378' title='bbox 910 2562 1061 2627; x_wconf 85' lang='lat' dir='ltr'>libertate</span> <span class='ocrx_word' id='word_1_379' title='bbox 1082 2582 1207 2625; x_wconf 90' lang='lat' dir='ltr'>novum</span> <span class='ocrx_word' id='word_1_380' title='bbox 1260 2571 1340 2626; x_wconf 89' lang='lat' dir='ltr'>sunt</span> <span class='ocrx_word' id='word_1_381' title='bbox 1362 2560 1392 2646; x_wconf 92' lang='lat' dir='ltr'>(l</span> <span class='ocrx_word' id='word_1_382' title='bbox 1420 2562 1493 2627; x_wconf 81' lang='lat' dir='ltr'>Gor.</span> <span class='ocrx_word' id='word_1_383' title='bbox 1516 2567 1546 2640; x_wconf 83' lang='lat'>8,</span> <span class='ocrx_word' id='word_1_384' title='bbox 1566 2568 1584 2626; x_wconf 82' lang='grc'><strong>9</strong></span> <span class='ocrx_word' id='word_1_385' title='bbox 1603 2572 1638 2628; x_wconf 88' lang='lat' dir='ltr'>ct</span> <span class='ocrx_word' id='word_1_386' title='bbox 1659 2569 1706 2639; x_wconf 84' lang='lat'>10,</span> <span class='ocrx_word' id='word_1_387' title='bbox 1726 2564 1790 2645; x_wconf 81' lang='lat'>25).</span> <span class='ocrx_word' id='word_1_388' title='bbox 1836 2565 1935 2629; x_wconf 90' lang='lat' dir='ltr'>Item:</span> <span class='ocrx_word' id='word_1_389' title='bbox 1964 2566 2074 2629; x_wconf 91' lang='lat' dir='ltr'>omnia</span> <span class='ocrx_word' id='word_1_390' title='bbox 2095 2585 2179 2646; x_wconf 90' lang='lat' dir='ltr'>quae</span> <span class='ocrx_word' id='word_1_391' title='bbox 2201 2568 2236 2630; x_wconf 93' lang='lat' dir='ltr'>in</span> 
     </span>
     <span class='ocr_line' id='line_1_27' title="bbox 232 2648 2236 2735; baseline -0.001 -17"><span class='ocrx_word' id='word_1_392' title='bbox 232 2653 386 2735; x_wconf 71' lang='lat' dir='ltr'>conmqni</span> <span class='ocrx_word' id='word_1_393' title='bbox 415 2654 450 2715; x_wconf 95' lang='lat' dir='ltr'>in</span> <span class='ocrx_word' id='word_1_394' title='bbox 478 2652 648 2715; x_wconf 90' lang='lat' dir='ltr'>hominum</span> <span class='ocrx_word' id='word_1_395' title='bbox 669 2656 858 2731; x_wconf 89' lang='lat' dir='ltr'>conspectu,</span> <span class='ocrx_word' id='word_1_396' title='bbox 888 2648 945 2713; x_wconf 92' lang='lat' dir='ltr'>sed</span> <span class='ocrx_word' id='word_1_397' title='bbox 973 2648 1059 2730; x_wconf 91' lang='lat' dir='ltr'>apud</span> <span class='ocrx_word' id='word_1_398' title='bbox 1081 2648 1207 2726; x_wconf 90' lang='lat' dir='ltr'>Deum;</span> <span class='ocrx_word' id='word_1_399' title='bbox 1260 2648 1395 2714; x_wconf 88' lang='lat' dir='ltr'>macello</span> <span class='ocrx_word' id='word_1_400' title='bbox 1413 2648 1604 2713; x_wconf 88' lang='lat' dir='ltr'>venduntur</span> <span class='ocrx_word' id='word_1_401' title='bbox 1621 2648 1716 2727; x_wconf 88' lang='lat' dir='ltr'>edite,</span> <span class='ocrx_word' id='word_1_402' title='bbox 1740 2651 1821 2714; x_wconf 93' lang='lat' dir='ltr'>nihil</span> <span class='ocrx_word' id='word_1_403' title='bbox 1842 2651 2083 2734; x_wconf 80' lang='lat' dir='ltr'>interrogantes</span> <span class='ocrx_word' id='word_1_404' title='bbox 2104 2661 2236 2733; x_wconf 79' lang='lat' dir='ltr'>propter</span> 
     </span>
     <span class='ocr_line' id='line_1_28' title="bbox 232 2735 2235 2817; baseline -0.001 -13"><span class='ocrx_word' id='word_1_405' title='bbox 232 2746 266 2804; x_wconf 89' lang='lat' dir='ltr'>et</span> <span class='ocrx_word' id='word_1_406' title='bbox 297 2747 365 2802; x_wconf 89' lang='lat' dir='ltr'>tam</span> <span class='ocrx_word' id='word_1_407' title='bbox 398 2739 433 2801; x_wconf 91' lang='lat' dir='ltr'>in</span> <span class='ocrx_word' id='word_1_408' title='bbox 465 2735 657 2801; x_wconf 86' lang='lat' dir='ltr'>abstinendo</span> <span class='ocrx_word' id='word_1_409' title='bbox 685 2736 896 2801; x_wconf 75' lang='lat' dir='ltr'>constituam</span> <span class='ocrx_word' id='word_1_410' title='bbox 926 2755 1012 2809; x_wconf 89' lang='lat' dir='ltr'>esse,</span> <span class='ocrx_word' id='word_1_411' title='bbox 1045 2753 1145 2815; x_wconf 90' lang='lat' dir='ltr'>quam</span> <span class='ocrx_word' id='word_1_412' title='bbox 1172 2736 1209 2797; x_wconf 92' lang='lat' dir='ltr'>in</span> <span class='ocrx_word' id='word_1_413' title='bbox 1260 2735 1505 2812; x_wconf 66' lang='lat' dir='ltr'>conscientiam</span> <span class='ocrx_word' id='word_1_414' title='bbox 1529 2756 1625 2817; x_wconf 91' lang='lat' dir='ltr'>porro</span> <span class='ocrx_word' id='word_1_415' title='bbox 1647 2737 1876 2801; x_wconf 89' lang='lat' dir='ltr'>conscientiam</span> <span class='ocrx_word' id='word_1_416' title='bbox 1899 2744 2043 2801; x_wconf 87' lang='lat' dir='ltr'>vestram</span> <span class='ocrx_word' id='word_1_417' title='bbox 2065 2736 2144 2811; x_wconf 89' lang='lat' dir='ltr'>dico,</span> <span class='ocrx_word' id='word_1_418' title='bbox 2168 2759 2235 2801; x_wconf 94' lang='lat' dir='ltr'>non</span> 
     </span>
     <span class='ocr_line' id='line_1_29' title="bbox 232 2819 2235 2961; baseline -0 -72"><span class='ocrx_word' id='word_1_419' title='bbox 232 2823 363 2890; x_wconf 88' lang='lat' dir='ltr'>utendo.</span> <span class='ocrx_word' id='word_1_420' title='bbox 409 2822 447 2888; x_wconf 75' lang='lat' dir='ltr'>Si</span> <span class='ocrx_word' id='word_1_421' title='bbox 481 2844 592 2886; x_wconf 91' lang='lat' dir='ltr'>coram</span> <span class='ocrx_word' id='word_1_422' title='bbox 624 2823 696 2886; x_wconf 92' lang='lat' dir='ltr'>Dec</span> <span class='ocrx_word' id='word_1_423' title='bbox 730 2821 814 2885; x_wconf 93' lang='lat' dir='ltr'>nihil</span> <span class='ocrx_word' id='word_1_424' title='bbox 849 2821 969 2885; x_wconf 88' lang='lat' dir='ltr'>referre</span> <span class='ocrx_word' id='word_1_425' title='bbox 1008 2819 1207 2903; x_wconf 73' lang='lat' dir='ltr'>intelligunt,</span> <span class='ocrx_word' id='word_1_426' title='bbox 1233 2825 1236 2961; x_wconf 85' lang='grc' dir='ltr'>Ι</span> <span class='ocrx_word' id='word_1_427' title='bbox 1260 2819 1414 2885; x_wconf 89' lang='lat' dir='ltr'>alterins:</span> <span class='ocrx_word' id='word_1_428' title='bbox 1455 2820 1594 2902; x_wconf 91' lang='lat' dir='ltr'>deniqne</span> <span class='ocrx_word' id='word_1_429' title='bbox 1634 2821 1715 2886; x_wconf 89' lang='lat' dir='ltr'>tales</span> <span class='ocrx_word' id='word_1_430' title='bbox 1749 2831 1872 2901; x_wconf 86' lang='lat' dir='ltr'>estote,</span> <span class='ocrx_word' id='word_1_431' title='bbox 1910 2829 1949 2886; x_wconf 92' lang='lat' dir='ltr'>ut</span> <span class='ocrx_word' id='word_1_432' title='bbox 1980 2822 2107 2887; x_wconf 90' lang='lat' dir='ltr'>nullum</span> <span class='ocrx_word' id='word_1_433' title='bbox 2139 2844 2235 2905; x_wconf 89' lang='lat' dir='ltr'>prae-</span> 
     </span>
     <span class='ocr_line' id='line_1_30' title="bbox 230 2905 2234 2991; baseline 0 -16"><span class='ocrx_word' id='word_1_434' title='bbox 230 2919 449 2976; x_wconf 80' lang='lat' dir='ltr'>vcscantume</span> <span class='ocrx_word' id='word_1_435' title='bbox 477 2908 630 2973; x_wconf 90' lang='lat' dir='ltr'>carnibus</span> <span class='ocrx_word' id='word_1_436' title='bbox 661 2929 703 2971; x_wconf 92' lang='lat' dir='ltr'>an</span> <span class='ocrx_word' id='word_1_437' title='bbox 732 2908 816 2985; x_wconf 86' lang='lat' dir='ltr'>ovis,</span> <span class='ocrx_word' id='word_1_438' title='bbox 848 2907 997 2971; x_wconf 88' lang='lat' dir='ltr'>rubrisue</span> <span class='ocrx_word' id='word_1_439' title='bbox 1025 2926 1069 2969; x_wconf 92' lang='lat' dir='ltr'>an</span> <span class='ocrx_word' id='word_1_440' title='bbox 1104 2907 1208 2989; x_wconf 81' lang='lat' dir='ltr'>nigris</span> <span class='ocrx_word' id='word_1_441' title='bbox 1260 2905 1364 2970; x_wconf 91' lang='lat' dir='ltr'>beatis</span> <span class='ocrx_word' id='word_1_442' title='bbox 1391 2906 1623 2971; x_wconf 86' lang='lat' dir='ltr'>offendiculum</span> <span class='ocrx_word' id='word_1_443' title='bbox 1651 2928 1757 2990; x_wconf 88' lang='lat' dir='ltr'>neque</span> <span class='ocrx_word' id='word_1_444' title='bbox 1785 2907 1930 2986; x_wconf 88' lang='lat' dir='ltr'>Indaeis,</span> <span class='ocrx_word' id='word_1_445' title='bbox 1961 2930 2065 2991; x_wconf 90' lang='lat' dir='ltr'>neque</span> <span class='ocrx_word' id='word_1_446' title='bbox 2086 2908 2234 2988; x_wconf 81' lang='lat' dir='ltr'>Graecis,</span> 
     </span>
     <span class='ocr_line' id='line_1_31' title="bbox 233 2992 2238 3075; baseline -0.001 -13"><span class='ocrx_word' id='word_1_447' title='bbox 233 2997 378 3062; x_wconf 79' lang='lat' dir='ltr'>vestibus</span> <span class='ocrx_word' id='word_1_448' title='bbox 400 2995 593 3071; x_wconf 90' lang='lat' dir='ltr'>induantur,</span> <span class='ocrx_word' id='word_1_449' title='bbox 619 2995 707 3071; x_wconf 88' lang='lat' dir='ltr'>satis,</span> <span class='ocrx_word' id='word_1_450' title='bbox 729 3013 891 3075; x_wconf 68' lang='lat' dir='ltr'>superque</span> <span class='ocrx_word' id='word_1_451' title='bbox 912 2999 971 3056; x_wconf 89' lang='lat' dir='ltr'>est</span> <span class='ocrx_word' id='word_1_452' title='bbox 1008 2992 1081 3055; x_wconf 90' lang='lat' dir='ltr'>Iam</span> <span class='ocrx_word' id='word_1_453' title='bbox 1102 2992 1209 3057; x_wconf 86' lang='lat' dir='ltr'>soluta</span> <span class='ocrx_word' id='word_1_454' title='bbox 1260 3014 1366 3074; x_wconf 92' lang='lat' dir='ltr'>neque</span> <span class='ocrx_word' id='word_1_455' title='bbox 1383 2992 1537 3058; x_wconf 89' lang='lat' dir='ltr'>ecclesiae</span> <span class='ocrx_word' id='word_1_456' title='bbox 1554 2994 1627 3057; x_wconf 87' lang='lat' dir='ltr'>Dei.</span> <span class='ocrx_word' id='word_1_457' title='bbox 1673 2994 1749 3058; x_wconf 87' lang='lat' dir='ltr'>Alio</span> <span class='ocrx_word' id='word_1_458' title='bbox 1766 2994 1867 3058; x_wconf 89' lang='lat' dir='ltr'>etiarn</span> <span class='ocrx_word' id='word_1_459' title='bbox 1888 2995 1971 3058; x_wconf 88' lang='lat' dir='ltr'>loco:</span> <span class='ocrx_word' id='word_1_460' title='bbox 1995 2996 2029 3057; x_wconf 95' lang='lat' dir='ltr'>in</span> <span class='ocrx_word' id='word_1_461' title='bbox 2052 2994 2238 3060; x_wconf 88' lang='lat' dir='ltr'>libertatem</span> 
     </span>
     <span class='ocr_line' id='line_1_32' title="bbox 234 3077 2237 3158; baseline 0 -11"><span class='ocrx_word' id='word_1_462' title='bbox 234 3090 285 3148; x_wconf 90' lang='lat' dir='ltr'>est</span> <span class='ocrx_word' id='word_1_463' title='bbox 305 3083 516 3158; x_wconf 88' lang='lat' dir='ltr'>conscicntia,</span> <span class='ocrx_word' id='word_1_464' title='bbox 545 3081 597 3145; x_wconf 91' lang='lat' dir='ltr'>cui</span> <span class='ocrx_word' id='word_1_465' title='bbox 621 3081 691 3143; x_wconf 89' lang='lat' dir='ltr'>eins</span> <span class='ocrx_word' id='word_1_466' title='bbox 712 3079 873 3143; x_wconf 89' lang='lat' dir='ltr'>libertatis</span> <span class='ocrx_word' id='word_1_467' title='bbox 894 3077 1089 3142; x_wconf 87' lang='lat' dir='ltr'>beneficium</span> <span class='ocrx_word' id='word_1_468' title='bbox 1111 3077 1208 3142; x_wconf 89' lang='lat' dir='ltr'>debe-</span> <span class='ocrx_word' id='word_1_469' title='bbox 1260 3080 1366 3143; x_wconf 84' lang='lat' dir='ltr'>vocati</span> <span class='ocrx_word' id='word_1_470' title='bbox 1388 3080 1480 3156; x_wconf 88' lang='lat' dir='ltr'>estis,</span> <span class='ocrx_word' id='word_1_471' title='bbox 1507 3080 1640 3158; x_wconf 85' lang='lat' dir='ltr'>fratres,</span> <span class='ocrx_word' id='word_1_472' title='bbox 1669 3088 1799 3143; x_wconf 91' lang='lat' dir='ltr'>tantum</span> <span class='ocrx_word' id='word_1_473' title='bbox 1821 3100 1863 3143; x_wconf 93' lang='lat' dir='ltr'>ne</span> <span class='ocrx_word' id='word_1_474' title='bbox 1885 3080 2068 3145; x_wconf 86' lang='lat' dir='ltr'>libertatem</span> <span class='ocrx_word' id='word_1_475' title='bbox 2090 3091 2237 3147; x_wconf 84' lang='lat' dir='ltr'>vestram</span> 
     </span>
     <span class='ocr_line' id='line_1_33' title="bbox 232 3162 2237 3250; baseline 0 -17"><span class='ocrx_word' id='word_1_476' title='bbox 232 3169 337 3233; x_wconf 88' lang='lat' dir='ltr'>batur.</span> <span class='ocrx_word' id='word_1_477' title='bbox 371 3168 462 3250; x_wconf 83' lang='lat' dir='ltr'>Ergo</span> <span class='ocrx_word' id='word_1_478' title='bbox 479 3166 609 3231; x_wconf 90' lang='lat' dir='ltr'>etiamsi</span> <span class='ocrx_word' id='word_1_479' title='bbox 631 3165 765 3247; x_wconf 88' lang='lat' dir='ltr'>posthac</span> <span class='ocrx_word' id='word_1_480' title='bbox 783 3166 937 3230; x_wconf 89' lang='lat' dir='ltr'>carnibus</span> <span class='ocrx_word' id='word_1_481' title='bbox 957 3170 1027 3228; x_wconf 91' lang='lat' dir='ltr'>tcta</span> <span class='ocrx_word' id='word_1_482' title='bbox 1045 3165 1113 3228; x_wconf 83' lang='lat' dir='ltr'>vita</span> <span class='ocrx_word' id='word_1_483' title='bbox 1134 3164 1208 3229; x_wconf 90' lang='lat' dir='ltr'>abs-</span> <span class='ocrx_word' id='word_1_484' title='bbox 1260 3162 1344 3229; x_wconf 90' lang='lat' dir='ltr'>detis</span> <span class='ocrx_word' id='word_1_485' title='bbox 1365 3165 1400 3228; x_wconf 93' lang='lat' dir='ltr'>in</span> <span class='ocrx_word' id='word_1_486' title='bbox 1422 3166 1624 3230; x_wconf 86' lang='lat' dir='ltr'>occasionem</span> <span class='ocrx_word' id='word_1_487' title='bbox 1644 3165 1746 3244; x_wconf 88' lang='lat' dir='ltr'>carni,</span> <span class='ocrx_word' id='word_1_488' title='bbox 1768 3165 1825 3230; x_wconf 89' lang='lat' dir='ltr'>sed</span> <span class='ocrx_word' id='word_1_489' title='bbox 1846 3186 1906 3249; x_wconf 89' lang='lat' dir='ltr'>per</span> <span class='ocrx_word' id='word_1_490' title='bbox 1923 3166 2094 3232; x_wconf 88' lang='lat' dir='ltr'>caritatem</span> <span class='ocrx_word' id='word_1_491' title='bbox 2117 3170 2237 3233; x_wconf 84' lang='lat' dir='ltr'>servite</span> 
     </span>
     <span class='ocr_line' id='line_1_34' title="bbox 233 3250 2237 3334; baseline 0 -16"><span class='ocrx_word' id='word_1_492' title='bbox 233 3254 373 3329; x_wconf 89' lang='lat' dir='ltr'>tineant,</span> <span class='ocrx_word' id='word_1_493' title='bbox 412 3261 446 3316; x_wconf 92' lang='lat' dir='ltr'>et</span> <span class='ocrx_word' id='word_1_494' title='bbox 476 3252 615 3316; x_wconf 91' lang='lat' dir='ltr'>colorem</span> <span class='ocrx_word' id='word_1_495' title='bbox 652 3272 757 3314; x_wconf 92' lang='lat' dir='ltr'>unum</span> <span class='ocrx_word' id='word_1_496' title='bbox 788 3259 946 3333; x_wconf 88' lang='lat' dir='ltr'>perpetuo</span> <span class='ocrx_word' id='word_1_497' title='bbox 978 3251 1102 3327; x_wconf 83' lang='lat' dir='ltr'>lerant,</span> <span class='ocrx_word' id='word_1_498' title='bbox 1142 3269 1207 3313; x_wconf 90' lang='lat' dir='ltr'>non</span> <span class='ocrx_word' id='word_1_499' title='bbox 1260 3250 1351 3315; x_wconf 85' lang='lat' dir='ltr'>vobis</span> <span class='ocrx_word' id='word_1_500' title='bbox 1372 3252 1513 3316; x_wconf 89' lang='lat' dir='ltr'>invicem</span> <span class='ocrx_word' id='word_1_501' title='bbox 1533 3251 1623 3333; x_wconf 84' lang='lat' dir='ltr'>(Gal.</span> <span class='ocrx_word' id='word_1_502' title='bbox 1644 3255 1672 3328; x_wconf 87' lang='lat'>5,</span> <span class='ocrx_word' id='word_1_503' title='bbox 1695 3252 1757 3334; x_wconf 88' lang='grc'><strong>13).</strong></span> <span class='ocrx_word' id='word_1_504' title='bbox 1803 3252 1856 3316; x_wconf 83' lang='grc' dir='ltr'>Ιῖθ</span> <span class='ocrx_word' id='word_1_505' title='bbox 1878 3260 1928 3316; x_wconf 93' lang='grc' dir='ltr'>θεῖ</span> <span class='ocrx_word' id='word_1_506' title='bbox 1948 3273 2037 3317; x_wconf 89' lang='lat' dir='ltr'>sane.</span> <span class='ocrx_word' id='word_1_507' title='bbox 2082 3254 2237 3319; x_wconf 86' lang='lat' dir='ltr'>Libertas</span> 
     </span>
     <span class='ocr_line' id='line_1_35' title="bbox 233 3335 2236 3420; baseline 0 -16"><span class='ocrx_word' id='word_1_508' title='bbox 233 3340 342 3404; x_wconf 90' lang='lat' dir='ltr'>minus</span> <span class='ocrx_word' id='word_1_509' title='bbox 359 3338 455 3404; x_wconf 91' lang='lat' dir='ltr'>liberi</span> <span class='ocrx_word' id='word_1_510' title='bbox 473 3344 561 3401; x_wconf 88' lang='lat' dir='ltr'>sunt.</span> <span class='ocrx_word' id='word_1_511' title='bbox 596 3337 668 3400; x_wconf 91' lang='lat' dir='ltr'>Imo</span> <span class='ocrx_word' id='word_1_512' title='bbox 690 3336 761 3400; x_wconf 90' lang='lat' dir='ltr'>ideo</span> <span class='ocrx_word' id='word_1_513' title='bbox 783 3338 859 3419; x_wconf 90' lang='lat' dir='ltr'>quia</span> <span class='ocrx_word' id='word_1_514' title='bbox 880 3335 973 3399; x_wconf 89' lang='lat' dir='ltr'>liberi</span> <span class='ocrx_word' id='word_1_515' title='bbox 996 3343 1083 3412; x_wconf 91' lang='lat' dir='ltr'>sunt,</span> <span class='ocrx_word' id='word_1_516' title='bbox 1104 3335 1208 3401; x_wconf 91' lang='lat' dir='ltr'>libera</span> <span class='ocrx_word' id='word_1_517' title='bbox 1259 3343 1372 3401; x_wconf 85' lang='lat' dir='ltr'>nostra</span> <span class='ocrx_word' id='word_1_518' title='bbox 1393 3357 1459 3400; x_wconf 92' lang='lat' dir='ltr'>non</span> <span class='ocrx_word' id='word_1_519' title='bbox 1487 3336 1646 3402; x_wconf 84' lang='lat' dir='ltr'>adversus</span> <span class='ocrx_word' id='word_1_520' title='bbox 1673 3338 1850 3402; x_wconf 90' lang='lat' dir='ltr'>imbecilles</span> <span class='ocrx_word' id='word_1_521' title='bbox 1877 3339 2047 3420; x_wconf 83' lang='lat' dir='ltr'>proximos</span> <span class='ocrx_word' id='word_1_522' title='bbox 2073 3339 2151 3404; x_wconf 91' lang='lat' dir='ltr'>data</span> <span class='ocrx_word' id='word_1_523' title='bbox 2179 3348 2236 3419; x_wconf 89' lang='lat' dir='ltr'>est,</span> 
     </span>
     <span class='ocr_line' id='line_1_36' title="bbox 233 3422 2239 3506; baseline 0 -16"><span class='ocrx_word' id='word_1_524' title='bbox 233 3422 615 3490; x_wconf 85' lang='lat' dir='ltr'>conscientiaabstinent</span> <span class='ocrx_word' id='word_1_525' title='bbox 650 3423 1022 3487; x_wconf 85' lang='lat' dir='ltr'>Pemiciosissimeverc</span> <span class='ocrx_word' id='word_1_526' title='bbox 1039 3422 1206 3499; x_wconf 91' lang='lat' dir='ltr'>labuntur,</span> <span class='ocrx_word' id='word_1_527' title='bbox 1259 3443 1397 3504; x_wconf 88' lang='lat' dir='ltr'>quorum</span> <span class='ocrx_word' id='word_1_528' title='bbox 1425 3444 1485 3486; x_wconf 88' lang='lat' dir='ltr'>nos</span> <span class='ocrx_word' id='word_1_529' title='bbox 1512 3444 1570 3505; x_wconf 88' lang='lat' dir='ltr'>per</span> <span class='ocrx_word' id='word_1_530' title='bbox 1598 3424 1707 3486; x_wconf 90' lang='lat' dir='ltr'>omnia</span> <span class='ocrx_word' id='word_1_531' title='bbox 1733 3444 1845 3489; x_wconf 86' lang='lat' dir='ltr'>servos</span> <span class='ocrx_word' id='word_1_532' title='bbox 1873 3425 1992 3488; x_wconf 87' lang='lat' dir='ltr'>caritas</span> <span class='ocrx_word' id='word_1_533' title='bbox 2019 3427 2151 3506; x_wconf 73' lang='lat' dir='ltr'>statut,</span> <span class='ocrx_word' id='word_1_534' title='bbox 2181 3425 2239 3491; x_wconf 89' lang='lat' dir='ltr'>sed</span> 
     </span>
     <span class='ocr_line' id='line_1_37' title="bbox 233 3504 2237 3609; baseline 0.001 -34"><span class='ocrx_word' id='word_1_535' title='bbox 233 3510 321 3594; x_wconf 87' lang='lat' dir='ltr'>qnod</span> <span class='ocrx_word' id='word_1_536' title='bbox 356 3512 495 3574; x_wconf 76' lang='lat' dir='ltr'>fratrum</span> <span class='ocrx_word' id='word_1_537' title='bbox 529 3509 753 3573; x_wconf 89' lang='lat' dir='ltr'>infirmitatem</span> <span class='ocrx_word' id='word_1_538' title='bbox 789 3508 911 3572; x_wconf 91' lang='lat' dir='ltr'>nullius</span> <span class='ocrx_word' id='word_1_539' title='bbox 945 3510 1040 3590; x_wconf 87' lang='lat' dir='ltr'>pensi</span> <span class='ocrx_word' id='word_1_540' title='bbox 1077 3507 1206 3585; x_wconf 90' lang='lat' dir='ltr'>habent,</span> <span class='ocrx_word' id='word_1_541' title='bbox 1232 3504 1235 3609; x_wconf 73' lang='grc' dir='ltr'>Ι</span> <span class='ocrx_word' id='word_1_542' title='bbox 1259 3510 1381 3592; x_wconf 82' lang='lat' dir='ltr'>magis,</span> <span class='ocrx_word' id='word_1_543' title='bbox 1409 3518 1447 3572; x_wconf 90' lang='lat' dir='ltr'>ut</span> <span class='ocrx_word' id='word_1_544' title='bbox 1472 3529 1587 3591; x_wconf 89' lang='lat' dir='ltr'>pacem</span> <span class='ocrx_word' id='word_1_545' title='bbox 1614 3529 1689 3572; x_wconf 91' lang='lat' dir='ltr'>cum</span> <span class='ocrx_word' id='word_1_546' title='bbox 1719 3511 1790 3574; x_wconf 89' lang='lat' dir='ltr'>Deo</span> <span class='ocrx_word' id='word_1_547' title='bbox 1818 3511 1854 3573; x_wconf 92' lang='lat' dir='ltr'>in</span> <span class='ocrx_word' id='word_1_548' title='bbox 1882 3511 2000 3574; x_wconf 91' lang='lat' dir='ltr'>animis</span> <span class='ocrx_word' id='word_1_549' title='bbox 2029 3513 2150 3577; x_wconf 83' lang='lat' dir='ltr'>nostris</span> <span class='ocrx_word' id='word_1_550' title='bbox 2179 3513 2237 3577; x_wconf 87' lang='lat' dir='ltr'>ha-</span> 
     </span>
     <span class='ocr_line' id='line_1_38' title="bbox 232 3593 2235 3679; baseline 0 -19"><span class='ocrx_word' id='word_1_551' title='bbox 232 3616 332 3679; x_wconf 88' lang='lat' dir='ltr'>quam</span> <span class='ocrx_word' id='word_1_552' title='bbox 361 3597 407 3661; x_wconf 91' lang='lat' dir='ltr'>sic</span> <span class='ocrx_word' id='word_1_553' title='bbox 434 3596 587 3659; x_wconf 90' lang='lat' dir='ltr'>sustineri</span> <span class='ocrx_word' id='word_1_554' title='bbox 611 3617 630 3659; x_wconf 92' lang='lat' dir='ltr'>a</span> <span class='ocrx_word' id='word_1_555' title='bbox 652 3594 745 3660; x_wconf 88' lang='lat' dir='ltr'>nobis</span> <span class='ocrx_word' id='word_1_556' title='bbox 774 3594 875 3671; x_wconf 85' lang='lat' dir='ltr'>decet,</span> <span class='ocrx_word' id='word_1_557' title='bbox 904 3615 947 3658; x_wconf 93' lang='lat' dir='ltr'>ne</span> <span class='ocrx_word' id='word_1_558' title='bbox 974 3593 1053 3676; x_wconf 91' lang='lat' dir='ltr'>quid</span> <span class='ocrx_word' id='word_1_559' title='bbox 1086 3603 1207 3658; x_wconf 91' lang='lat' dir='ltr'>temere</span> <span class='ocrx_word' id='word_1_560' title='bbox 1232 3622 1235 3679; x_wconf 67' lang='grc' dir='ltr'>Ι</span> <span class='ocrx_word' id='word_1_561' title='bbox 1259 3595 1384 3672; x_wconf 93' lang='lat' dir='ltr'>bentes,</span> <span class='ocrx_word' id='word_1_562' title='bbox 1412 3601 1521 3676; x_wconf 81' lang='lat' dir='ltr'>pacate</span> <span class='ocrx_word' id='word_1_563' title='bbox 1549 3596 1648 3659; x_wconf 90' lang='lat' dir='ltr'>etiam</span> <span class='ocrx_word' id='word_1_564' title='bbox 1669 3596 1757 3659; x_wconf 91' lang='lat' dir='ltr'>inter</span> <span class='ocrx_word' id='word_1_565' title='bbox 1779 3596 1928 3660; x_wconf 90' lang='lat' dir='ltr'>homines</span> <span class='ocrx_word' id='word_1_566' title='bbox 1950 3597 2112 3661; x_wconf 67' lang='lat' dir='ltr'>uramus.</span> <span class='ocrx_word' id='word_1_567' title='bbox 2147 3599 2235 3663; x_wconf 91' lang='lat' dir='ltr'>Pha-</span> 
     </span>
     <span class='ocr_line' id='line_1_39' title="bbox 232 3679 2234 3767; baseline 0.001 -21"><span class='ocrx_word' id='word_1_568' title='bbox 232 3681 444 3747; x_wconf 88' lang='lat' dir='ltr'>admittamus</span> <span class='ocrx_word' id='word_1_569' title='bbox 466 3702 542 3746; x_wconf 92' lang='lat' dir='ltr'>cum</span> <span class='ocrx_word' id='word_1_570' title='bbox 569 3702 681 3744; x_wconf 89' lang='lat' dir='ltr'>eornm</span> <span class='ocrx_word' id='word_1_571' title='bbox 708 3679 911 3745; x_wconf 88' lang='lat' dir='ltr'>offendiculo.</span> <span class='ocrx_word' id='word_1_572' title='bbox 956 3681 1082 3744; x_wconf 83' lang='lat' dir='ltr'>Verum</span> <span class='ocrx_word' id='word_1_573' title='bbox 1103 3681 1207 3743; x_wconf 86' lang='lat' dir='ltr'>inter·</span> <span class='ocrx_word' id='word_1_574' title='bbox 1232 3684 1235 3767; x_wconf 69' lang='lat' dir='ltr'>l</span> <span class='ocrx_word' id='word_1_575' title='bbox 1260 3682 1439 3746; x_wconf 91' lang='lat' dir='ltr'>risaecrum</span> <span class='ocrx_word' id='word_1_576' title='bbox 1461 3690 1571 3745; x_wconf 86' lang='lat' dir='ltr'>autem</span> <span class='ocrx_word' id='word_1_577' title='bbox 1592 3680 1728 3746; x_wconf 88' lang='lat' dir='ltr'>offensio</span> <span class='ocrx_word' id='word_1_578' title='bbox 1750 3681 1867 3763; x_wconf 88' lang='lat' dir='ltr'>quanti</span> <span class='ocrx_word' id='word_1_579' title='bbox 1888 3684 1933 3747; x_wconf 90' lang='lat' dir='ltr'>sit</span> <span class='ocrx_word' id='word_1_580' title='bbox 1952 3682 2116 3759; x_wconf 82' lang='lat' dir='ltr'>iacienda,</span> <span class='ocrx_word' id='word_1_581' title='bbox 2139 3683 2234 3748; x_wconf 86' lang='lat' dir='ltr'>disci·</span> 
     </span>
     <span class='ocr_line' id='line_1_40' title="bbox 232 3766 2233 3851; baseline -0.001 -19"><span class='ocrx_word' id='word_1_582' title='bbox 232 3767 312 3832; x_wconf 91' lang='lat' dir='ltr'>dum</span> <span class='ocrx_word' id='word_1_583' title='bbox 340 3787 468 3851; x_wconf 86' lang='lat' dir='ltr'>quoque</span> <span class='ocrx_word' id='word_1_584' title='bbox 494 3768 639 3844; x_wconf 89' lang='lat' dir='ltr'>interest,</span> <span class='ocrx_word' id='word_1_585' title='bbox 667 3787 776 3831; x_wconf 90' lang='lat' dir='ltr'>coram</span> <span class='ocrx_word' id='word_1_586' title='bbox 803 3766 993 3831; x_wconf 90' lang='lat' dir='ltr'>hominibus</span> <span class='ocrx_word' id='word_1_587' title='bbox 1019 3767 1122 3831; x_wconf 89' lang='lat' dir='ltr'>asseri</span> <span class='ocrx_word' id='word_1_588' title='bbox 1149 3786 1208 3829; x_wconf 92' lang='lat' dir='ltr'>no·</span> <span class='ocrx_word' id='word_1_589' title='bbox 1232 3824 1235 3847; x_wconf 83' lang='lat'>,</span> <span class='ocrx_word' id='word_1_590' title='bbox 1259 3789 1334 3834; x_wconf 90' lang='lat' dir='ltr'>mus</span> <span class='ocrx_word' id='word_1_591' title='bbox 1355 3789 1397 3832; x_wconf 87' lang='lat' dir='ltr'>ex</span> <span class='ocrx_word' id='word_1_592' title='bbox 1414 3767 1523 3832; x_wconf 87' lang='lat' dir='ltr'>verbis</span> <span class='ocrx_word' id='word_1_593' title='bbox 1540 3768 1675 3831; x_wconf 89' lang='lat' dir='ltr'>Domini</span> <span class='ocrx_word' id='word_1_594' title='bbox 1693 3767 1826 3849; x_wconf 82' lang='lat' dir='ltr'>(Matth.</span> <span class='ocrx_word' id='word_1_595' title='bbox 1851 3774 1897 3845; x_wconf 84' lang='lat'>15,</span> <span class='ocrx_word' id='word_1_596' title='bbox 1920 3767 1983 3850; x_wconf 84' lang='grc'>14),</span> <span class='ocrx_word' id='word_1_597' title='bbox 2006 3769 2125 3850; x_wconf 89' lang='lat' dir='ltr'>quibus</span> <span class='ocrx_word' id='word_1_598' title='bbox 2145 3768 2233 3832; x_wconf 88' lang='lat' dir='ltr'>iubet</span> 
     </span>
     <span class='ocr_line' id='line_1_41' title="bbox 231 3851 2233 3941; baseline -0.001 -22"><span class='ocrx_word' id='word_1_599' title='bbox 231 3862 334 3919; x_wconf 85' lang='lat' dir='ltr'>atram</span> <span class='ocrx_word' id='word_1_600' title='bbox 366 3852 561 3917; x_wconf 89' lang='lat' dir='ltr'>libertatem.</span> <span class='ocrx_word' id='word_1_601' title='bbox 623 3853 669 3916; x_wconf 83' lang='lat' dir='ltr'>Et</span> <span class='ocrx_word' id='word_1_602' title='bbox 701 3853 761 3917; x_wconf 91' lang='lat' dir='ltr'>hoc</span> <span class='ocrx_word' id='word_1_603' title='bbox 795 3854 911 3929; x_wconf 88' lang='lat' dir='ltr'>l&#39;ateor;</span> <span class='ocrx_word' id='word_1_604' title='bbox 947 3851 1064 3915; x_wconf 90' lang='lat' dir='ltr'>modus</span> <span class='ocrx_word' id='word_1_605' title='bbox 1096 3859 1208 3915; x_wconf 85' lang='lat' dir='ltr'>tamen</span> <span class='ocrx_word' id='word_1_606' title='bbox 1232 3900 1235 3941; x_wconf 54' lang='grc' dir='ltr'>Ι</span> <span class='ocrx_word' id='word_1_607' title='bbox 1259 3855 1364 3918; x_wconf 89' lang='lat' dir='ltr'>omitti</span> <span class='ocrx_word' id='word_1_608' title='bbox 1388 3853 1475 3930; x_wconf 91' lang='lat' dir='ltr'>illos,</span> <span class='ocrx_word' id='word_1_609' title='bbox 1502 3853 1578 3935; x_wconf 91' lang='lat' dir='ltr'>quia</span> <span class='ocrx_word' id='word_1_610' title='bbox 1599 3854 1685 3917; x_wconf 90' lang='lat' dir='ltr'>caeci</span> <span class='ocrx_word' id='word_1_611' title='bbox 1707 3863 1797 3929; x_wconf 89' lang='lat' dir='ltr'>sunt,</span> <span class='ocrx_word' id='word_1_612' title='bbox 1821 3853 1920 3919; x_wconf 90' lang='lat' dir='ltr'>duces</span> <span class='ocrx_word' id='word_1_613' title='bbox 1941 3874 2119 3919; x_wconf 86' lang='lat' dir='ltr'>caecorum.</span> <span class='ocrx_word' id='word_1_614' title='bbox 2164 3853 2233 3918; x_wconf 74' lang='lat' dir='ltr'>Ad·</span> 
     </span>
     <span class='ocr_line' id='line_1_42' title="bbox 232 3938 2233 4022; baseline -0.001 -17"><span class='ocrx_word' id='word_1_615' title='bbox 232 3961 361 4005; x_wconf 89' lang='lat' dir='ltr'>summa</span> <span class='ocrx_word' id='word_1_616' title='bbox 385 3939 536 4004; x_wconf 89' lang='lat' dir='ltr'>cautione</span> <span class='ocrx_word' id='word_1_617' title='bbox 564 3938 725 4003; x_wconf 87' lang='lat' dir='ltr'>tenendus</span> <span class='ocrx_word' id='word_1_618' title='bbox 749 3947 814 4013; x_wconf 89' lang='lat' dir='ltr'>est,</span> <span class='ocrx_word' id='word_1_619' title='bbox 846 3961 888 4002; x_wconf 93' lang='lat' dir='ltr'>ne</span> <span class='ocrx_word' id='word_1_620' title='bbox 917 3939 1123 4000; x_wconf 88' lang='lat' dir='ltr'>infirmorum</span> <span class='ocrx_word' id='word_1_621' title='bbox 1151 3958 1208 4002; x_wconf 94' lang='lat' dir='ltr'>cu·</span> <span class='ocrx_word' id='word_1_622' title='bbox 1232 3948 1235 4005; x_wconf 72' lang='lat' dir='ltr'>i</span> <span class='ocrx_word' id='word_1_623' title='bbox 1259 3947 1458 4003; x_wconf 92' lang='lat' dir='ltr'>monuerant</span> <span class='ocrx_word' id='word_1_624' title='bbox 1491 3938 1656 4020; x_wconf 89' lang='lat' dir='ltr'>discipuli,</span> <span class='ocrx_word' id='word_1_625' title='bbox 1693 3959 1748 4003; x_wconf 90' lang='lat' dir='ltr'>eos</span> <span class='ocrx_word' id='word_1_626' title='bbox 1778 3961 1926 4005; x_wconf 89' lang='lat' dir='ltr'>sermone</span> <span class='ocrx_word' id='word_1_627' title='bbox 1959 3941 2060 4022; x_wconf 87' lang='lat' dir='ltr'>ipsius</span> <span class='ocrx_word' id='word_1_628' title='bbox 2093 3939 2233 4003; x_wconf 82' lang='lat' dir='ltr'>offensos</span> 
     </span>
     <span class='ocr_line' id='line_1_43' title="bbox 231 4022 2233 4109; baseline 0 -20"><span class='ocrx_word' id='word_1_629' title='bbox 231 4045 318 4102; x_wconf 91' lang='lat' dir='ltr'>ram,</span> <span class='ocrx_word' id='word_1_630' title='bbox 347 4046 426 4107; x_wconf 89' lang='lat' dir='ltr'>quos</span> <span class='ocrx_word' id='word_1_631' title='bbox 453 4026 545 4090; x_wconf 91' lang='lat' dir='ltr'>nobis</span> <span class='ocrx_word' id='word_1_632' title='bbox 575 4033 744 4107; x_wconf 86' lang='lat' dir='ltr'>tantopere</span> <span class='ocrx_word' id='word_1_633' title='bbox 766 4025 930 4089; x_wconf 90' lang='lat' dir='ltr'>Dominus</span> <span class='ocrx_word' id='word_1_634' title='bbox 956 4022 1206 4100; x_wconf 86' lang='lat' dir='ltr'>commendavit,</span> <span class='ocrx_word' id='word_1_635' title='bbox 1233 4024 1235 4051; x_wconf 85' lang='lat'><strong>¹</strong></span> <span class='ocrx_word' id='word_1_636' title='bbox 1259 4026 1366 4089; x_wconf 88' lang='lat' dir='ltr'>fnisse.</span> <span class='ocrx_word' id='word_1_637' title='bbox 1412 4023 1601 4108; x_wconf 90' lang='lat' dir='ltr'>Respondet</span> <span class='ocrx_word' id='word_1_638' title='bbox 1622 4025 1849 4109; x_wconf 81' lang='lat' dir='ltr'>negligendos,</span> <span class='ocrx_word' id='word_1_639' title='bbox 1880 4047 1941 4091; x_wconf 92' lang='lat' dir='ltr'>nec</span> <span class='ocrx_word' id='word_1_640' title='bbox 1963 4023 2139 4091; x_wconf 85' lang='lat' dir='ltr'>curandam</span> <span class='ocrx_word' id='word_1_641' title='bbox 2161 4047 2233 4090; x_wconf 91' lang='lat' dir='ltr'>esse</span> 
     </span>
     <span class='ocr_line' id='line_1_44' title="bbox 231 4110 1616 4176; baseline -0.001 -2"><span class='ocrx_word' id='word_1_642' title='bbox 231 4110 429 4176; x_wconf 91' lang='lat' dir='ltr'>abiiciamus.</span> <span class='ocrx_word' id='word_1_643' title='bbox 1260 4132 1373 4176; x_wconf 87' lang='lat' dir='ltr'>eorum</span> <span class='ocrx_word' id='word_1_644' title='bbox 1394 4111 1616 4174; x_wconf 84' lang='lat' dir='ltr'>offensionem.</span> 
     </span>
    </p>

    <p class='ocr_par' dir='ltr' id='par_1_5' title="bbox 139 4193 2239 5309">
     <span class='ocr_line' id='line_1_45' title="bbox 321 4193 2235 4280; baseline 0.002 -22"><span class='ocrx_word' id='word_1_645' title='bbox 321 4201 368 4260; x_wconf 95' lang='lat' dir='ltr'>ll.</span> <span class='ocrx_word' id='word_1_646' title='bbox 413 4195 532 4260; x_wconf 90' lang='lat' dir='ltr'>Dicam</span> <span class='ocrx_word' id='word_1_647' title='bbox 563 4197 617 4260; x_wconf 93' lang='lat' dir='ltr'>hic</span> <span class='ocrx_word' id='word_1_648' title='bbox 649 4197 759 4277; x_wconf 89' lang='lat' dir='ltr'>itaque</span> <span class='ocrx_word' id='word_1_649' title='bbox 788 4195 828 4258; x_wconf 91' lang='lat' dir='ltr'>de</span> <span class='ocrx_word' id='word_1_650' title='bbox 856 4193 1018 4258; x_wconf 90' lang='lat' dir='ltr'>scandalis</span> <span class='ocrx_word' id='word_1_651' title='bbox 1046 4194 1206 4273; x_wconf 91' lang='lat' dir='ltr'>nonnihil,</span> <span class='ocrx_word' id='word_1_652' title='bbox 1348 4200 1395 4260; x_wconf 84' lang='lat'>12.</span> <span class='ocrx_word' id='word_1_653' title='bbox 1441 4197 1510 4261; x_wconf 89' lang='lat' dir='ltr'>Res</span> <span class='ocrx_word' id='word_1_654' title='bbox 1530 4204 1643 4261; x_wconf 90' lang='lat' dir='ltr'>tamen</span> <span class='ocrx_word' id='word_1_655' title='bbox 1664 4195 1771 4262; x_wconf 92' lang='lat' dir='ltr'>adhuc</span> <span class='ocrx_word' id='word_1_656' title='bbox 1792 4197 1918 4262; x_wconf 88' lang='lat' dir='ltr'>incerta</span> <span class='ocrx_word' id='word_1_657' title='bbox 1939 4195 2070 4280; x_wconf 91' lang='lat' dir='ltr'>pendet,</span> <span class='ocrx_word' id='word_1_658' title='bbox 2099 4198 2164 4261; x_wconf 90' lang='lat' dir='ltr'>nisi</span> <span class='ocrx_word' id='word_1_659' title='bbox 2187 4208 2235 4267; x_wconf 77' lang='lat' dir='ltr'>tc-</span> 
     </span>
     <span class='ocr_line' id='line_1_46' title="bbox 232 4280 2235 4366; baseline 0 -20"><span class='ocrx_word' id='word_1_660' title='bbox 232 4302 296 4365; x_wconf 91' lang='lat' dir='ltr'>qnc</span> <span class='ocrx_word' id='word_1_661' title='bbox 313 4283 348 4346; x_wconf 92' lang='lat' dir='ltr'>in</span> <span class='ocrx_word' id='word_1_662' title='bbox 367 4281 554 4348; x_wconf 90' lang='lat' dir='ltr'>discrimine</span> <span class='ocrx_word' id='word_1_663' title='bbox 576 4281 727 4346; x_wconf 90' lang='lat' dir='ltr'>habenda</span> <span class='ocrx_word' id='word_1_664' title='bbox 749 4281 822 4357; x_wconf 89' lang='lat' dir='ltr'>sint,</span> <span class='ocrx_word' id='word_1_665' title='bbox 846 4301 929 4361; x_wconf 89' lang='lat' dir='ltr'>quac</span> <span class='ocrx_word' id='word_1_666' title='bbox 947 4280 1100 4353; x_wconf 87' lang='lat' dir='ltr'>cavenda,</span> <span class='ocrx_word' id='word_1_667' title='bbox 1124 4301 1207 4362; x_wconf 91' lang='lat' dir='ltr'>qnae</span> <span class='ocrx_word' id='word_1_668' title='bbox 1260 4302 1397 4346; x_wconf 89' lang='lat' dir='ltr'>neamus</span> <span class='ocrx_word' id='word_1_669' title='bbox 1436 4284 1491 4364; x_wconf 91' lang='lat' dir='ltr'>qui</span> <span class='ocrx_word' id='word_1_670' title='bbox 1523 4283 1618 4346; x_wconf 90' lang='lat' dir='ltr'>nobis</span> <span class='ocrx_word' id='word_1_671' title='bbox 1653 4283 1720 4346; x_wconf 87' lang='lat' dir='ltr'>sint·</span> <span class='ocrx_word' id='word_1_672' title='bbox 1760 4283 1902 4348; x_wconf 87' lang='lat' dir='ltr'>habendi</span> <span class='ocrx_word' id='word_1_673' title='bbox 1938 4283 2076 4359; x_wconf 89' lang='lat' dir='ltr'>infirmi,</span> <span class='ocrx_word' id='word_1_674' title='bbox 2111 4293 2145 4347; x_wconf 90' lang='lat' dir='ltr'>et</span> <span class='ocrx_word' id='word_1_675' title='bbox 2178 4285 2235 4366; x_wconf 91' lang='lat' dir='ltr'>qui</span> 
     </span>
     <span class='ocr_line' id='line_1_47' title="bbox 230 4365 2234 4452; baseline 0 -18"><span class='ocrx_word' id='word_1_676' title='bbox 230 4370 309 4434; x_wconf 88' lang='lat' dir='ltr'>item</span> <span class='ocrx_word' id='word_1_677' title='bbox 336 4368 545 4452; x_wconf 80' lang='lat' dir='ltr'>negligenda:</span> <span class='ocrx_word' id='word_1_678' title='bbox 579 4367 667 4431; x_wconf 91' lang='lat' dir='ltr'>unde</span> <span class='ocrx_word' id='word_1_679' title='bbox 693 4376 807 4448; x_wconf 89' lang='lat' dir='ltr'>postea</span> <span class='ocrx_word' id='word_1_680' title='bbox 828 4372 974 4430; x_wconf 89' lang='lat' dir='ltr'>statuere</span> <span class='ocrx_word' id='word_1_681' title='bbox 994 4365 1104 4443; x_wconf 91' lang='lat' dir='ltr'>liceat,</span> <span class='ocrx_word' id='word_1_682' title='bbox 1133 4367 1207 4450; x_wconf 87' lang='lat' dir='ltr'>quis</span> <span class='ocrx_word' id='word_1_683' title='bbox 1259 4368 1445 4446; x_wconf 89' lang='lat' dir='ltr'>Pharisaei;</span> <span class='ocrx_word' id='word_1_684' title='bbox 1473 4389 1536 4450; x_wconf 93' lang='lat' dir='ltr'>quo</span> <span class='ocrx_word' id='word_1_685' title='bbox 1563 4368 1752 4433; x_wconf 89' lang='lat' dir='ltr'>discrimine</span> <span class='ocrx_word' id='word_1_686' title='bbox 1777 4368 1919 4447; x_wconf 88' lang='lat' dir='ltr'>sublato,</span> <span class='ocrx_word' id='word_1_687' title='bbox 1947 4390 2012 4434; x_wconf 91' lang='lat' dir='ltr'>non</span> <span class='ocrx_word' id='word_1_688' title='bbox 2039 4368 2135 4433; x_wconf 84' lang='lat' dir='ltr'>video</span> <span class='ocrx_word' id='word_1_689' title='bbox 2163 4371 2234 4452; x_wconf 90' lang='lat' dir='ltr'>quis</span> 
     </span>
     <span class='ocr_line' id='line_1_48' title="bbox 232 4450 2234 4541; baseline 0 -23"><span class='ocrx_word' id='word_1_690' title='bbox 232 4455 276 4519; x_wconf 90' lang='lat' dir='ltr'>sit</span> <span class='ocrx_word' id='word_1_691' title='bbox 306 4457 394 4518; x_wconf 88' lang='lat' dir='ltr'>inter</span> <span class='ocrx_word' id='word_1_692' title='bbox 427 4453 576 4519; x_wconf 89' lang='lat' dir='ltr'>homines</span> <span class='ocrx_word' id='word_1_693' title='bbox 608 4453 750 4517; x_wconf 90' lang='lat' dir='ltr'>libertati</span> <span class='ocrx_word' id='word_1_694' title='bbox 783 4460 913 4516; x_wconf 85' lang='lat' dir='ltr'>nostrae</span> <span class='ocrx_word' id='word_1_695' title='bbox 944 4450 1044 4516; x_wconf 91' lang='lat' dir='ltr'>locus.</span> <span class='ocrx_word' id='word_1_696' title='bbox 1093 4451 1209 4518; x_wconf 89' lang='lat' dir='ltr'>Placet</span> <span class='ocrx_word' id='word_1_697' title='bbox 1232 4458 1236 4541; x_wconf 73' lang='lat' dir='ltr'>l</span> <span class='ocrx_word' id='word_1_698' title='bbox 1260 4475 1395 4539; x_wconf 89' lang='lat' dir='ltr'>prorsus</span> <span class='ocrx_word' id='word_1_699' title='bbox 1416 4463 1519 4535; x_wconf 80' lang='lat' dir='ltr'>restet</span> <span class='ocrx_word' id='word_1_700' title='bbox 1539 4455 1626 4518; x_wconf 84' lang='lat' dir='ltr'>inter</span> <span class='ocrx_word' id='word_1_701' title='bbox 1647 4454 1842 4520; x_wconf 89' lang='lat' dir='ltr'>offensiones</span> <span class='ocrx_word' id='word_1_702' title='bbox 1870 4455 2032 4519; x_wconf 91' lang='lat' dir='ltr'>libertatis</span> <span class='ocrx_word' id='word_1_703' title='bbox 2061 4476 2150 4533; x_wconf 89' lang='lat' dir='ltr'>usus,</span> <span class='ocrx_word' id='word_1_704' title='bbox 2179 4456 2234 4537; x_wconf 92' lang='lat' dir='ltr'>qni</span> 
     </span>
     <span class='ocr_line' id='line_1_49' title="bbox 231 4537 2233 4623; baseline -0 -18"><span class='ocrx_word' id='word_1_705' title='bbox 231 4547 341 4605; x_wconf 90' lang='lat' dir='ltr'>antem</span> <span class='ocrx_word' id='word_1_706' title='bbox 368 4541 515 4623; x_wconf 82' lang='lat' dir='ltr'>vulgaris</span> <span class='ocrx_word' id='word_1_707' title='bbox 543 4539 601 4602; x_wconf 91' lang='lat' dir='ltr'>illa</span> <span class='ocrx_word' id='word_1_708' title='bbox 626 4538 773 4620; x_wconf 91' lang='lat' dir='ltr'>partitio,</span> <span class='ocrx_word' id='word_1_709' title='bbox 802 4558 884 4619; x_wconf 87' lang='lat' dir='ltr'>qnae</span> <span class='ocrx_word' id='word_1_710' title='bbox 905 4537 1097 4602; x_wconf 91' lang='lat' dir='ltr'>scandalum</span> <span class='ocrx_word' id='word_1_711' title='bbox 1118 4538 1208 4604; x_wconf 92' lang='lat' dir='ltr'>alind</span> <span class='ocrx_word' id='word_1_712' title='bbox 1232 4566 1235 4613; x_wconf 68' lang='grc' dir='ltr'>Ι</span> <span class='ocrx_word' id='word_1_713' title='bbox 1259 4561 1427 4623; x_wconf 90' lang='lat' dir='ltr'>nunquam</span> <span class='ocrx_word' id='word_1_714' title='bbox 1454 4540 1524 4604; x_wconf 89' lang='lat' dir='ltr'>sine</span> <span class='ocrx_word' id='word_1_715' title='bbox 1551 4560 1679 4604; x_wconf 89' lang='lat' dir='ltr'>summo</span> <span class='ocrx_word' id='word_1_716' title='bbox 1700 4541 1843 4622; x_wconf 88' lang='lat' dir='ltr'>periculo</span> <span class='ocrx_word' id='word_1_717' title='bbox 1864 4541 1957 4605; x_wconf 87' lang='lat' dir='ltr'>forat</span> <span class='ocrx_word' id='word_1_718' title='bbox 2001 4541 2129 4605; x_wconf 83' lang='lat' dir='ltr'>Verum</span> <span class='ocrx_word' id='word_1_719' title='bbox 2152 4541 2233 4604; x_wconf 92' lang='lat' dir='ltr'>mihi</span> 
     </span>
     <span class='ocr_line' id='line_1_50' title="bbox 231 4622 2234 4707; baseline -0 -16"><span class='ocrx_word' id='word_1_720' title='bbox 231 4625 359 4703; x_wconf 65' lang='lat' dir='ltr'>danim</span> <span class='ocrx_word' id='word_1_721' title='bbox 387 4627 477 4690; x_wconf 91' lang='lat' dir='ltr'>alind</span> <span class='ocrx_word' id='word_1_722' title='bbox 500 4631 682 4707; x_wconf 88' lang='lat' dir='ltr'>acceptum,</span> <span class='ocrx_word' id='word_1_723' title='bbox 711 4622 825 4702; x_wconf 79' lang='lat' dir='ltr'>tradit:</span> <span class='ocrx_word' id='word_1_724' title='bbox 851 4623 980 4707; x_wconf 86' lang='lat' dir='ltr'>quando</span> <span class='ocrx_word' id='word_1_725' title='bbox 1002 4632 1036 4688; x_wconf 93' lang='lat' dir='ltr'>et</span> <span class='ocrx_word' id='word_1_726' title='bbox 1057 4634 1208 4707; x_wconf 89' lang='lat' dir='ltr'>apertum</span> <span class='ocrx_word' id='word_1_727' title='bbox 1232 4628 1235 4691; x_wconf 86' lang='lat' dir='ltr'>l</span> <span class='ocrx_word' id='word_1_728' title='bbox 1260 4627 1438 4693; x_wconf 85' lang='lat' dir='ltr'>clarissime</span> <span class='ocrx_word' id='word_1_729' title='bbox 1466 4626 1630 4690; x_wconf 87' lang='lat' dir='ltr'>definiisse</span> <span class='ocrx_word' id='word_1_730' title='bbox 1659 4625 1787 4690; x_wconf 88' lang='lat' dir='ltr'>videtur</span> <span class='ocrx_word' id='word_1_731' title='bbox 1812 4626 1954 4705; x_wconf 92' lang='lat' dir='ltr'>Paulus,</span> <span class='ocrx_word' id='word_1_732' title='bbox 1987 4636 2058 4691; x_wconf 92' lang='lat' dir='ltr'>tum</span> <span class='ocrx_word' id='word_1_733' title='bbox 2087 4627 2234 4691; x_wconf 89' lang='lat' dir='ltr'>doctrina</span> 
     </span>
     <span class='ocr_line' id='line_1_51' title="bbox 231 4709 2234 4795; baseline -0 -17"><span class='ocrx_word' id='word_1_734' title='bbox 231 4713 414 4793; x_wconf 89' lang='lat' dir='ltr'>scripturae</span> <span class='ocrx_word' id='word_1_735' title='bbox 435 4712 660 4777; x_wconf 83' lang='lat' dir='ltr'>testimonium</span> <span class='ocrx_word' id='word_1_736' title='bbox 688 4709 799 4787; x_wconf 89' lang='lat' dir='ltr'>habet,</span> <span class='ocrx_word' id='word_1_737' title='bbox 827 4727 888 4774; x_wconf 89' lang='lat' dir='ltr'>nec</span> <span class='ocrx_word' id='word_1_738' title='bbox 915 4711 1026 4794; x_wconf 86' lang='lat' dir='ltr'>inepte</span> <span class='ocrx_word' id='word_1_739' title='bbox 1052 4712 1209 4793; x_wconf 82' lang='lat' dir='ltr'>exprimit</span> <span class='ocrx_word' id='word_1_740' title='bbox 1233 4710 1236 4775; x_wconf 82' lang='lat' dir='ltr'>i</span> <span class='ocrx_word' id='word_1_741' title='bbox 1260 4720 1332 4777; x_wconf 88' lang='lat' dir='ltr'>tum</span> <span class='ocrx_word' id='word_1_742' title='bbox 1350 4712 1511 4795; x_wconf 81' lang='lat' dir='ltr'>exemplis</span> <span class='ocrx_word' id='word_1_743' title='bbox 1538 4722 1699 4794; x_wconf 83' lang='lat' dir='ltr'>quatenns</span> <span class='ocrx_word' id='word_1_744' title='bbox 1727 4711 1779 4776; x_wconf 87' lang='lat' dir='ltr'>vcl</span> <span class='ocrx_word' id='word_1_745' title='bbox 1806 4712 2006 4777; x_wconf 89' lang='lat' dir='ltr'>moderanda</span> <span class='ocrx_word' id='word_1_746' title='bbox 2032 4715 2076 4777; x_wconf 92' lang='lat' dir='ltr'>sit</span> <span class='ocrx_word' id='word_1_747' title='bbox 2101 4712 2234 4779; x_wconf 88' lang='lat' dir='ltr'>libertas</span> 
     </span>
     <span class='ocr_line' id='line_1_52' title="bbox 139 4792 2235 4881; baseline -0.002 -14"><span class='ocrx_word' id='word_1_748' title='bbox 139 4854 144 4867; x_wconf 87' lang='lat'>.</span> <span class='ocrx_word' id='word_1_749' title='bbox 231 4797 316 4881; x_wconf 88' lang='lat' dir='ltr'>quod</span> <span class='ocrx_word' id='word_1_750' title='bbox 339 4799 510 4881; x_wconf 81' lang='lat' dir='ltr'>significat</span> <span class='ocrx_word' id='word_1_751' title='bbox 544 4795 582 4861; x_wconf 78' lang='lat' dir='ltr'>Si</span> <span class='ocrx_word' id='word_1_752' title='bbox 599 4796 677 4879; x_wconf 91' lang='lat' dir='ltr'>quid</span> <span class='ocrx_word' id='word_1_753' title='bbox 698 4797 886 4879; x_wconf 90' lang='lat' dir='ltr'>importuna</span> <span class='ocrx_word' id='word_1_754' title='bbox 907 4804 964 4860; x_wconf 90' lang='lat' dir='ltr'>aut</span> <span class='ocrx_word' id='word_1_755' title='bbox 984 4797 1126 4873; x_wconf 85' lang='lat' dir='ltr'>levitate,</span> <span class='ocrx_word' id='word_1_756' title='bbox 1152 4805 1209 4861; x_wconf 90' lang='lat' dir='ltr'>ant</span> <span class='ocrx_word' id='word_1_757' title='bbox 1232 4792 1236 4869; x_wconf 83' lang='lat' dir='ltr'>l</span> <span class='ocrx_word' id='word_1_758' title='bbox 1260 4807 1382 4876; x_wconf 88' lang='lat' dir='ltr'>nostra,</span> <span class='ocrx_word' id='word_1_759' title='bbox 1401 4800 1452 4864; x_wconf 86' lang='lat' dir='ltr'>vel</span> <span class='ocrx_word' id='word_1_760' title='bbox 1466 4798 1670 4863; x_wconf 86' lang='lat' dir='ltr'>offendiculis</span> <span class='ocrx_word' id='word_1_761' title='bbox 1687 4796 1885 4862; x_wconf 89' lang='lat' dir='ltr'>redimenda.</span> <span class='ocrx_word' id='word_1_762' title='bbox 1908 4799 2235 4881; x_wconf 74' lang='lat' dir='ltr'>&#39;l&#39;imothenmqnnm</span> 
     </span>
     <span class='ocr_line' id='line_1_53' title="bbox 231 4878 2235 4969; baseline 0 -23"><span class='ocrx_word' id='word_1_763' title='bbox 231 4882 380 4957; x_wconf 88' lang='lat' dir='ltr'>lascivia,</span> <span class='ocrx_word' id='word_1_764' title='bbox 408 4893 467 4947; x_wconf 93' lang='lat' dir='ltr'>aut</span> <span class='ocrx_word' id='word_1_765' title='bbox 488 4885 687 4962; x_wconf 83' lang='lat' dir='ltr'>temeritate,</span> <span class='ocrx_word' id='word_1_766' title='bbox 715 4904 782 4946; x_wconf 93' lang='lat' dir='ltr'>non</span> <span class='ocrx_word' id='word_1_767' title='bbox 804 4883 931 4959; x_wconf 90' lang='lat' dir='ltr'>ordine,</span> <span class='ocrx_word' id='word_1_768' title='bbox 960 4905 1021 4948; x_wconf 90' lang='lat' dir='ltr'>ncc</span> <span class='ocrx_word' id='word_1_769' title='bbox 1049 4902 1109 4947; x_wconf 91' lang='lat' dir='ltr'>sno</span> <span class='ocrx_word' id='word_1_770' title='bbox 1137 4883 1208 4948; x_wconf 90' lang='lat' dir='ltr'>loco</span> <span class='ocrx_word' id='word_1_771' title='bbox 1233 4878 1236 4929; x_wconf 83' lang='lat' dir='ltr'>l</span> <span class='ocrx_word' id='word_1_772' title='bbox 1260 4886 1295 4948; x_wconf 92' lang='lat' dir='ltr'>in</span> <span class='ocrx_word' id='word_1_773' title='bbox 1327 4885 1529 4950; x_wconf 89' lang='lat' dir='ltr'>consortium</span> <span class='ocrx_word' id='word_1_774' title='bbox 1561 4905 1658 4946; x_wconf 89' lang='lat' dir='ltr'>suum</span> <span class='ocrx_word' id='word_1_775' title='bbox 1688 4894 1883 4961; x_wconf 86' lang='lat' dir='ltr'>assumeret,</span> <span class='ocrx_word' id='word_1_776' title='bbox 1917 4884 2122 4949; x_wconf 90' lang='lat' dir='ltr'>circumcidit</span> <span class='ocrx_word' id='word_1_777' title='bbox 2145 4885 2235 4969; x_wconf 85' lang='lat' dir='ltr'>(Act</span> 
     </span>
     <span class='ocr_line' id='line_1_54' title="bbox 231 4966 2239 5054; baseline 0.001 -22"><span class='ocrx_word' id='word_1_778' title='bbox 231 4968 341 5045; x_wconf 84' lang='lat' dir='ltr'>facias,</span> <span class='ocrx_word' id='word_1_779' title='bbox 364 4990 428 5052; x_wconf 91' lang='lat' dir='ltr'>quo</span> <span class='ocrx_word' id='word_1_780' title='bbox 449 4970 594 5053; x_wconf 90' lang='lat' dir='ltr'>imperiti</span> <span class='ocrx_word' id='word_1_781' title='bbox 614 4968 856 5051; x_wconf 74' lang='lat' dir='ltr'>imbecillesque</span> <span class='ocrx_word' id='word_1_782' title='bbox 873 4968 1091 5047; x_wconf 83' lang='lat' dir='ltr'>offendantur,</span> <span class='ocrx_word' id='word_1_783' title='bbox 1114 4990 1208 5034; x_wconf 89' lang='lat' dir='ltr'>scan-</span> <span class='ocrx_word' id='word_1_784' title='bbox 1264 4975 1312 5048; x_wconf 84' lang='grc'>16,</span> <span class='ocrx_word' id='word_1_785' title='bbox 1332 4970 1381 5054; x_wconf 83' lang='grc'>3);</span> <span class='ocrx_word' id='word_1_786' title='bbox 1409 4971 1524 5034; x_wconf 73' lang='lat' dir='ltr'>Titum</span> <span class='ocrx_word' id='word_1_787' title='bbox 1550 4975 1590 5032; x_wconf 90' lang='lat' dir='ltr'>ut</span> <span class='ocrx_word' id='word_1_788' title='bbox 1614 4966 1862 5033; x_wconf 89' lang='lat' dir='ltr'>circumcideret</span> <span class='ocrx_word' id='word_1_789' title='bbox 1888 4968 2005 5034; x_wconf 89' lang='lat' dir='ltr'>adduci</span> <span class='ocrx_word' id='word_1_790' title='bbox 2032 4990 2102 5033; x_wconf 89' lang='lat' dir='ltr'>non</span> <span class='ocrx_word' id='word_1_791' title='bbox 2130 4972 2239 5053; x_wconf 90' lang='lat' dir='ltr'>potnit</span> 
     </span>
     <span class='ocr_line' id='line_1_55' title="bbox 233 5051 2238 5140; baseline 0.003 -24"><span class='ocrx_word' id='word_1_792' title='bbox 233 5051 345 5116; x_wconf 85' lang='lat' dir='ltr'>dalcm</span> <span class='ocrx_word' id='word_1_793' title='bbox 377 5055 435 5119; x_wconf 90' lang='lat' dir='ltr'>abs</span> <span class='ocrx_word' id='word_1_794' title='bbox 462 5063 495 5119; x_wconf 85' lang='lat' dir='ltr'>te</span> <span class='ocrx_word' id='word_1_795' title='bbox 527 5052 641 5117; x_wconf 92' lang='lat' dir='ltr'>datum</span> <span class='ocrx_word' id='word_1_796' title='bbox 672 5054 813 5133; x_wconf 90' lang='lat' dir='ltr'>dicetur;</span> <span class='ocrx_word' id='word_1_797' title='bbox 845 5054 1001 5138; x_wconf 89' lang='lat' dir='ltr'>qnoniam</span> <span class='ocrx_word' id='word_1_798' title='bbox 1028 5062 1085 5118; x_wconf 88' lang='lat' dir='ltr'>tua</span> <span class='ocrx_word' id='word_1_799' title='bbox 1113 5055 1209 5139; x_wconf 90' lang='lat' dir='ltr'>culpa</span> <span class='ocrx_word' id='word_1_800' title='bbox 1261 5054 1351 5140; x_wconf 80' lang='lat' dir='ltr'>(Gal.</span> <span class='ocrx_word' id='word_1_801' title='bbox 1370 5059 1400 5133; x_wconf 82' lang='lat'>2,</span> <span class='ocrx_word' id='word_1_802' title='bbox 1420 5054 1464 5138; x_wconf 89' lang='lat'>3).</span> <span class='ocrx_word' id='word_1_803' title='bbox 1507 5054 1650 5119; x_wconf 79' lang='lat' dir='ltr'>Diversa</span> <span class='ocrx_word' id='word_1_804' title='bbox 1665 5053 1766 5130; x_wconf 84' lang='lat' dir='ltr'>facta3</span> <span class='ocrx_word' id='word_1_805' title='bbox 1787 5054 1881 5118; x_wconf 91' lang='lat' dir='ltr'>nulla</span> <span class='ocrx_word' id='word_1_806' title='bbox 1902 5054 2028 5121; x_wconf 91' lang='lat' dir='ltr'>consilii</span> <span class='ocrx_word' id='word_1_807' title='bbox 2049 5077 2111 5122; x_wconf 91' lang='lat' dir='ltr'>nec</span> <span class='ocrx_word' id='word_1_808' title='bbox 2133 5056 2238 5121; x_wconf 89' lang='lat' dir='ltr'>animi</span> 
     </span>
     <span class='ocr_line' id='line_1_56' title="bbox 232 5138 2238 5273; baseline 0.002 -71"><span class='ocrx_word' id='word_1_809' title='bbox 232 5139 356 5202; x_wconf 83' lang='lat' dir='ltr'>factum</span> <span class='ocrx_word' id='word_1_810' title='bbox 378 5141 485 5216; x_wconf 83' lang='lat' dir='ltr'>fuerit,</span> <span class='ocrx_word' id='word_1_811' title='bbox 508 5146 546 5202; x_wconf 88' lang='lat' dir='ltr'>nt</span> <span class='ocrx_word' id='word_1_812' title='bbox 567 5138 726 5202; x_wconf 88' lang='lat' dir='ltr'>eiusmodi</span> <span class='ocrx_word' id='word_1_813' title='bbox 746 5141 884 5204; x_wconf 87' lang='lat' dir='ltr'>offensio</span> <span class='ocrx_word' id='word_1_814' title='bbox 905 5141 1125 5205; x_wconf 88' lang='lat' dir='ltr'>suscitaretur.</span> <span class='ocrx_word' id='word_1_815' title='bbox 1159 5142 1209 5206; x_wconf 84' lang='lat' dir='ltr'>Ac</span> <span class='ocrx_word' id='word_1_816' title='bbox 1232 5156 1236 5273; x_wconf 91' lang='grc' dir='ltr'>Ι</span> <span class='ocrx_word' id='word_1_817' title='bbox 1260 5142 1406 5205; x_wconf 85' lang='lat' dir='ltr'>mutatio.</span> <span class='ocrx_word' id='word_1_818' title='bbox 1444 5140 1570 5220; x_wconf 90' lang='lat' dir='ltr'>Nempe</span> <span class='ocrx_word' id='word_1_819' title='bbox 1591 5139 1627 5201; x_wconf 92' lang='lat' dir='ltr'>in</span> <span class='ocrx_word' id='word_1_820' title='bbox 1647 5138 1908 5204; x_wconf 90' lang='lat' dir='ltr'>circumcidendo</span> <span class='ocrx_word' id='word_1_821' title='bbox 1930 5141 2111 5220; x_wconf 74' lang='lat' dir='ltr'>Timotheo,</span> <span class='ocrx_word' id='word_1_822' title='bbox 2132 5140 2238 5226; x_wconf 66' lang='lat' dir='ltr'>auum</span> 
     </span>
     <span class='ocr_line' id='line_1_57' title="bbox 233 5223 2239 5309; baseline 0.003 -21"><span class='ocrx_word' id='word_1_823' title='bbox 233 5223 368 5289; x_wconf 91' lang='lat' dir='ltr'>omnino</span> <span class='ocrx_word' id='word_1_824' title='bbox 387 5224 577 5290; x_wconf 84' lang='lat' dir='ltr'>scandalum</span> <span class='ocrx_word' id='word_1_825' title='bbox 598 5223 635 5286; x_wconf 96' lang='lat' dir='ltr'>in</span> <span class='ocrx_word' id='word_1_826' title='bbox 652 5244 688 5287; x_wconf 83' lang='lat' dir='ltr'>rc</span> <span class='ocrx_word' id='word_1_827' title='bbox 707 5225 817 5306; x_wconf 84' lang='lat' dir='ltr'>aliqua</span> <span class='ocrx_word' id='word_1_828' title='bbox 832 5225 947 5290; x_wconf 79' lang='lat' dir='ltr'>damni</span> <span class='ocrx_word' id='word_1_829' title='bbox 964 5226 1093 5304; x_wconf 74' lang='lat' dir='ltr'>dicitu,</span> <span class='ocrx_word' id='word_1_830' title='bbox 1116 5229 1210 5292; x_wconf 84' lang='lat' dir='ltr'>cuius</span> <span class='ocrx_word' id='word_1_831' title='bbox 1259 5227 1342 5292; x_wconf 90' lang='lat' dir='ltr'>liber</span> <span class='ocrx_word' id='word_1_832' title='bbox 1359 5235 1446 5291; x_wconf 75' lang='lat' dir='ltr'>esset</span> <span class='ocrx_word' id='word_1_833' title='bbox 1462 5223 1505 5288; x_wconf 91' lang='lat' dir='ltr'>ab</span> <span class='ocrx_word' id='word_1_834' title='bbox 1520 5223 1682 5302; x_wconf 90' lang='lat' dir='ltr'>omnibus,</span> <span class='ocrx_word' id='word_1_835' title='bbox 1704 5223 1857 5292; x_wconf 86' lang='lat' dir='ltr'>omnibus</span> <span class='ocrx_word' id='word_1_836' title='bbox 1873 5227 2085 5309; x_wconf 86' lang='lat' dir='ltr'>semetipsum</span> <span class='ocrx_word' id='word_1_837' title='bbox 2101 5249 2239 5294; x_wconf 85' lang='lat' dir='ltr'>servum</span> 
     </span>
    </p>
   </div>
   <div class='ocr_carea' id='block_1_3' title="bbox 0 0 2345 5842">
    <p class='ocr_par' dir='ltr' id='par_1_6' title="bbox 0 0 2345 5842">
     <span class='ocr_line' id='line_1_58' title="bbox 0 0 2345 5842; baseline 0 0"><span class='ocrx_word' id='word_1_838' title='bbox 0 0 2345 5842; x_wconf 95' lang='lat' dir='ltr'> </span> 
     </span>
    </p>
   </div>
  </div>
 </body>
</html>
