4672 5842
139 316 152 338 ·
234 303 296 365 575
882 291 1149 361 INe'fflU'PIO
1170 291 1275 357 REL.
1298 290 1480 358 eumer.
1505 295 1597 356 1559.
2178 295 2243 357 576

322 493 368 550 16.
425 486 521 549 Duae
554 493 633 549 sunt
666 485 873 567 potissimum
905 480 999 544 nobis
1032 475 1211 560 abigendae
1236 499 1238 503 ⁴
1263 481 1317 546 hic
1345 481 1446 546 habes
1468 480 1572 545 veluti
1599 482 1771 545 materiam
1801 503 1864 564 qua
1890 483 1985 548 nobis
2013 482 2139 547 iustitia
2165 478 2244 548 con-

233 576 294 640 hac
326 581 418 655 parte
447 593 489 635 ex
517 572 635 636 animis
666 582 788 653 pestes:
822 590 864 632 no
897 564 975 649 quid
1007 565 1043 628 in
1076 583 1211 644 operum
1263 567 1372 632 ficitur
1379 591 1387 645 3
1426 589 1484 649 per
1516 565 1615 630 fidem
1643 568 1679 629 in
1712 569 1873 652 sanguino
1900 569 2017 651 ipsius:
2059 568 2112 633 hic
2145 589 2246 635 causa

232 657 668 740 iusfitiafiduciacponant,
692 653 833 738 nequid
855 653 921 716 illis
943 651 1066 734 gloriae
1088 648 1210 713 adseri·
1236 650 1475 728 {instrumenti
1509 652 1706 729 ostenditur,
1739 675 1805 736 qua
1833 654 1960 719 Christi
1992 655 2118 719 iustitia
2151 655 2246 721 nobis

159 754 164 767 “
232 747 319 812 bant.
367 743 508 809 Fiducia
529 742 672 827 qualibet
693 763 753 807 nos
775 740 897 824 passim
920 737 1088 820 depellunt
1109 735 1211 816 scrip·
1264 739 1454 821 applicatur.
1500 739 1671 803 Postremo
1693 740 1862 823 subiungit
1882 742 1997 817 finem,
2025 762 2129 822 quum
2151 740 2244 807 dicit:

231 840 340 908 turae,
368 852 471 912 quum
494 830 611 894 docent
632 829 773 892 iustitias
799 847 913 890 omnes
940 831 1069 887 nostras
1091 820 1211 884 foetere
1263 825 1298 888 in
1332 824 1644 890 demonstrationem
1675 826 1821 890 iustitiae
1859 827 1976 908 ipsius,
2017 835 2055 889 ut
2092 827 2136 889 sit
2174 827 2246 910 ipse

231 918 268 982 in
291 917 355 981 Dei
378 923 567 998 conspectu,
596 915 659 978 nisi
680 935 700 977 a
722 912 848 978 Christi
875 909 1063 974 innocentia
1088 906 1212 971 bonum
1264 911 1380 989 iustus,
1409 922 1441 975 et
1470 911 1651 976 iustificans
1681 932 1758 974 eum
1785 913 1840 993 qui
1870 923 1920 976 est
1947 935 1987 977 cx
2019 910 2083 977 fide
2106 911 2244 978 Christi

231 1003 364 1069 odorem
394 1000 528 1080 duoant;
563 999 645 1064 nihil
676 1020 774 1081 quam
801 998 932 1061 irritare
960 994 1024 1058 Dei
1052 992 1211 1056 ultionem
1263 998 1373 1079 Atque
1406 997 1458 1080 (ut
1492 996 1595 1061 obiter
1636 1018 1763 1079 quoque
1799 997 1933 1062 denotet
1963 999 2124 1062 iustitiam
2158 999 2246 1064 hanc

231 1111 336 1174 posse,
360 1089 424 1153 nisi
446 1085 685 1152 misericordiae
708 1086 778 1149 eius
799 1082 1004 1166 indulgentia
1026 1078 1211 1175 sustinean-¹
1236 1100 1239 1215 Ι
1263 1083 1525 1148 reconciliatione
1547 1085 1710 1166 constare)
1733 1084 1928 1148 nominatim
1949 1085 2050 1167 ponit,
2072 1083 2246 1150 Christum

231 1184 297 1240 tur.
343 1177 396 1239 Ita
424 1194 521 1258 porro
551 1172 635 1236 nihil
663 1172 826 1253 reliquum
853 1167 946 1232 nobis
975 1165 1113 1242 faciunt,
1148 1164 1211 1227 nisi
1236 1221 1239 1247 ,
1264 1166 1376 1232 datum
1404 1191 1475 1234 esse
1502 1169 1537 1231 in
1567 1169 1872 1234 reconciliationem.
1917 1168 1975 1235 Sic
2002 1177 2037 1234 et
2067 1171 2173 1254 primo
2199 1172 2246 1236 ad

232 1271 271 1326 ut
295 1261 436 1326 iudicem
463 1269 611 1325 nostrum
639 1256 863 1340 deprecemur,
892 1274 967 1318 cum
993 1251 1050 1314 illa
1071 1249 1211 1314 Davidis
1263 1255 1426 1338 Ephesios
1455 1255 1561 1337 capite
1588 1255 1680 1320 docet
1704 1277 1762 1319 nos
1785 1257 1886 1339 recipi
1909 1278 1928 1320 a
1948 1257 2021 1320 Deo
2043 1257 2078 1320 in
2099 1257 2245 1341 gratiam

232 1340 445 1425 confessione,
479 1346 645 1409 neminem
675 1339 888 1407 iustificatum
919 1339 961 1402 iri
988 1356 1098 1401 coram
1131 1337 1209 1416 ipso,
1263 1363 1305 1405 er
1327 1362 1419 1404 mera
1439 1341 1663 1406 misericordia
1670 1365 1679 1420 ;
1701 1341 1736 1405 id
1756 1343 1828 1406 fieri
1852 1342 1978 1407 Christi
2000 1343 2264 1433 intercessione„

232 1435 261 1500 si
294 1435 454 1498 rationem
488 1453 507 1495 a
535 1429 639 1494 servis
671 1430 738 1494 suis
770 1435 918 1510 reposcat
944 1423 1140 1508 (Psillis,
1165 1424 1209 1504 2).
1264 1426 1327 1491 fide
1350 1424 1553 1511 apprehendi
1560 1451 1568 1506 ;
1597 1428 1707 1491 omnia
1734 1428 1770 1491 in
1792 1428 1880 1493 hunc
1902 1429 2019 1507 finem,
2048 1435 2086 1492 ut
2111 1426 2245 1495 divinae

239 1518 300 1586 Ubi
331 1525 433 1583 661661
464 1518 523 1582 Iob
553 1517 619 1594 (10,
652 1516 706 1596 15)
734 1514 826 1578 dicit:
858 1513 887 1575 si
919 1511 1017 1591 impio
1050 1508 1116 1591 ogi,
1150 1527 1211 1570 vae
1264 1512 1418 1578 bonitatis
1450 1513 1554 1597 gloria
1584 1513 1627 1577 ad
1658 1513 1794 1595 plenum
1826 1514 1960 1578 eluceat.
2006 1512 2119 1594 Quum
2151 1513 2246 1580 vide-

231 1605 328 1683 mihi;
357 1605 384 1669 si
407 1610 509 1668 autem
530 1604 634 1680 iuste,
662 1622 723 1665 nee
751 1600 798 1664 sic
825 1599 873 1663 eri
973 1604 1083 1677 ceput:
1113 1614 1212 1673 quati*
1264 1620 1357 1664 amus
1378 1621 1491 1664 omnes
1514 1599 1628 1665 salutis
1648 1607 1779 1664 nostrae
1800 1600 1979 1683 particulas
2000 1601 2048 1664 ita
2067 1608 2163 1665 extra
2183 1623 2245 1667 nos

232 1711 327 1773 quaer
354 1692 479 1771 respicit
505 1689 548 1753 od
574 1707 730 1752 stemmata
760 1685 848 1749 illam
869 1618 951 1746 §bin
960 1680 1132 1757 iustitiam,
1160 1680 1211 1777 cai
1263 1694 1420 1764 constare,
1450 1685 1529 1767 quid
1556 1683 1719 1767 estquod
1745 1687 1812 1749 iam
1839 1686 1991 1768 operibus
2018 1686 2071 1752 vel
2099 1687 2245 1753 confida-

231 1798 269 1842 ne
295 1777 399 1858 669611
428 1775 554 1857 quidem
581 1774 774 1853 6661661661,
807 1770 904 1834 Simul
936 1773 1038 1831 161161
1070 1765 1210 1861 03161111,
1264 1793 1338 1836 mus
1357 1772 1410 1836 vel
1432 1771 1632 1853 gloriemur?
1670 1772 1738 1835 Nec
1756 1770 1796 1835 dc
1814 1773 1984 1850 efficiente,
2008 1793 2069 1837 nec
2089 1772 2130 1837 de
2150 1774 2245 1838 finali

230 1862 284 1926 abi
313 1864 356 1926 ad
382 1861 446 1925 Dei
477 1862 632 1925 iodicium
660 1859 797 1934 vertitur,
830 1855 914 1919 61111
945 1858 1062 1917 restore
1094 1856 1213 1916 6666116
1264 1858 1519 1922 controversiam
1551 1859 1644 1922 nobis
1674 1878 1806 1922 movere
1839 1867 1976 1940 possunt
2007 1858 2061 1922 vel
2094 1861 2243 1924 coniura-

230 1949 414 2013 mortolibus
433 1949 497 2011 reici
514 1952 549 2010 at
568 1946 781 2010 concrescant.
824 1941 902 2005 Non
919 1940 1008 2004 enim
1026 1959 1063 2001 eo
1081 1946 1212 2000 tantum
1264 1944 1381 2007 tissimi
1399 1943 1529 2008 divinae
1548 1945 1673 2027 gratiae
1692 1943 1810 2020 hostes,
1834 1945 1898 2009 nisi
1921 1954 2024 2009 tetam
2046 1946 2245 2028 scripturam

230 2036 375 2117 pertinet
396 2032 482 2115 quod
510 2031 624 2097 cedere
653 2031 740 2094 ultro
763 2027 857 2092 malit
878 2047 977 2109 quam
999 2044 1076 2087 cum
1098 2021 1211 2106 ligidi·
1264 2028 1426 2112 abnegare
1448 2030 1561 2094 velint.
1606 2031 1647 2094 In
1668 2030 1830 2095 materiali
1853 2038 1887 2094 et
1910 2030 2040 2095 formali
2060 2031 2173 2096 fucum
2194 2034 2243 2097 16-

231 2127 298 2184 tatc
319 2120 382 2182 Doi
401 2119 580 2203 periculose
603 2124 738 2192 certare,
761 2113 819 2177 sed
840 2113 1004 2195 significat
1024 2130 1092 2173 non
1113 2109 1212 2206 aliam
1263 2115 1362 2192 oium,
1390 2116 1484 2197 quoni
1508 2115 1714 2180 dimidiatum
1741 2138 1816 2181 oum
1842 2115 1908 2180 fido
1930 2116 2120 2266 Ghniodtpuo
2148 2119 2243 2183 iunti.

231 2208 372 2271 sensisse
393 2226 469 2269 eum
487 2207 522 2269 in
540 2226 575 2268 sc
593 2204 664 2285 ipso
686 2201 856 2277 iustitiam,
880 2219 979 2280 quarn
1002 2215 1084 2278 quae
1106 2215 1211 2275 pruno
1263 2202 1337 2265 titia
1364 2201 1472 2266 locum
1501 2223 1599 2284 opera
1625 2209 1739 2267 nostra
1766 2210 1907 2266 teneant
1954 2201 2062 2267 Sodi
2116 2225 2243 2287 quoque

232 2301 397 2356 momente
415 2299 502 2354 esset
520 2312 539 2354 a
557 2290 638 2353 faeie
656 2287 721 2351 Del
739 2285 932 2368 eollapeura.
976 2282 1106 2346 Enete
1127 2278 1210 2344 fidu·
1263 2289 1426 2370 scriptura
1454 2288 1666 2353 reclamante:
1693 2309 1776 2369 quaa
1803 2295 1837 2352 at
1858 2287 2029 2354 Christum
2057 2289 2152 2355 nobis
2173 2311 2244 2355 ogga

231 2377 283 2441 cia
315 2377 542 2461 gloriationem
573 2395 700 2456 quoque
733 2393 864 2437 omnem
890 2371 1049 2433 facessere
1079 2386 1211 2430 necesse
1263 2373 1299 2437 iu
1326 2373 1484 2438 iustitiam
1515 2383 1549 2439 ot
1579 2376 1682 2438 vitam
1711 2374 1902 2456 simpliciter
1929 2376 2087 2452 affirmat,
2122 2386 2156 2441 et
2182 2377 2243 2442 hoc

231 2469 291 2528 est.
337 2461 421 2542 Quis
449 2463 537 2526 enim
566 2460 709 2524 iustitiae
730 2457 861 2523 laudem
883 2455 1030 2537 assignet
1049 2452 1210 2534 operibus,
1263 2461 1407 2524 iustitiae
1430 2460 1553 2524 bonum
1572 2460 1642 2524 sola
1663 2458 1728 2523 fide
1750 2459 1916 2543 possideri

231 2569 371 2632 quorum
398 2547 595 2612 confidentia
616 2544 757 2628 trepidet
778 2565 798 2618 a
820 2541 885 2606 Dei
904 2537 1103 2621 conspectu?
1156 2537 1211 2635 Ve
1353 2550 1400 2610 18,
1446 2544 1543 2626 Quod
1583 2554 1693 2610 autom
1731 2546 1937 2612 innooontioo
1979 2547 2243 2630 iutogdtotinqno

230 2635 380 2700 61661661
406 2655 477 2718 erpo
504 2654 564 2716 qao
591 2653 647 2696 cos
671 2636 757 2696 vocet
780 2628 906 2694 Iecaias
927 2626 994 2710 (45,
1015 2625 1086 2707 25),
1116 2629 1149 2687 “i
1175 2644 1211 2687 tn
1264 2652 1342 2696 suae
1370 2632 1529 2696 memoria
1556 2631 1760 2713 saepiuscule
1787 2634 1892 2697 sancti
1919 2654 1954 2697 se
1982 2635 2178 2697 confirmant
2202 2654 2242 2698 ac

231 2719 301 2786 Deo
328 2721 472 2785 audam
499 2741 536 2784 oc
566 2719 717 2802 plorietm
743 2736 830 2780 mnne
856 2734 957 2778 seren
986 2710 1106 2789 Iacet·
1135 2710 1212 2806 6616
1262 2719 1486 2796 consolantur,
1513 2739 1574 2783 nco
1595 2719 1695 2782 ctiam
1716 2718 1757 2782 ab
1780 2739 1819 2784 ea
1838 2717 2056 2801 praedicanda
2074 2717 2241 2784 interdum

231 2809 431 2871 verissimum
453 2807 600 2887 estquod
621 2803 700 2868 61111
721 2802 881 2884 (1161(61,
903 2799 948 2883 3),
970 2818 1026 2862 ’1108
1042 2796 1211 2877 paneae
1264 2805 1441 2881 abstinent,
1476 2804 1510 2868 id
1541 2806 1580 2869 fit
1609 2802 1772 2867 bifariam:
1806 2804 1859 2868 vel
1890 2803 1975 2886 quod
2001 2805 2119 2869 bonam
2144 2824 2242 2869 suam

231 2913 302 2957 nem
323 2913 388 2958 esse
413 2894 535 2977 pieriae
556 2892 629 2956 Dei.
674 2890 751 2953 Rite
773 2908 851 2970 ergo
873 2898 943 2949 tum
966 2893 1127 2966 purgatus
1149 2882 1212 2945 erit
1264 2912 1396 2956 causam
1418 2911 1495 2955 cum
1516 2890 1604 2955 mala
1624 2891 1800 2971 impiorum
1821 2911 1921 2954 causa
1942 2888 2168 2973 comparando,
2190 2912 2241 2956 se-

233 2980 379 3056 animus,
402 2999 504 3060 quum
527 2998 587 3042 nec
610 2977 644 3039 111
666 2974 785 3040 fidutia
806 2993 942 3055 Operum
964 2970 1033 3033 ¹1ssss
1055 2990 1096 3031 0¹
1117 2978 1211 3050 Parte
1263 2978 1437 3041 curitatem
1459 2976 1535 3040 inde
1557 2977 1713 3041 victoriae
1740 2976 1940 3058 concipiunt,
1973 2998 2040 3040 non
2068 2985 2137 3040 tam
2164 2998 2242 3042 suae

232 3065 410 3139 recumbet,
429 3064 542 3128 necin
560 3062 664 3146 gloria
682 3059 867 3125 exsultabit
912 3056 966 3121 Ad
983 3055 1084 3119 falsae
1102 3063 1213 3151 autem
1263 3063 1407 3127 iintitioo
1432 3061 1712 3127 commendatione
1740 3084 1840 3144 quoin
1867 3063 1953 3127 iuntn
1980 3063 2163 3144 monituque
2185 3063 2242 3128 nd.

233 3155 267 3212 et
294 3148 461 3212 mendacis
489 3149 585 3213 istius
613 3147 750 3212 fiduciae
779 3149 895 3210 flatum
917 3143 1035 3206 stultos
1063 3140 1212 3204 hommes
1264 3150 1483 3213 versariorum
1506 3147 1729 3224 damnatione;
1750 3147 1803 3213 vel
1825 3148 1912 3231 quod
1929 3149 2029 3213 ctiam
2046 3149 2119 3213 sine
2137 3149 2243 3215 aliena

232 3233 288 3299 hio
309 3254 401 3298 orror
423 3234 556 3312 animat,
579 3232 666 3316 quod
689 3252 768 3296 suae
790 3230 904 3297 salutis
926 3247 1060 3293 causam
1082 3226 1116 3288 in
1136 3247 1212 3308 ope-
1237 3224 1240 3263 ¹
1264 3235 1513 3316 oomporotiono‚
1533 3232 1612 3298 dum
1631 3255 1667 3298 oo
1685 3255 1794 3298 odram
1806 3233 1878 3299 Doo
1890 3244 2137 3317 rooognonount,
2160 3258 2242 3300 non.

233 3319 324 3385 ribus
347 3341 475 3402 semper
497 3319 614 3384 locant.
1264 3321 1391 3385 nullam
1411 3320 1477 3384 illis
1496 3328 1529 3383 ct
1550 3318 1804 3384 consolationem
1824 3328 1858 3383 et
1872 3319 2027 3386 fiduciam
2049 3321 2148 3386 affert
2169 3344 2243 3405 pro·

324 3410 370 3468 17.
416 3405 557 3483 Verum,
591 3406 619 3469 si
646 3414 787 3486 quatuor
813 3420 986 3466 causarum
1013 3417 1134 3482 genera
1160 3419 1212 3461 re·
1263 3408 1354 3488 prino
1375 3406 1589 3471 conscientiae
1611 3406 1745 3487 puritas.
1790 3406 1842 3471 De
1860 3407 1969 3488 priore
1986 3408 2115 3472 ratione
2131 3415 2244 3490 postea

233 3492 404 3574 spicirnus,
434 3512 517 3573 quae
542 3491 577 3554 in
599 3510 711 3553 rerum
738 3489 856 3553 effectu
883 3483 1090 3550 considerare
1117 3504 1212 3565 prae·
1264 3490 1460 3570 videbimusf;
1482 3513 1570 3556 nunc
1593 3490 1632 3555 de
1654 3492 1831 3573 posteriorc
1849 3493 1995 3557 breviter
2013 3493 2242 3576 expediamus:

233 3578 358 3659 eipiuni
380 3577 574 3659 philosophi,
596 3575 727 3639 nullum
748 3595 862 3638 eorum
882 3571 1085 3653 reperiemus
1105 3570 1212 3652 operi·
1264 3577 1424 3660 quomodo
1455 3598 1530 3643 oum
1563 3599 1600 3641 eo
1632 3577 1807 3642 conveniat
1834 3577 1926 3660 quod
1956 3600 2057 3663 supra
2090 3579 2241 3656 diximus,

233 3663 295 3728 bus
317 3664 352 3726 111
375 3662 603 3727 corstitucnde
630 3662 736 3726 61111116
763 3668 875 3725 nostre
901 3658 1084 3721 convenire.
1129 3656 1212 3719 Effi-
1264 3663 1356 3728 nulla
1384 3685 1455 3729 assa
1482 3664 1518 3727 in
1540 3664 1604 3727 Dei
1632 3663 1751 3728 iudicio
1774 3685 1911 3746 operum
1933 3664 2054 3731 fiducia
2074 3666 2243 3730 subnitan-

232 3749 375 3814 cientem
414 3749 504 3812 enim
541 3748 629 3813 vitae
664 3756 816 3811 aeternae
848 3743 942 3809 nobis
975 3740 1212 3839 comparandae
1265 3749 1352 3828 dum,
1371 3750 1464 3814 nullo
1481 3771 1594 3814 sorum
1610 3750 1763 3831 opinione
1780 3750 1998 3833 gloriandum.
2035 3751 2242 3899 Haecffiro

168 3901 176 3913 ,
232 3854 366 3900 oausam
395 3834 514 3917 ubique
540 3835 703 3916 scriptura
731 3831 898 3915 praedicat
930 3829 1032 3911 patris
1065 3827 1212 3891 6661θὸ111
1264 3837 1491 3901 convenientia
1519 3844 1569 3901 cst
1597 3835 1683 3918 quod
1710 3838 1828 3914 sancti,
1862 3858 1965 3919 quum
1999 3837 2049 3902 de
2072 3838 2132 3901 fun
2198 3835 2243 3900 da

232 3918 490 3985 misericordiam
517 3930 552 3984 et
579 3920 758 4003 gratuitam
789 3939 869 4002 erga
900 3935 962 3980 nos
990 3914 1196 3978 dilectionem
1201 3936 1212 3992 ;
1264 3923 1551 4003 constituendaque
1586 3921 1691 3986 saluto
1726 3944 1786 3986 ouo
1821 3922 1947 4005 agitur,
1986 3924 2067 3988 oitro
2104 3942 2242 4003 oportun

232 4006 438 4070 materialem
460 4028 546 4082 vero,
566 4005 737 4070 Christum
759 4026 836 4070 oum
857 4022 917 4068 sua
938 3999 1131 4078 obedientia,
1153 4020 1213 4080 per
1264 4015 1447 4091 respectum
1469 4009 1504 4071 in
1521 4007 1625 4072 solani
1642 4007 1707 4071 Dei
1724 4008 1904 4073 bonitatem
1927 4007 2033 4075 cordos
2054 4006 2241 4071 intendunt

233 4112 332 4175 quam
354 4093 447 4156 nobis
468 4093 629 4157 iustitiam
650 4091 830 4172 acqrusivit
876 4086 1066 4184 Formalem
1083 4105 1211 4167 quoquc
1264 4094 1378 4175 Noquo
1406 4094 1448 4158 ad
1475 4115 1548 4158 oum
1574 4091 1671 4157 modo
1694 4104 1769 4159 nuto
1791 4096 1902 4159 omnin
1923 4105 1981 4160 tun
2002 4113 2078 4157 uam
2099 4092 2143 4157 od
2164 4093 2243 4158 boo·

233 4177 287 4243 vel
309 4178 595 4242 instrumentalem
623 4198 722 4260 quam
743 4198 814 4241 esse
836 4174 981 4240 dicemus
1002 4193 1067 4236 msr
1088 4170 1209 4235 fidem?
1263 4180 1413 4244 titudinis
1434 4179 1641 4262 ominium,
1664 4202 1699 4245 oo
1722 4188 1926 4259 oonvortnnt
2026 4189 2186 4262 tanquam
2207 4180 2243 4244 in

232 4263 343 4346 Atque
371 4271 438 4328 tres
465 4264 564 4329 simul
592 4265 672 4329 istae
693 4284 761 4327 11116
783 4261 945 4327 sententia
966 4256 1212 4340 comprehendit
1264 4266 1499 4348 complemento
1538 4266 1781 4349 conquiescunt,
1838 4265 1895 4332 Sia
1934 4266 2083 4345 fundata,
2123 4274 2242 4346 ereata,

231 4348 389 4427 Ioannes,
412 4372 513 4432 quum
536 4350 615 4415 dicit
637 4350 682 4431 (3,
705 4354 772 4431 lei:
797 4350 843 4413 sic
864 4346 957 4411 Deus
978 4343 1211 4408 (1116ιὶ161116-
1264 4351 1409 4416 stabilita
1434 4353 1632 4418 conscientia
1659 4374 1795 4434 operum
1828 4374 1955 4435 quoque
1986 4350 2243 4418 consideratione

232 4434 312 4500 dum
334 4444 372 4499 ut
392 4436 498 4501 filium
519 4437 726 4520 unigenitum
749 4434 856 4512 daret,
878 4441 917 4496 ut
937 4431 1044 4496 omnis
1063 4432 1119 4512 qui
1140 4451 1211 4496 cre·
1265 4438 1442 4518 stabilitur;
1484 4447 1645 4521 quatenus
1685 4439 1808 4505 scilicet
1847 4441 2036 4505 testimonia
2070 4447 2148 4503 sunt
2179 4439 2242 4504 Dei

233 4520 282 4585 dit
302 4524 336 4586 in
358 4544 433 4587 eum
455 4544 521 4587 non
541 4532 662 4605 pereat,
688 4520 744 4586 sed
767 4522 887 4585 habeat
907 4519 1010 4584 vitam
1033 4528 1209 4582 aeternam
1263 4525 1298 4588 in
1330 4524 1424 4589 nobis
1457 4525 1636 4591 habitantis
1664 4546 1702 4590 so
1734 4527 1911 4609 regnantis,
1964 4525 2107 4607 Quando
2139 4524 2244 4608 igitur

232 4607 336 4672 Porro
364 4609 497 4674 finalem
530 4616 670 4673 testatur
697 4607 862 4690 apostolus
895 4624 982 4683 esse,
1015 4610 1049 4668 et
1081 4602 1211 4668 divinae
1263 4610 1388 4675 isthaec
1411 4632 1548 4693 operum
1569 4611 1689 4677 fiducia
1711 4611 1819 4676 locum
1836 4611 2033 4690 nonhabet,
2057 4611 2123 4677 nisi
2140 4618 2243 4676 totam

231 4693 377 4759 iustitiae
400 4695 726 4772 demonstrationem,
757 4702 790 4757 et
810 4692 966 4758 bonitatis
986 4689 1132 4767 laudem,
1155 4688 1211 4753 ubi
1263 4697 1354 4779 prius
1376 4698 1479 4761 animi
1496 4697 1650 4763 fiduoinm
1666 4698 1701 4761 in
1719 4697 1976 4764 misorioordinm
1995 4698 2061 4764 Doi
2081 4697 2242 4774 roiooeris,

233 4786 267 4844 61
289 4781 369 4844 eliae
391 4788 458 4845 tres
481 4781 612 4846 disertis
634 4781 744 4846 verbis
766 4788 1007 4845 commemorat.
1044 4774 1101 4842 Sie
1123 4776 1212 4838 6111111
1262 4803 1332 4846 non
1354 4781 1450 4849 dabat
1469 4785 1519 4849 illi
1535 4783 1640 4849 videri
1658 4785 1820 4849 contraria
1840 4784 1928 4849 unda
1949 4784 2079 4867 pandet,
2120 4781 2242 4863 ere,

234 4862 275 4928 ad
303 4866 470 4931 Romanos
498 4866 642 4950 loquitur
671 4868 716 4952 (3,
742 4866 813 4950 23):
843 4886 957 4930 omnes
982 4868 1210 4959 peccaverunt,
1264 4866 1343 4933 dum
1375 4891 1512 4953 operum
1543 4869 1697 4935 fiduciam
1731 4870 1952 4949 excludimus,
1993 4870 2055 4936 hoc
2090 4869 2243 4934 volumus

234 4957 267 5013 et
284 4961 383 5033 egent
400 4953 504 5036 gloria
521 4954 585 5017 Dei
590 4978 598 5033 ;
620 4954 840 5018 iustificantur
857 4960 969 5016 autem
988 4950 1091 5034 gratis
1108 4949 1211 5033 ipsius
1264 4954 1439 5035 duntaxat,
1467 4978 1509 5021 ne
1534 4976 1628 5020 mens
1654 4955 1834 5021 christiana
1855 4957 1898 5023 ad
1918 4977 2057 5041 operum
2077 4956 2242 5034 meritum,

233 5036 353 5118 gratia:
389 5038 443 5103 hio
470 5039 571 5104 habes
599 5047 697 5121 caput
724 5046 758 5104 et
784 5039 929 5120 primum
954 5038 1092 5117 fontem,
1126 5035 1213 5120 quod
1262 5042 1355 5106 velut
1375 5040 1418 5105 ad
1438 5041 1553 5106 salutis
1576 5039 1773 5120 subsidium,
1800 5043 2003 5121 reflectatur,
2032 5040 2089 5108 sed
2110 5043 2244 5124 penitus

233 5119 327 5185 Deus
346 5145 406 5188 nos
428 5125 571 5208 gratuite
592 5123 814 5189 misericordia
835 5123 1025 5206 complexus
1047 5134 1105 5189 est
1150 5122 1211 5190 Se·
1262 5126 1403 5192 resideat
1424 5127 1458 5191 in
1487 5127 1632 5210 gratuita
1655 5127 1800 5192 iustitiae
1821 5130 2042 5211 promissione.
2086 5128 2165 5193 Non
2186 5148 2244 5195 ve-

233 5207 360 5290 quitur:
382 5231 441 5292 per
459 5209 715 5293 redemptionem
736 5231 820 5294 quae
842 5219 892 5277 est
912 5211 949 5275 in
967 5209 1100 5277 Christo
1117 5210 1210 5277 Iesu:
1263 5219 1373 5278 tamus
1412 5220 1523 5277 autem
1552 5233 1600 5277 nc
1634 5211 1765 5278 divinae
1803 5234 1883 5298 erga
1921 5236 1957 5282 se
1996 5214 2242 5281 benevolentiae
