4672 5842
169 280 232 343 903
815 268 1082 391 mammo
1104 270 1209 337 REL.
1232 268 1413 338 onmes.
1437 273 1528 335 1559.
2110 271 2175 333 904

168 464 297 541 teritus,
316 463 446 527 urbium
464 460 670 545 direptiones,
689 459 976 540 aliarnmexeidia,
996 460 1144 544 gentium
1195 460 1250 524 nbi
1268 459 1423 542 profanae
1440 459 1681 526 controversiae
1699 459 1877 542 agitantur.
1913 458 2034 523 Merite
2053 459 2092 522 in
2111 458 2176 524 hae

171 549 287 626 elades,
307 548 506 614 vastationes
524 568 709 647 regnorum,
728 545 955 610 tantummodo
973 555 1012 610 ιιι
1029 546 1143 610 alienis
1196 567 1232 610 re
1260 545 1331 609 eius
1360 546 1575 610 constantiam
1603 543 1741 610 laudant
1768 564 1890 609 omnes.
1935 545 1982 609 Et
2002 551 2117 608 tamen
2139 545 2175 608 in

171 634 323 701 dominiis
357 653 494 698 manum
527 634 688 719 inliciant,
722 652 806 713 quae
840 631 958 696 tahbus
986 631 1144 714 exemplis
1195 631 1280 696 bona
1307 652 1404 696 eausa
1432 652 1470 695 eo
1492 651 1594 713 usque
1622 629 1840 714 progreditur,
1868 638 1906 695 ut
1933 631 1960 695 si
1982 629 2024 695 ad
2046 630 2119 694 vim
2142 639 2176 696 et

192 719 344 785 uniendis
366 720 516 785 sufficere
537 725 677 801 possunt
699 716 932 782 anathemata?
973 715 1071 781 Certe
1093 717 1143 780 ni-
1195 737 1331 781 manum
1353 723 1490 780 ventum
1511 716 1619 793 brerit,
1643 736 1810 781 cessurum
1838 737 1873 781 se
1895 715 1990 782 dieat.
2036 717 2174 794 Volens,

169 742 217 872 hil
240 827 295 870 eos
320 805 431 869 minus
452 824 607 887 quaerere
636 823 734 884 quam
756 800 883 866 Christi
910 801 1058 886 gloriam,
1082 803 1143 865 mi-
1195 803 1311 884 inquit,
1325 800 1350 885 ¹)
1372 801 1481 867 locum
1502 802 1584 865 mihi
1606 802 1814 868 commissum
1841 822 1910 866 non
1931 801 2082 867 deseram
2089 827 2097 881 ;
2120 825 2175 868 co·

170 894 259 957 nime
277 892 450 956 obscurum
469 900 527 955 est.
563 889 648 952 Nam
671 889 698 952 si
721 888 756 950 in
778 888 969 952 universum
987 886 1143 971 quidquid
1196 896 1288 953 actus
1309 908 1494 970 repugnare
1513 907 1580 952 nen
1601 889 1687 966 novi,
1710 909 1802 952 arma
1819 889 1906 952 enim
1924 897 2036 953 nostra
2057 910 2175 970 preces

136 1040 140 1048 ,
169 976 292 1043 habent
320 975 494 1041 saecularis
523 973 693 1057 potestatis
720 981 834 1055 sponte
861 973 1037 1056 resignent,
1069 973 1143 1037 nul·
1196 981 1273 1038 sunt
1300 980 1333 1037 et
1359 974 1409 1037 lae
1486 995 1532 1038 ae
1581 973 1804 1038 Observemus
1829 974 2031 1058 singularem
2063 976 2174 1041 saneti

169 1061 239 1128 lum
267 1061 390 1161 gloriae
419 1061 499 1138 Dei,
528 1059 655 1123 nullum
682 1077 780 1123 sanae
810 1057 992 1137 doetrinae,
1015 1059 1144 1123 nullum
1196 1059 1338 1124 hominis
1368 1079 1422 1122 mo
1446 1059 1625 1124 cretionem
1657 1079 1695 1124 ae
1723 1058 1932 1141 prudentiam
1960 1082 2035 1125 oum
2069 1062 2173 1125 animi

170 1147 407 1215 aeclesiasticae
441 1145 556 1210 salutis
588 1144 768 1228 perieulum
796 1144 952 1222 vertitur,
987 1142 1044 1209 sed
1076 1167 1144 1209 una
1195 1143 1422 1228 magnitudine
1448 1143 1635 1227 fiduciaque
1657 1146 1873 1210 coniunctam
1917 1146 2046 1211 Iustina
2067 1148 2173 1230 impe-

169 1231 360 1299 dominandi
387 1231 561 1314 eupiditate
590 1231 675 1295 eaeei
703 1251 741 1295 ae
761 1229 955 1311 praecipites
976 1230 1141 1294 feruntur:
1195 1232 1313 1295 ratoris
1335 1235 1448 1308 mater,
1472 1231 1550 1312 quia
1570 1231 1604 1294 in
1650 1237 1737 1296 artes
1758 1231 1956 1295 Arianorum
1978 1233 2173 1313 pertrahere

169 1320 246 1403 quia
266 1318 349 1383 nihil
372 1318 500 1382 salvum
523 1337 593 1380 esse
615 1323 735 1398 putant
755 1315 820 1380 nisi
844 1336 918 1379 eum
942 1315 1142 1393 austeritate,
1195 1337 1271 1380 eum
1291 1337 1356 1380 non
1373 1324 1510 1398 poterat,
1528 1253 1693 1399 expelibre
1712 1317 1752 1382 ab
1770 1316 1923 1382 ecelesiae
1934 1315 2173 1401 gubernatione

168 1413 208 1470 ιιι
234 1404 393 1488 propheta
420 1403 466 1467 ait
491 1403 562 1486 (lla.
594 1405 651 1479 34,
675 1401 727 1484 4),
756 1408 790 1465 et
818 1422 891 1466 eum
912 1402 1059 1483 potentia
1080 1402 1142 1464 im·
1195 1401 1398 1465 moliebatur.
1443 1404 1552 1484 Atque
1572 1400 1606 1466 id
1627 1404 1776 1467 futurum
1799 1410 1878 1480 erat,
1903 1403 1931 1467 si
1953 1404 1987 1466 in
2009 1404 2172 1486 palatium

167 1498 292 1574 pereat.
1196 1486 1237 1552 ad
1256 1490 1388 1551 eausam
1406 1485 1576 1553 dicendam
1597 1497 1730 1554 vocatus
1752 1488 1903 1553 venisset.
1939 1488 2049 1573 Negat
2071 1490 2174 1574 igitur

258 1579 305 1637 15.
350 1572 570 1638 Iurisdictioni
599 1594 729 1637 annexa
749 1582 800 1637 est
823 1573 1021 1649 immunitas,
1044 1593 1143 1655 quam
1195 1573 1425 1655 imperatorem
1453 1572 1607 1638 idoneum
1634 1595 1704 1639 esse
1733 1575 1932 1657 cognitorem
1960 1582 2073 1640 tantae
2095 1597 2173 1641 eon-

169 1660 230 1727 sihi
258 1667 394 1723 sumunt
422 1658 531 1724 elerici
552 1679 772 1723 romanenses.
819 1657 905 1720 Rem
927 1660 1015 1721 enim
1036 1657 1144 1742 iudig·
1195 1658 1381 1723 troversiae
1432 1657 1472 1723 Id
1504 1658 1593 1741 quod
1624 1668 1658 1724 et
1688 1659 1778 1723 illius
1811 1660 1966 1743 temporis
1993 1663 2174 1728 neeessitas

168 1766 246 1811 nam
264 1764 335 1809 esso
352 1751 472 1827 putant
493 1745 520 1808 si
543 1745 576 1808 in
599 1745 705 1809 causis
722 1742 948 1826 personalibus
966 1763 1076 1807 eoram
1099 1746 1144 1809 ei·
1196 1744 1388 1827 postulabat,
1410 1752 1443 1808 et
1463 1745 1535 1827 ipse
1556 1746 1656 1809 etiam
1678 1753 1835 1828 perpetua
1857 1748 1903 1810 rei
1925 1754 2052 1811 natura.
2098 1749 2173 1813 Mo-

168 1830 226 1898 vili
253 1828 358 1894 iudice
388 1852 440 1895 res
463 1828 618 1906 ondoant;
649 1838 745 1911 atque
773 1830 808 1893 in
838 1849 875 1892 eo
905 1831 1044 1910 positam
1074 1852 1144 1894 esse
1195 1828 1349 1894 rieudum
1376 1831 1464 1894 enim
1492 1828 1552 1894 sibi
1581 1833 1689 1914 potius
1710 1831 1891 1908 iudicabat,
1918 1854 2017 1914 quam
2042 1842 2081 1897 ut
2106 1835 2173 1899 tale

167 1852 540 1982 arbitrantur'eeoiesiae
557 1924 628 1979 tum
646 1915 830 1979 libertatem
851 1921 921 1978 tum
939 1914 1143 1998 dignitatem,
1196 1916 1384 1998 exemplum
1406 1915 1448 1980 ad
1463 1923 1625 1999 posteros,
1648 1939 1683 1982 se
1705 1917 1937 1996 consentiente,
1966 1921 2173 1985 transmitte·

167 2001 196 2068 si
226 2002 451 2068 communibus
478 2001 606 2066 iudieiis
634 2021 671 2065 ae
693 2001 819 2084 legibus
842 2000 1037 2064 eximantur.
1082 2003 1145 2066 Aa
1195 2009 1300 2079 retur;
1321 2009 1354 2065 et
1375 2009 1485 2066 tamen
1511 2001 1539 2065 si
1566 2004 1617 2068 vis
1646 2002 1816 2081 afferatur,
1840 2002 1880 2067 de
1902 2005 2083 2069 resistendo
2105 2028 2173 2070 nen

166 2089 223 2171 qui
248 2097 373 2152 veteres
396 2087 547 2169 episcopi,
570 2086 624 2168 qui
648 2086 728 2150 alias
747 2087 781 2149 in
800 2085 973 2150 asserendo
991 2087 1144 2152 eeclesiae
1196 2087 1326 2169 cogitat
1378 2088 1487 2171 Negat
1515 2089 1602 2152 enim
1631 2088 1664 2152 id
1688 2087 1870 2171 episcopale
1897 2110 1982 2167 esse,
2010 2090 2112 2155 fidem
2141 2100 2174 2156 et

167 2173 238 2239 iure
262 2172 450 2256 rigidissimi
469 2181 571 2248 amnt,
600 2171 682 2235 nihil
711 2171 797 2236 laedi
818 2193 853 2235 se
876 2193 913 2236 ae
936 2193 1033 2235 suum
1058 2172 1144 2236 ordi·
1196 2171 1349 2237 ecelesiae
1371 2173 1423 2237 ius
1445 2173 1546 2236 armis
1574 2175 1670 2238 tueri.
1715 2173 1892 2238 Caeterum
1910 2176 1947 2238 in
1969 2176 2043 2240 aliis
2066 2179 2174 2244 causis

168 2279 245 2324 nem
266 2257 455 2323 iudicarunt
476 2258 502 2321 si
526 2256 771 2323 subiicerentur.
816 2256 869 2321 Pii
894 2277 1020 2339 quoque
1042 2259 1144 2341 impe-
1195 2256 1325 2341 quidvis
1358 2280 1392 2323 se
1424 2259 1530 2323 faeere
1563 2267 1715 2341 paratum
1747 2259 1892 2325 ostendit
1921 2261 2007 2343 quod
2039 2263 2174 2328 iusserit

169 2353 304 2420 ratores,
327 2343 418 2407 nullo
439 2342 644 2419 reclamante,
668 2342 708 2407 ad
730 2364 790 2407 sua
810 2342 996 2420 tribunalia,
1019 2344 1145 2425 quoties
1195 2344 1381 2425 imperator.
1421 2341 1458 2409 Si
1482 2344 1643 2408 tributum
1661 2346 1751 2427 petit,
1771 2366 1836 2409 uon
1858 2367 2027 2429 negamus,
2050 2349 2172 2430 inquit:

172 2449 255 2513 opus
282 2438 369 2502 erat,
397 2428 530 2494 elericos
558 2449 686 2511 semper
714 2436 880 2494 vocarunt.
932 2426 989 2493 Sic
1003 2429 1027 2512 ¹)
1055 2430 1144 2493 enim
1197 2429 1267 2512 agri
1300 2430 1454 2495 ecelesiae
1485 2430 1646 2494 tributum
1680 2430 1819 2495 solvunt
1877 2428 1915 2497 Si
1949 2454 2046 2516 agros
2078 2436 2173 2517 petit,

171 2513 317 2597 loquitur
338 2514 574 2579 Constantinus
596 2515 630 2577 iu
654 2514 791 2596 epistola
812 2512 853 2578 ad
875 2512 1142 2580 Nicomedenses:
1196 2521 1389 2597 potestatem
1420 2515 1518 2582 habet
1540 2515 1746 2580 vendicandi:
1771 2537 1867 2581 nemo
1891 2526 2039 2582 nostrum
2068 2521 2174 2584 inter-
2230 2568 2236 2583 .

171 2600 294 2683 siquis
314 2601 536 2682 episcoporum
559 2598 740 2664 inconsulte
762 2599 981 2665 tumultuatus
1008 2601 1060 2679 sit,
1082 2602 1144 2664 mi·
1197 2600 1295 2664 veuit.
1331 2601 1372 2664 In
1391 2622 1466 2666 eum
1484 2601 1617 2665 modum
1634 2602 1781 2685 loquitur
1798 2611 1831 2667 et
1849 2602 2035 2687 Gregorius.
2047 2604 2077 2687 ²)
2106 2603 2172 2670 Se·

169 2686 264 2751 histri
286 2687 359 2763 Dei,
383 2686 444 2751 hoe
466 2695 524 2761 est,
546 2706 620 2750 mea
642 2685 883 2767 exaequatione,
903 2684 991 2750 illius
1009 2686 1145 2752 audacia
1196 2689 1506 2769 renrss1m1,1nquit,
1529 2685 1653 2751 domini
1676 2689 1822 2752 animum
1850 2710 1915 2753 non
1935 2690 2054 2772 ignoro,
2079 2691 2168 2770 quod

167 2772 378 2837 eoeroobitur.
412 2771 458 2836 Et
478 2770 746 2836 Valentinianus:
769 2771 846 2835 boni
869 2771 1009 2854 episcopi
1028 2779 1143 2854 poten·
1196 2792 1230 2836 se
1255 2772 1290 2835 in
1317 2773 1424 2838 causis
1454 2772 1707 2838 sacerdotalibus
1735 2774 1872 2840 miseere
1896 2795 1959 2839 non
1981 2773 2097 2838 soleat:
2121 2796 2168 2838 ne

166 2858 231 2925 tiae
263 2857 470 2941 imperatoris
502 2878 566 2922 non
600 2855 833 2938 obloquuntur;
867 2854 924 2921 sed
957 2858 1083 2923 sineere
1111 2868 1144 2923 et
1195 2858 1316 2923 nostris
1348 2859 1382 2922 in
1410 2858 1517 2941 aliquo
1542 2860 1684 2943 peccatis
1711 2868 1877 2943 gravetur
1923 2859 2000 2924 Non
2028 2881 2172 2943 genera-

166 2943 232 3010 Dei
259 2944 371 3027 magni
400 2943 486 3027 regis
515 2942 669 3007 mandata
691 2939 879 3007 custodiunt
900 2950 934 3006 et
956 2944 1077 3009 nostris
1096 2943 1143 3009 le·
1195 2942 1271 3007 liter
1288 2964 1308 3007 a
1325 2943 1545 3010 sacerdotibus
1562 2943 1744 3011 iudicandis
1762 2943 1906 3011 excludit
1921 2945 2172 3028 imperatorem;

167 3028 262 3113 gibus
284 3039 408 3111 parent.
453 3028 526 3094 Hoc
548 3029 618 3093 eine
640 3027 708 3092 ulla
729 3029 950 3093 controversia
972 3037 1050 3094 tune
1073 3039 1143 3094 erat
1195 3028 1252 3094 sed
1274 3036 1381 3095 certas
1402 3051 1517 3095 eausas
1539 3052 1610 3097 esse
1630 3030 1716 3109 dicit,
1740 3054 1821 3114 quas
1842 3031 2059 3098 eeclesiastico
2081 3032 2173 3097 iudi·

167 3114 319 3180 emnibus
344 3136 544 3197 persuasam.
594 3113 842 3179 Ecclesiastieae
869 3113 1000 3196 quidem
1026 3135 1142 3180 causae
1195 3115 1244 3179 eio
1265 3115 1449 3198 relinquere
1471 3114 1595 3182 debeat

168 3199 210 3267 sd
229 3200 409 3283 episeopale
427 3199 581 3264 iudicium
595 3198 827 3264 referebantur.
858 3197 1142 3281 Quemadmodum
1285 3207 1332 3264 le.
1373 3202 1481 3284 Atque
1499 3202 1579 3268 adeo
1595 3203 1657 3268 hae
1675 3203 1746 3284 ipsa
1763 3205 1954 3287 exceptione
1971 3203 2057 3268 nihil
2080 3203 2172 3268 alind

165 3286 193 3353 si
215 3287 288 3368 quis
310 3285 446 3351 eloriens
469 3285 552 3348 nihil
575 3286 609 3349 in
631 3286 719 3368 logos
742 3284 940 3367 deliquisset,
964 3285 1142 3352 canonibus
1194 3287 1406 3369 quaesierunt
1438 3288 1543 3353 saneti
1570 3288 1647 3366 viri,
1682 3310 1779 3370 quam
1802 3309 1844 3353 ne
1871 3290 2035 3373 principes
2061 3291 2172 3355 minus

165 3381 295 3437 tantum
322 3392 398 3437 reus
427 3371 601 3454 agebatur,
631 3393 697 3435 non
720 3370 883 3435 citabatur
904 3370 946 3435 ed
969 3393 1142 3437 commune
1194 3371 1339 3455 rehgiosi
1362 3375 1533 3458 tyrannica
1554 3374 1712 3439 violentia
1733 3383 1767 3438 et
1786 3374 1923 3440 libidine
1945 3375 2119 3441 eeclesiam
2136 3375 2172 3439 in
2193 3396 2199 3407 ·

165 3456 319 3533 tribunal,
348 3456 404 3522 sed
431 3458 616 3604 episcopum
645 3454 785 3520 habebat
812 3457 847 3520 in
876 3478 915 3522 ea
937 3478 1036 3523 eausa
1058 3458 1142 3523 iudi·
1195 3478 1252 3522 suo
1287 3479 1423 3523 munere
1455 3460 1642 3545 peragendo
1679 3459 1885 3542 impedirent.
1916 3461 2052 3545 Neque
2081 3463 2171 3527 enim

165 3562 243 3608 eam.
282 3540 451 3617 Similiter,
471 3542 532 3607 sifi
556 3542 585 3605 ei
604 3542 749 3623 quaestio
768 3543 962 3626 agitabatur,
983 3552 1041 3608 aut
1058 3565 1142 3626 quae
1193 3542 1421 3625 improbabant
1449 3545 1477 3609 si
1505 3546 1634 3628 quando
1661 3567 1755 3611 suam
1787 3547 1996 3612 autoritatem
2025 3549 2171 3631 interpo-

165 3628 206 3696 ed
225 3628 394 3694 eeclesiam
412 3628 541 3711 proprie
562 3628 749 3710 pertineret,
768 3629 911 3712 eegnitio
934 3629 1142 3695 deferebatur
1193 3636 1311 3694 nerent
1337 3630 1502 3713 principes
1524 3633 1559 3696 in
1586 3633 1683 3697 rebus
1711 3632 1951 3711 ecelesiasticis,
1974 3633 2074 3698 modo
2096 3655 2171 3699 eon-

164 3714 328 3781 eeelosiao.
374 3711 431 3780 Sic
459 3712 709 3812 intelligendum
737 3714 894 3796 estquod
924 3715 1037 3780 serihit
1059 3716 1141 3780 Am·
1194 3714 1355 3780 servando
1378 3716 1531 3782 ecelesiae
1549 3717 1665 3795 ordini,
1689 3738 1753 3781 non
1772 3718 1943 3796 turbando,
1963 3718 2170 3802 disciplinae-

163 3798 291 3866 brasias
305 3799 335 3884 ²)
369 3799 410 3864 ad
443 3799 730 3864 Valentmianum:
772 3807 932 3884 angustae
965 3802 1141 3866 memoriae
1193 3822 1255 3883 que
1278 3800 1498 3880 stabiliendae,
1522 3824 1587 3868 non
1609 3802 1844 3883 dissolvendae,
1867 3805 1928 3870 hoe
1950 3806 2054 3869 fieret.
2082 3805 2170 3870 Nam

162 3894 257 3970 pater
278 3894 355 3950 tuus
374 3906 438 3950 non
458 3884 553 3949 modo
572 3906 721 3950 sermone
740 3885 919 3968 respondit,
939 3885 997 3951 sed
1015 3885 1141 3969 legibus
1193 3906 1295 3968 quum
1318 3886 1454 3953 ecelesia
1476 3889 1613 3972 eogendi
1635 3910 1701 3954 non
1726 3887 1846 3954 habeat
1866 3898 2076 3973 potestatem,
2110 3910 2168 3954 ne·

163 3992 289 4055 quoque
317 3973 438 4047 sanxit,
469 3971 503 4035 in
526 3992 626 4037 eausa
652 3971 728 4036 fidei
758 3991 834 4036 eum
856 3971 1000 4036 iudicare
1022 3971 1140 4037 debere
1193 3992 1255 4054 qne
1285 3980 1438 4055 expetere
1462 3973 1579 4039 debeat
1608 3975 1664 4059 (de
1691 3975 1780 4039 eivili
1802 3977 1997 4041 coercitione
2027 3975 2165 4058 loquor),

184 4057 218 4121 ui
258 4077 318 4122 noo
356 4078 493 4122 munere
527 4058 570 4122 sit
601 4057 726 4138 impar,
765 4078 825 4122 nee
858 4057 929 4122 iure
963 4057 1138 4122 dissimilis.
1193 4057 1322 4141 piorum
1349 4079 1465 4142 regum
1498 4081 1536 4125 ae
1562 4061 1747 4144 principum
1768 4071 1877 4144 partes
1906 4069 2000 4139 sunt,
2029 4061 2167 4146 legibus,

161 4077 262 4208 item:
296 4144 323 4207 si
352 4144 531 4226 scripturas
558 4152 616 4207 aut
644 4149 756 4207 vetera
784 4142 934 4225 exempla
960 4142 1139 4223 intuemur,
1192 4141 1322 4222 edictis,
1339 4142 1482 4210 ⁴iudiciis
1504 4146 1697 4231 religionem
1719 4148 1889 4213 sustinere.
1934 4148 2009 4213 Hae
2032 4147 2168 4225 ratione,

161 4230 234 4314 quis
263 4238 312 4293 est
340 4229 397 4311 qui
420 4229 557 4303 abnuat,
586 4229 621 4292 in
649 4248 748 4292 eausa
777 4228 871 4306 fidei,
901 4229 937 4293 in
965 4249 1063 4295 eausa
1089 4230 1139 4293 in·
1192 4250 1292 4311 quum
1335 4230 1513 4297 Mauritius
1555 4234 1734 4316 imperator
1776 4234 1934 4316 episeopis
1972 4233 2169 4316 quibusdam

161 4335 261 4400 quam
283 4313 368 4389 fidei,
391 4314 557 4398 episcopos
583 4313 688 4378 solere
715 4312 756 4377 de
778 4315 1030 4397 imperatoribus
1052 4314 1139 4380 ehri·
1192 4313 1380 4380 mandasset
1407 4323 1445 4381 ιιι
1472 4318 1597 4383 ricinos
1625 4319 1766 4402 collegas
1798 4341 1818 4382 a
1846 4318 1992 4385 barbaris
2013 4319 2170 4402 expulsos

162 4401 286 4479 stianis,
305 4401 595 4483 nonimporatores
613 4398 825 4481 doepiseopis
839 4400 1005 4466 iudicare?
1037 4400 1136 4466 Item:
1192 4401 1409 4483 susciperent,
1440 4423 1514 4468 eam
1541 4405 1720 4471 iussionem
1743 4407 1915 4470 confirmat
1936 4404 2131 4490 Gregorius,
2139 4404 2169 4488 ⁸)

160 4489 335 4563 venissem,
365 4488 551 4570 imperator,
580 4484 622 4549 ad
650 4485 879 4550 consistorium
907 4494 1011 4564 tuum,
1035 4488 1138 4552 sime
1191 4485 1406 4570 hortaturque
1427 4488 1516 4571 ipsos
1538 4498 1577 4554 ιιι
1597 4487 1743 4573 pareant.
1789 4491 1865 4574 Ipse
1887 4511 1965 4557 vero
1988 4492 2031 4556 ab
2054 4491 2170 4557 eodem

160 4574 213 4641 vel
241 4573 393 4656 episcopi,
422 4571 474 4637 vel
496 4571 635 4654 populus
657 4572 705 4635 ire
726 4592 841 4653 passus
864 4571 955 4646 soret,
984 4571 1137 4650 dieentes,
1191 4571 1377 4639 admonitus
1399 4581 1437 4638 nt
1464 4597 1540 4641 cum
1567 4576 1692 4642 Ioanne
1719 4577 1868 4661 episeopo
1900 4578 2169 4660 constantinopo-

160 4678 294 4727 eauamr
317 4658 392 4722 fidei
415 4659 450 4721 in
473 4657 609 4724 eeclesia
638 4677 747 4721 eoram
769 4656 890 4740 populo
914 4657 1030 4724 debere
1051 4666 1138 4723 trao-
1190 4657 1293 4723 litano
1310 4656 1434 4725 rediret
1450 4662 1486 4725 in
1504 4664 1655 4746 gratiam,
1677 4663 1838 4728 rationem
1856 4661 1988 4747 quidem
2010 4662 2169 4747 reddit,⁴)

160 4747 232 4811 tari.
279 4742 456 4810 Oontendit
487 4743 619 4827 quidem
650 4743 855 4824 spiritualem
888 4765 1041 4822 eausam,
1074 4742 1137 4809 hoe
1190 4764 1249 4809 cur
1276 4767 1343 4810 non
1371 4744 1487 4813 debeat
1508 4748 1635 4833 culpari
1642 4774 1651 4828 ;
1679 4771 1746 4814 non
1773 4755 1885 4815 tamen
1905 4750 1968 4814 fori
1988 4749 2170 4816 saecularis

160 4839 218 4903 est.
241 4829 418 4914 religionis,
441 4829 483 4895 ad
505 4829 600 4895 civile
618 4829 727 4893 forum
749 4850 816 4894 non
839 4850 910 4895 esso
932 4829 1136 4909 trahendam,

159 5002 189 5011 -ο
213 5003 225 5009 -=
259 5001 362 5012 ---—-

1259 5051 1287 5115 l)
1307 5053 1407 5106 Homil.
1426 5055 1460 5107 de
1484 5056 1585 5109 basilio.
1605 5056 1753 5110 tradendis.
1822 5056 1853 5124 2)
1875 5057 1950 5110 Libr.
1973 5056 1999 5110 3.
2024 5075 2039 5111 e
2059 5061 2108 5113 ist.
2127 5057 2169 5113 20.

158 5118 260 5258 mpla)
277 5120 536 5259 Besgptrsspgpraei.
555 5118 710 5172 'l'beodorit
729 5136 787 5188 esp.
806 5119 853 5180 20:
878 5121 939 5172 libr.
957 5120 983 5172 4.
1002 5120 1135 5174 Theodor.
1187 5119 1319 5258 ἓίηθΙὲιιιθι9
1320 5123 1355 5242 ,1.
1375 5125 1454 5192 epist.
1473 5121 1516 5175 le.
1587 5126 1619 5190 4)
1638 5126 1713 5179 Libr.
1734 5125 1760 5179 4
1779 5128 1857 5196 epist.
1879 5124 1916 5179 32
1932 5132 1961 5179 et
1977 5125 2027 5187 34;
2072 5131 2127 5183 ibr.
2145 5129 2170 5182 ἶ.
