4672 5842
157 290 200 350 u
796 260 1072 346 'lvsrrrurro
1092 279 1198 344 nen.
1221 279 1401 345 enarer.
1427 284 1518 344 1559.
2127 279 2169 340 n

161 495 233 538 esse
255 472 365 548 debet,
396 470 614 552 simulatque
642 491 677 534 se
698 469 793 534 nobis
815 469 970 532 insinuat
1013 469 1138 532 Verum
1192 468 1279 543 luce,
1313 470 1384 532 sine
1406 467 1471 531 Dei
1493 469 1623 550 spiritu,
1658 468 1788 531 orbatos
1811 488 1846 530 se
1868 464 1995 543 vident,
2028 467 2077 530 ita
2103 487 2171 530 nen

162 581 205 623 ne
233 557 293 622 sub
320 557 413 620 titulo
437 578 495 620 suo
517 567 650 620 satanae
678 557 811 637 spiritus
841 553 984 636 obrepat,
1018 556 1053 618 in
1081 573 1141 617 sua
1192 556 1353 638 ignorant,
1373 555 1508 618 verbum
1527 576 1597 618 esse
1615 575 1774 636 organum
1793 575 1856 634 quo
1874 554 2008 634 spiritus
2025 554 2076 616 sui
2094 553 2171 615 illu·

98 658 101 663 “
161 645 306 727 imagine
328 664 426 724 quam
454 643 624 724 scripturis
646 643 810 724 impressit
835 641 906 704 vult
934 640 1066 704 anobis
1088 661 1140 702 re·
1193 642 1405 704 minationem
1441 640 1593 704 fidelibus
1625 640 1788 703 Dominus
1827 638 2001 720 dispensat
2058 639 2172 702 Alium

163 730 321 813 cognosci.
367 726 613 810 Scripturarum
642 739 738 791 autor
767 737 831 803 est;
861 727 972 789 varius
1000 725 1141 790 dissimi-
1193 728 1280 791 enim
1305 727 1455 808 spiritum
1478 728 1628 791 nesciunt
1649 747 1748 807 quam
1770 726 1824 806 qui
1847 725 1882 787 in
1901 724 2055 806 apostolis
2077 725 2172 788 habi·

161 816 266 897 lisque
288 835 358 879 esse
381 836 446 877 non
469 823 584 895 potest.
619 811 759 892 Qualem
780 813 882 894 igitur
904 833 938 875 se
956 812 1023 875 illic
1041 811 1140 875 semel
1194 814 1277 876 tavit
1297 822 1331 876 et
1348 813 1500 894 loquutus
1518 822 1577 887 est,
1600 812 1692 876 euius
1710 810 1849 875 oraculis
1872 809 2001 874 assidue
2019 810 2060 874 ad
2077 811 2171 874 verbi

163 900 321 984 prodidit,
353 901 427 963 talis
456 913 613 981 perpetuo
636 912 767 962 mancat
788 906 923 979 oportet.
970 898 1042 960 Hoc
1064 919 1140 962 con·
1194 896 1395 963 audientiam
1416 907 1618 962 revocantur.

163 986 371 1051 tumeliosum
401 985 447 1048 illi
470 1007 537 1049 nen
559 996 623 1062 est3
653 986 715 1047 nisi
743 985 826 1047 forte
848 983 1060 1048 honorificum
1082 983 1142 1046 du-

164 1095 276 1138 camus
301 1095 320 1135 a
342 1092 377 1134 se
400 1073 410 1134 i
434 1094 468 1135 se
492 1071 668 1134 desciscere
690 1083 723 1133 et
744 1069 782 1132 de
800 1088 951 1147 sacrare.

252 1161 279 1220 3.
326 1094 432 1237 Quod
456 1178 533 1220 vere
564 1157 677 1218 literae
712 1091 872 1219 occidenti
900 1177 960 1219 nos
988 1155 1142 1220 incubare
1553 1205 1580 1271 C
1591 1206 1705 1272 ΨΜ,
1727 1206 1761 1270 X
1789 1212 1798 1248 ¹

164 1243 376 1317 cavillantur,
406 1245 440 1305 in
470 1264 507 1305 eo
533 1263 653 1323 peenas
684 1242 780 1304 luunt¹
808 1250 1016 1322 contemptae
1041 1241 1143 1323 scrip-
1583 1251 1596 1269 *
1764 1256 1770 1270 ·
1801 1207 1814 1288 )

164 1337 266 1393 turae.
301 1327 391 1393 Satis
412 1328 500 1392 enim
522 1338 651 1391 constat
672 1328 811 1391 Paulum
835 1326 902 1391 illie
925 1328 959 1410 (2
972 1327 1046 1391 Cor.
1066 1331 1094 1401 3,
1109 1327 1143 1408 a)
1197 1348 1289 1432 Scri
1320 1360 1461 1430 turam
1524 1360 1572 1429 ut
1621 1377 1786 1428 omnem
1829 1377 1877 1427 su
1911 1346 2175 1428 ersfitionem

166 1414 324 1480 adversus
356 1413 639 1496 pseudoapostolos
673 1412 883 1487 contendere,
925 1415 979 1494 qui
1012 1412 1144 1495 quidem
1290 1378 1318 1459 p
1468 1412 1479 1452 ³
1880 1375 1909 1456 p

165 1502 271 1583 legem
294 1501 376 1564 eitra
399 1499 567 1563 (hristum
590 1497 871 1576 commendantes,
902 1499 1020 1562 anovi
1045 1509 1143 1562 testa-
1196 1469 1405 1578 corrigat,
1443 1499 1591 1549 verum
1624 1467 1763 1548 Deum
1797 1466 2009 1548 exclusive
2041 1496 2174 1577 Oppo-

164 1588 268 1650 menti
295 1585 451 1649 beneficio
480 1585 635 1666 populum
658 1585 854 1658 avocabant,
883 1606 947 1666 quo
971 1585 1144 1666 paciscitur
1346 1618 1445 1670 nere
1479 1589 1558 1668 djjs
1590 1589 1783 1669 omnibus
1814 1587 2020 1697 gentium·

164 1673 327 1736 Dominus
359 1693 394 1734 se
428 1671 533 1751 legem
567 1692 659 1734 suam
692 1672 726 1732 in
760 1669 905 1733 fidelium
936 1672 1062 1735 viscera
1094 1671 1143 1732 iu-

117 1808 120 1813 ,
165 1757 382 1840 sculpturum,
406 1764 440 1819 et
462 1754 612 1820 cordibus
634 1756 878 1838 inscripturum.
912 1757 1072 1820 Emortua
1095 1765 1145 1818 est
1286 1760 1311 1818 l.
1336 1754 1403 1819 Sed
1417 1755 1666 1835 enimquoniam
1681 1755 1744 1817 Dei
1757 1754 1918 1830 notitiam,
1938 1755 2176 1835 quaeinmun·

164 1843 266 1926 igitur
287 1842 392 1918 litera,
416 1853 447 1904 et
471 1862 545 1905 suos
568 1843 704 1906 lectores
726 1852 821 1905 necat
844 1842 896 1905 lex
919 1840 1064 1916 Domini,
1088 1841 1145 1905 ubi
1169 1874 1173 1973 p
1197 1842 1230 1906 di
1253 1841 1404 1905 maehina
1424 1841 1650 1921 universisque
1673 1840 1831 1904 creaturis
1848 1862 1914 1902 non
1937 1840 2072 1904 obscure
2095 1838 2176 1903 alio-

164 1938 198 1992 et
220 1950 240 1991 a
260 1926 385 1991 Christi
409 1928 514 2009 gnatia
537 1926 714 1997 divellitur,
740 1938 773 1990 et
795 1927 917 1992 intacto
939 1927 1033 1991 tarde
1057 1927 1144 1991 auri·
1195 1929 1250 2010 qui
1265 1927 1466 2009 proponitur,
1480 1926 1674 1989 familiarius
1693 1938 1804 1988 tamen
1816 1926 1997 1988 etiamnum
2010 1936 2043 1989 et
2053 1925 2174 1989 elarius

163 2014 225 2078 bus
248 2023 377 2076 tantrun
400 2013 537 2076 insonat.
583 2013 709 2076 Verum
729 2013 757 2074 si
780 2034 838 2094 per
862 2014 1012 2095 spiritum
1036 2015 1144 2077 effica-
1196 2014 1296 2078 verbo
1325 2013 1493 2077 docuimus
1521 2011 1691 2093 explicari,
1720 2012 1785 2074 iam
1813 2032 1929 2092 operae
1956 2013 2098 2092 pretium
2125 2020 2177 2074 est

163 2101 246 2164 citer
268 2098 417 2161 cordibus
440 2099 648 2179 imprimitur,
671 2099 699 2160 si
710 2098 881 2162 Christum
905 2099 1048 2176 exhibet,
1070 2120 1144 2162 ver·
1197 2098 1382 2181 expendere
1415 2097 1528 2179 ecquid
1563 2120 1597 2161 se
1632 2098 1732 2161 talem
1758 2098 1922 2161 Dominus
1949 2099 1984 2160 in
2014 2099 2178 2178 scriptura

166 2184 244 2249 bum
268 2198 317 2247 est
339 2186 435 2258 vitae,
458 2196 651 2248 convertens
673 2186 809 2261 animas,
834 2185 1028 2266 sapientiam
1052 2205 1145 2268 prae·
1197 2184 1291 2249 nobis
1312 2194 1541 2266 repraesentet,
1564 2184 1693 2265 qualem
1712 2185 1747 2246 in
1764 2183 1916 2264 operibus
1934 2184 2001 2246 suis
2018 2182 2177 2246 delineari

167 2279 260 2334 stans
287 2270 446 2351 parvulis.
475 2284 533 2333 ete.
579 2268 669 2349 Quin
698 2271 797 2334 etiam
825 2270 937 2333 eodem
961 2272 1029 2335 loeo
1052 2293 1145 2353 prae-
1197 2273 1289 2354 prius
1310 2271 1418 2334 visum
1437 2281 1493 2333 est.
1528 2271 1647 2352 Longa
1667 2280 1753 2333 certe
1771 2270 1975 2335 materia:,si
1995 2269 2067 2350 quis
2084 2269 2117 2332 in
2138 2290 2178 2332 ea

168 2356 361 2420 dicationem
408 2376 501 2418 suam
546 2357 709 2437 apostolus
752 2357 971 2420 ministerium
1012 2356 1146 2438 spiritus
1200 2356 1389 2438 diligentius
1411 2355 1581 2419 tractanda
1604 2356 1770 2419 immorari
1795 2355 1883 2418 velit.
1928 2356 1976 2417 At
2002 2376 2062 2436 ego
2085 2354 2179 2418 velut

168 2452 263 2506 vocat
282 2441 317 2519 (2
341 2440 414 2504 Cor.
440 2445 473 2512 3.
497 2441 549 2522 8),
577 2442 733 2505 nimirum
761 2443 963 2524 significans,
993 2444 1040 2505 ita
1069 2464 1146 2506 suae
1200 2442 1340 2506 indicem
1359 2442 1565 2523 proposuisse
1584 2450 1838 2514 contentusero,
1861 2441 2178 2521 quomenitaepiae

167 2548 264 2609 quam
288 2526 322 2589 in
345 2526 513 2609 seripturis
535 2528 695 2609 expressit
722 2529 852 2591 veritati
880 2528 1052 2591 inhaerere
1080 2528 1146 2610 spi·
1172 2446 1176 2605 i
1200 2538 1341 2603 mentes,
1371 2526 1449 2608 quid
1477 2528 1680 2608 potissimum
1708 2528 1742 2589 in
1771 2527 1941 2607 seripturis
1969 2525 2009 2589 de
2032 2527 2103 2591 Deo
2125 2528 2178 2589 in-

168 2613 270 2677 ritum
292 2624 457 2687 sanetum,
486 2625 523 2675 ut
549 2614 617 2677 vim
639 2626 708 2677 tum
732 2612 864 2676 demum
887 2636 981 2677 suam
1003 2617 1148 2696 proterat
1172 2610 1176 2695 Ι
1200 2612 1430 2696 vestigandum
1458 2614 1502 2676 sit
1529 2613 1653 2689 norint,
1691 2626 1725 2676 et
1752 2612 1792 2675 ad
1820 2622 1946 2675 certum
1973 2614 2043 2676 eius
2070 2613 2179 2696 inqui-

168 2710 266 2779 atque
293 2708 423 2762 exserat
450 2699 505 2761 ubi
534 2720 593 2762 sua
623 2710 753 2763 constat·
778 2698 877 2763 verbo
899 2701 1083 2763 reverentia
1110 2721 1147 2764 ac
1173 2700 1175 2723 '
1201 2701 1326 2764 sitionis
1360 2720 1493 2779 scopum
1527 2698 1720 2780 dirigantur.
1767 2699 1956 2778 ²)ll'erulum
1983 2701 2097 2780 ottirtpo
2124 2720 2179 2779 pe·

169 2784 322 2867 dignitas.
356 2784 425 2848 Nec
448 2784 499 2847 his
522 2794 683 2868 repugnat
704 2785 790 2866 quod
813 2807 919 2866 nuper
940 2785 1064 2850 dietum
1083 2794 1146 2849 est:
1172 2762 1176 2829 Ῑ
1201 2786 1318 2848 (aliare
1337 2786 1447 2865 sadus
1469 2805 1528 2864 quo
1554 2805 1653 2866 parus
1674 2783 1823 2847 Abrahae
1844 2805 1865 2847 o
1887 2784 2018 2863 reliquas
2037 2784 2180 2866 pedibas

169 2871 308 2935 verbum
343 2870 449 2951 ipsum
483 2893 549 2933 uon
582 2870 677 2934 valde
709 2878 834 2934 certum
862 2869 955 2935 nobis
982 2893 1052 2935 esse
1084 2872 1148 2935 nisi
1172 2838 1176 2943 l
1199 2873 1352 2935 distiterit.
1398 2870 1483 2934 Num
1507 2871 1649 2953 gratuite
1676 2871 1840 2951 adoptione
1864 2871 2017 2950 receptans
2042 2873 2076 2933 ιἰι
2095 2871 2181 2951 ptius

168 2957 302 3038 spiritus
333 2957 518 3020 testimonio
546 2958 763 3020 continuetur.
807 2957 925 3021 Mutuo
952 2957 1039 3021 enim
1069 2980 1147 3040 qrro-
1172 2956 1175 2989 ¹
1200 2959 1254 3037 qai
1281 2956 1381 3021 hostes
1408 2962 1510 3033 eram,
1540 2957 1712 3037 redemptor
1737 2958 1803 3019 ium
1832 2961 1904 3019 tanc
1931 2958 2095 3036 omrai&
2122 2976 2180 3020 atos

169 3043 245 3104 dam
273 3048 364 3104 nexu
390 3040 553 3105 Dominus
583 3040 673 3105 verbi
702 3042 899 3123 spiritusque
932 3045 982 3107 sui
1015 3045 1147 3108 certitu-
1200 3049 1303 3106 ewen
1330 3042 1431 3105 udlrac
1458 3043 1491 3104 ιἰι
1520 3063 1557 3106 ca
1584 3044 1694 3105 aditio
1720 3062 1883 3104 versamur
1911 3063 1990 3122 quoe
2012 3043 2044 3104 ia
2067 3043 2179 3106 meridi

169 3126 281 3189 dinem
314 3127 402 3189 inter
434 3149 468 3190 se
501 3126 678 3210 copulavit;
711 3141 750 3190 ut
783 3128 887 3192 solida
914 3128 1004 3194 verbi
1033 3130 1148 3212 religio
1200 3127 1639 3208 caesareensem
1659 3129 1796 3192 useardt't
1817 3130 1860 3192 ud
1883 3126 2040 3190 Christum
2061 3129 2180 3192 medio-

169 3212 287 3275 animis
310 3213 429 3275 nestris
451 3213 586 3291 insidat,
614 3213 669 3277 ubi
698 3213 835 3296 affulget
856 3215 989 3297 spiritus
1011 3217 1065 3297 qui
1087 3237 1148 3279 nos
1199 3221 1301 3279 torem
1342 3213 1415 3278 Etsi
1437 3221 1540 3278 uuam
1555 3213 1745 3295 paulopost
1765 3214 1915 3294 quosdam
1936 3234 1974 3276 er
1995 3235 2068 3277 noro
2087 3220 2180 3277 testo·

168 3297 235 3362 illic
253 3298 316 3360 Dei
340 3297 454 3362 faciem
478 3299 691 3380 contemplari
708 3301 820 3379 faeiat;
843 3310 880 3363 ut
897 3302 1040 3365 vicissim
1056 3301 1148 3366 nullo
1199 3307 1297 3366 metato
1329 3300 1408 3364 locos
1433 3302 1529 3363 citare
1555 3320 1665 3381 operae
1692 3301 1832 3379 pretium
1860 3302 1920 3362 erit
1953 3299 2057 3380 (citasti
2084 3301 2180 3362 diem

169 3383 433 3448 hallucinationis
472 3385 588 3448 timore
627 3387 779 3466 spiritum
813 3386 1052 3468 amplexemur,
1092 3388 1147 3451 ubi
1200 3388 1273 3450 inde
1290 3387 1466 3466 epotando
1480 3385 1542 3450 Dei
1564 3387 1720 3462 creatam
1743 3392 1770 3448 et
1781 3386 1979 3465 protadartia
2001 3387 2036 3448 ιἰι
2051 3386 2180 3466 primae

168 3469 263 3533 illum
290 3469 325 3532 in
347 3490 406 3533 sua
428 3469 585 3552 imagine,
613 3470 675 3536 hoc
703 3481 753 3535 est
775 3473 809 3535 in
831 3473 946 3550 verbo,
975 3495 1148 3556 recognos-
1199 3479 1332 3536 amarae
1352 3474 1578 3536 canavarias
1594 3472 1760 3553 aanor)
1782 3472 1904 3535 tectores
1924 3476 2026 3534 tamea
2047 3473 2180 3535 monitos

170 3556 282 3619 cimus.
316 3554 370 3617 Ita
390 3563 440 3618 est
461 3576 547 3619 sane.
575 3555 651 3619 Non
673 3557 809 3622 verbum
827 3557 1014 3623 hominibus
1031 3560 1150 3622 sethtoe
1200 3559 1265 3624 volo
1291 3558 1368 3639 quid
1395 3578 1476 3622 rause
1507 3579 1596 3640 agere
1624 3557 1704 3620 milri
1726 3558 1922 3638 propositum
1948 3558 2003 3633 sit,
2036 3578 2074 3619 ne
2099 3557 2181 3636 fiores

170 3640 381 3704 ostettetioais
408 3661 506 3704 causo
535 3643 570 3704 ia
603 3643 740 3706 radium
760 3644 897 3724 mestit
925 3645 1033 3722 Deus,
1062 3644 1149 3726 quod
1200 3647 1259 3709 aa
1279 3646 1489 3725 asscriptus
1511 3644 1718 3707 transsiliunt.
1752 3643 1896 3722 Denique
1913 3647 2011 3706 testem
2034 3645 2068 3705 in
2084 3665 2180 3723 prae

169 3726 305 3807 spiritus
326 3725 376 3789 sui
399 3725 542 3790 adventu
564 3730 727 3810 extemplo
748 3728 906 3807 aboleret,
929 3730 985 3794 sed
1007 3730 1148 3794 eundem
1200 3731 1300 3795 settin
1325 3730 1466 3810 sufficiat
1492 3730 1640 3810 quomodo
1667 3729 1757 3793 Deus
1783 3729 1857 3792 coeli
1884 3734 1911 3791 et
1941 3734 2042 3792 terrm
2073 3730 2180 3810 opiter

170 3811 324 3893 spiritum
346 3812 438 3876 euius
459 3812 580 3876 virtute
602 3814 737 3878 verbum
756 3814 1049 3892 administraverat,
1073 3817 1149 3880 sub-
1202 3817 1353 3880 erardum
1380 3837 1402 3878 o
1429 3836 1462 3879 se
1487 3815 1642 3879 marlotum
1665 3816 1817 3897 pabenaet
1866 3815 1994 3878 Passa
2016 3835 2085 3878 sero
2107 3816 2181 3880 eele-

172 3897 277 3973 misit,
311 3898 368 3977 qui
401 3919 497 3963 suum
525 3919 607 3980 opus
633 3901 757 3965 efficaci
784 3900 875 3965 verbi
903 3903 1149 3966 confirmatione
1202 3904 1312 3966 hatur
1340 3906 1366 3964 et
1390 3906 1524 3983 putem
1549 3902 1618 3964 eires
1645 3900 1779 3978 beatitas,
1807 3906 1835 3964 et
1862 3900 2003 3962 volutatus
2027 3902 2071 3964 ud
2094 3901 2178 3965 hate

172 3982 364 4046 absolveret.
394 3983 435 4045 In
454 3984 542 4049 hune
559 3984 693 4048 modurn
705 3985 859 4050 Christus
882 3987 1048 4070 discipulis
1071 3986 1150 4051 duo-
1184 3989 1354 4068 ,licentiam
1379 3986 1543 4067 proclivia
1575 3992 1603 4050 et
1628 3988 1769 4067 cample
1800 3987 1969 4050 ΐταᾱιιιιέιιν
1996 3989 2180 4066 saecuta,

174 4068 236 4132 bus
258 4089 390 4131 sensum
412 4070 578 4150 aperiebat
597 4071 693 4151 (Luc
713 4075 763 4148 24,
778 4071 849 4155 at);
871 4095 936 4137 non
959 4083 997 4138 ut
1018 4074 1151 4138 abiectis
1203 4094 1283 4154 quae
1303 4075 1422 4136 iustam
1443 4073 1591 4137 eceteram
1611 4073 1739 4136 altorem
1761 4093 1826 4137 esse
1847 4073 2015 4147 ostalduat,
2034 4094 2181 4153 praeser-

87 4206 93 4227 .
175 4154 348 4235 scripturis
397 4176 433 4218 er
461 4176 496 4218 se
523 4167 688 4237 saperent,
716 4157 773 4221 scd
798 4167 836 4220 ut
855 4160 1033 4241 scripturas
1054 4158 1151 4222 intel·
1203 4162 1260 4222 tim
1286 4160 1339 4222 abi
1367 4160 1529 4222 tolerantia
1555 4179 1616 4221 suo
1637 4166 1743 4223 cosdra
1761 4159 1927 4223 obstinatos
1948 4157 2028 4221 nihil
2044 4160 2180 4239 protis&

174 4239 324 4322 ligarent.
366 4177 527 4305 &imiliter
548 4242 683 4319 Paulus,
704 4242 783 4306 dum
805 4243 958 4308 hortatur
979 4244 1151 4309 Thessalo-
1290 4248 1318 4308 2.
1360 4245 1469 4309 Certis
1489 4245 1612 4325 quum
1636 4246 1714 4309 locis
1732 4242 1893 4308 dilucidae
1915 4245 2017 4325 magis
2034 4244 2178 4328 descrip-

174 4327 323 4390 nieenses
357 4325 388 4408 (1
410 4326 523 4391 Thess.
549 4332 584 4403 5,
611 4333 658 4392 19.
685 4327 741 4411 20)
773 4351 815 4393 ne
843 4331 994 4412 spiritum
1027 4332 1151 4394 exstin-
1203 4332 1308 4394 tiones
1335 4331 1427 4394 nobis
1455 4344 1700 4413 preponuntur,
1728 4330 1845 4412 quibus
1869 4331 2021 4402 εἰκονικῶς
2042 4331 2181 4395 visenda

174 4423 292 4494 guent,
324 4433 389 4475 non
421 4411 604 4477 sublimiter
636 4435 690 4477 ees
722 4416 837 4496 arripit
868 4415 909 4479 ad
939 4418 1054 4480 inanes
1080 4418 1151 4481 sine
1203 4415 1377 4480 exhibetur
1407 4438 1565 4499 germana
1596 4417 1666 4481 cius
1694 4418 1800 4480 facies.
1851 4416 1936 4479 Nam
1969 4437 2070 4496 quum
2104 4438 2179 4481 eam

174 4499 274 4562 verbo
292 4497 528 4579 speculationes
535 4523 544 4576 ;
564 4499 622 4562 sed
645 4501 797 4564 continuo
815 4499 953 4576 subiicit,
976 4524 1042 4566 non
1060 4524 1150 4586 sper-
1203 4501 1400 4567 describeret
1431 4503 1556 4578 Moses,
1589 4503 1720 4566 videtur
1752 4523 1831 4564 sane
1863 4502 2005 4566 voluisse
2035 4502 2181 4566 breviter

174 4583 300 4647 nendas
321 4585 518 4666 prophetias.
557 4583 633 4664 Quo
653 4586 765 4668 procul
786 4585 884 4650 dubie
905 4588 1062 4666 innititur,
1085 4589 1150 4670 spi·
1202 4588 1476 4670 comprehendere
1501 4587 1657 4672 quidquid
1685 4587 1725 4650 de
1753 4588 1824 4667 ipso
1847 4588 1986 4669 intelligi
2008 4587 2049 4651 ab
2072 4588 2180 4651 homi-

174 4669 258 4732 ritus
286 4669 393 4733 lucem
421 4672 600 4753 praefocari
629 4672 726 4735 simul
754 4681 850 4754 atque
873 4673 906 4736 in
929 4683 1150 4756 contemptum
1203 4675 1299 4740 nibus
1332 4676 1381 4739 fas
1413 4683 1506 4740 esset
1561 4673 1723 4749 Iehovah‚
1762 4673 1868 4753 inquit
1899 4672 2019 4753 (Exod.
2046 4678 2101 4749 34,
2133 4678 2178 4758 e),

174 4755 312 4816 veniunt
339 4756 536 4837 prophetiae.
588 4756 676 4836 Quid
704 4757 745 4822 ad
774 4758 854 4823 haec
882 4760 999 4823 tumidi
1026 4762 1081 4824 isti
1109 4767 1150 4822 tv·
1202 4760 1365 4838 Iehovah‚
1392 4762 1484 4826 Deus
1511 4759 1695 4823 misericors
1721 4772 1756 4821 et
1782 4759 1939 4835 clemens,
1968 4761 2110 4841 patiens,
2146 4769 2180 4824 et

172 4843 366 4935 θουιιιασταὶ,
386 4842 443 4921 qui
464 4843 549 4907 hanc
566 4865 667 4908 unam
684 4852 840 4926 reputant
857 4847 1012 4910 eximiam
1028 4847 1149 4910 illumi·
1203 4846 1325 4911 multae
1352 4846 1570 4911 miserationis
1597 4864 1635 4907 ac
1657 4864 1775 4922 verax,
1803 4845 1859 4926 qui
1882 4845 2025 4910 custodis
2049 4847 2179 4910 miseri-
2249 4870 2254 4878 ·

176 4937 358 5000 nationem,
394 4926 450 4989 ubi
482 4949 596 4992 secure
622 4932 740 4994 omisso
774 4954 812 4996 ac
840 4932 951 4996 valere
978 4933 1065 4996 iusso
1086 4933 1149 4996 Dei

175 5009 290 5085 verbe,
318 5009 476 5092 quidquid
505 5014 672 5078 stertendo
699 5018 921 5099 conceperint,
949 5040 1014 5081 non
1041 5019 1150 5083 minus
1203 5039 1404 5046 ‘’—

175 5093 377 5192 confidenter
409 5117 507 5192 quam
540 5096 880 5202 temere'arripiunt?
925 5104 1029 5203 Filios
1062 5116 1150 5204 certe
1272 5137 1300 5197 1)
1322 5136 1423 5200 confer
1439 5134 1502 5186 aaa.
1517 5109 1707 5200 masalmas
1727 5133 1793 5205 cap.
1813 5136 1837 5189 1.
1856 5137 1879 5203 §-
1898 5136 1940 5189 87.
1958 5135 2000 5190 38.
2070 5136 2101 5204 2)
2121 5139 2181 5192 Pro

173 5179 241 5245 Der
261 5180 359 5263 longe
378 5180 443 5245 aha
465 5181 557 5246 decet
574 5182 747 5265 sobnetas;
765 5210 821 5270 qur
843 5199 881 5253 ut
897 5211 986 5253 emm
1003 5202 1151 5256 veritatis
1204 5208 1373 5278 matus
1391 5205 1449 5257 ata
1467 5209 1550 5256 natea
1568 5204 1592 5257 a.
1612 5205 1627 5257 ι.
1647 5206 1809 5274 legebantur.
