4672 5842
484 273 574 379 ani.
598 313 643 378 Π.
688 314 752 379 aa
776 311 1064 380 scammum
1087 313 1172 381 aar
1192 311 1539 381 annaurrorus.
1585 314 1684 381 oar.
1707 317 1734 381 1.
1756 316 1803 382 rr

136 315 201 378 lec

2084 322 2145 387 186

131 500 352 568 haereditario
387 502 460 566 iure
497 504 667 568 universos
705 503 956 587 comprehensos
991 510 1109 570 teneat.
1163 503 1282 568 niebat
1326 503 1413 567 Nam
1435 502 1498 568 hoc
1520 511 1615 568 extra
1633 506 1889 571 controversiam
1916 509 2036 590 posito,
2060 510 2145 575 nihil

133 589 250 671 Neque
264 587 305 653 id
326 589 396 654 sine
416 596 531 652 autore
551 589 695 654 facimus.
740 588 868 654 Eadem
896 589 984 653 enim
1012 611 1111 655 causa
1166 589 1290 653 homini
1312 586 1352 652 de
1372 609 1431 653 suo
1453 588 1665 654 adimendum
1688 613 1767 670 esse,
1790 601 1997 676 quantopere,
2013 596 2145 661 intersit

134 695 195 740 nos
223 695 337 740 omnes
364 696 435 739 esse
462 682 582 739 natura
613 675 697 741 filios
729 677 798 741 irae
827 674 920 741 docet
943 677 1111 757 apostolus
1165 675 1273 757 ipsum
1295 674 1377 738 falsa
1400 675 1593 757 gloriatione
1616 676 1720 755 deiici,
1744 678 1853 760 palam
1872 689 2020 745 constare
2037 681 2142 749 debet.

134 761 236 845 (Eph.
258 764 287 839 2,
312 760 356 844 3).
411 759 583 841 Quomodo
608 769 777 827 creaturae
805 763 952 825 omnium
978 761 1112 827 nobilis-
1166 761 1251 826 Nam
1274 761 1303 824 si
1324 782 1366 824 ne
1388 768 1460 823 tum
1482 761 1613 843 quidem
1635 762 1697 828 hoc
1715 763 1842 828 homini
1860 787 2049 831 concessum
2070 769 2142 847 fuir,

134 849 237 912 simae
258 846 408 911 infensus
430 855 516 911 esset
533 846 635 925 Deus,
657 850 710 913 cui
727 848 859 931 placent
876 849 990 911 infima
1012 869 1111 930 quae-
1166 855 1204 911 ut
1225 848 1260 910 in
1289 867 1324 910 se
1353 846 1566 929 gloriaretur,
1597 869 1697 930 quum
1725 850 1791 914 Dei
1812 850 2027 917 beneficentia
2053 874 2143 918 snm·

133 954 196 1015 que
222 954 323 1015 opera
350 931 430 997 sua?
476 930 545 997 Sed
577 935 684 1016 operis
707 936 757 1000 sui
783 933 984 1019 corruptioni
1006 935 1111 1016 magis
1165 933 1228 997 mis
1251 933 1453 996 ornamentis
1476 942 1562 998 esset
1582 934 1768 1017 insignitus,
1791 943 1950 1019 quantum
1971 961 2058 1004 nunc
2079 939 2143 1003 hu·

132 1020 282 1083 infensus
304 1027 354 1082 est
376 1039 475 1100 quam
497 1019 588 1101 operi
610 1041 677 1084 suo.
722 1020 813 1103 Ergo
844 1021 873 1084 si
899 1020 939 1084 ob
962 1020 1112 1084 vitiatam
1165 1017 1287 1082 miliari
1312 1019 1478 1095 convenit,
1513 1019 1569 1084 ubi
1602 1020 1643 1084 ob
1672 1041 1765 1084 suam
1798 1021 2065 1106 ingratitudinem
2102 1026 2142 1090 ab

133 1105 315 1170 humanam
343 1114 496 1169 naturam
521 1126 588 1169 non
610 1107 726 1170 inscite
754 1105 875 1171 dicitur
896 1106 993 1170 homo
1015 1112 1112 1169 natu·
1166 1104 1286 1168 eximia
1313 1103 1418 1187 gloria
1445 1106 1480 1167 in
1508 1114 1687 1170 extremam
1716 1107 1930 1190 ignominiam
1952 1109 2143 1177 deturbatus

133 1191 250 1256 raliter
272 1211 342 1255 esee
364 1191 436 1256 Deo
459 1191 695 1273 abominabilis,
718 1213 784 1257 non
806 1193 906 1256 etiam
929 1193 1041 1274 inepte
1063 1189 1113 1254 di·
1167 1188 1238 1254 est?
1260 1190 1328 1254 Pro
1351 1211 1397 1266 eo,
1420 1191 1564 1273 inquam,
1586 1198 1735 1272 tempore
1757 1194 1874 1274 quoin
1895 1216 2061 1259 summurn
2083 1196 2143 1261 ho·

134 1284 227 1343 cetur
254 1276 449 1341 naturaliter
477 1298 600 1359 pravus
634 1286 668 1342 et
691 1279 839 1345 vitiosus.
891 1276 1112 1358 Quemadmo·
1166 1275 1255 1340 noris
1282 1276 1449 1358 fastigium
1482 1285 1613 1342 evectus
1642 1285 1725 1356 erat,
1760 1279 1923 1362 scriptura
1951 1281 2035 1344 nihil
2055 1281 2144 1347 aliud

135 1363 216 1428 dum
236 1383 306 1427 non
328 1370 461 1428 veretur
478 1363 694 1446 Augrstinus,
715 1365 842 1429 ratione
859 1371 1032 1446 corruptae
1054 1383 1113 1426 na·
1166 1362 1197 1426 ei
1224 1361 1341 1426 tribuit
1372 1382 1470 1444 quarn
1496 1361 1582 1445 quod
1617 1372 1745 1428 creatus
1781 1374 1867 1430 esset
1894 1365 1936 1430 ad
1964 1367 2144 1450 imaginem

134 1460 244 1528 turae,
272 1449 437 1513 naturalia
465 1448 573 1514 dicere
599 1459 733 1533 peccata
758 1471 841 1533 quae
870 1449 906 1513 in
936 1470 1033 1514 carne
1055 1469 1114 1514 no·
1165 1446 1245 1510 Dei:
1275 1469 1337 1530 quo
1367 1447 1490 1513 scilicet
1510 1450 1670 1527 insinuat,
1704 1471 1772 1514 non
1798 1452 1938 1533 propriis
1966 1452 2059 1519 bonis
2086 1451 2144 1520 aed

135 1543 205 1601 stra
225 1536 409 1600 necessario
432 1542 588 1619 regnant,
611 1536 667 1600 ubi
696 1537 787 1601 abest
809 1536 873 1600 Dei
900 1536 1015 1618 gratia.
1060 1534 1114 1599 Ita

134 1621 301 1687 evanescit
325 1621 464 1686 stultum
486 1621 758 1687 Manichaeorum
780 1629 1027 1704 nugamentum,
1057 1620 1114 1704 qui

134 1728 238 1790 quum
260 1706 509 1772 substantialem
537 1707 572 1770 in
604 1708 736 1772 homine
764 1707 924 1772 malitiam
951 1708 1113 1790 imagina-

133 1801 264 1871 rentur,
287 1793 428 1857 alterum
457 1792 505 1857 illi
528 1794 728 1859 conditorem
755 1794 911 1877 affingere
934 1795 1005 1858 ausi
1027 1800 1112 1871 sunt,

133 1901 177 1944 ne
202 1880 289 1944 iusto
311 1879 384 1944 Deo
401 1879 594 1944 viderentur
612 1881 690 1945 mali
709 1901 841 1945 oausam
860 1885 894 1943 et
914 1879 1114 1961 principium

132 1985 312 2049 assignare.

498 2221 650 2288 carm
672 2223 717 2289 11.
738 2223 762 2307 1)

131 2364 363 2448 Hominem
408 2363 572 2447 arbitrii
620 2364 820 2447 libertate
868 2395 980 2448 nunc
1019 2394 1112 2448 esse

135 2485 363 2599 spoliatum
387 2495 433 2566 et
452 2485 631 2568 miserae
663 2485 859 2567 servituti
886 2485 1112 2568 addictum.

201 2639 248 2718 '1.
292 2653 472 2735 Postquam
493 2652 602 2716 visum
624 2660 674 2717 est
690 2653 814 2734 peccati
836 2652 1050 2731 dominatum,
1073 2674 1115 2717 ex

71 2789 75 2794 .
133 2760 197 2822 quo
222 2739 366 2822 primum
395 2737 563 2802 hominem
590 2739 653 2803 sibi
687 2738 868 2821 obligatum
895 2739 1017 2817 tenuit,
1051 2759 1114 2803 aaa

132 2826 233 2892 solam
254 2825 290 2889 in
311 2831 380 2889 toto
398 2845 518 2908 genere
540 2825 697 2908 grassari,
725 2825 779 2891 c'cd
806 2825 841 2887 ia
863 2824 998 2889 solidam
1019 2825 1113 2890 etiam

134 2930 283 2993 occupare
303 2910 449 2994 stapulas
471 2911 606 2989 animoa,
629 2931 712 2975 auae
724 2912 861 2991 propias
879 2909 1111 2976 excutiendum

133 3002 251 3077 restat,
281 3017 323 3060 ex
349 3017 414 3079 quo
443 2997 479 3060 in
506 2995 593 3061 hanc
620 2997 814 3063 servitutem
841 2995 965 3062 redacti
986 3017 1110 3075 sumus,

133 3104 176 3149 an
197 3083 287 3147 omni
314 3082 445 3166 spoliati
472 3082 575 3146 simus
599 3081 772 3147 libertate?
801 3090 835 3147 et
862 3083 891 3147 si
920 3104 987 3165 qua
1006 3083 1110 3164 parti·

133 3169 208 3235 cula
229 3168 337 3234 adhuc
359 3169 457 3252 viget,
480 3189 648 3250 quousque
670 3169 720 3234 vis
742 3169 811 3233 eius
834 3167 1008 3251 procedat?
1043 3166 1111 3234 Sed

134 3275 196 3337 quo
215 3255 342 3321 facilius
363 3254 459 3319 nobis
476 3255 574 3318 huius
596 3255 796 3336 quaestionis
822 3255 946 3320 veritae
975 3253 1110 3333 eluceat,

134 3360 268 3423 scopum
298 3339 402 3405 obiter
431 3343 624 3423 praefigam,
657 3362 721 3423 quo
756 3348 824 3405 tota
857 3361 986 3405 summa
1012 3338 1111 3404 desti-

132 3425 248 3493 nanda
267 3426 319 3490 sit.
364 3426 452 3490 Haec
479 3433 580 3490 autern
603 3429 721 3508 optimc
747 3427 877 3491 mceruii
905 3427 1023 3491 erroris
1052 3427 1113 3491 erit

131 3511 233 3589 ratio,
261 3510 289 3575 si
310 3511 455 3592 pericula
482 3512 729 3577 considerentur
757 3533 839 3594 quae
869 3513 1021 3595 utrinque
1047 3513 1111 3577 im·

131 3597 270 3663 minent.
281 3596 310 3679 2)
353 3596 440 3661 Nam
462 3598 520 3661 ubi
541 3600 630 3662 omui
648 3598 843 3664 rectitudine
861 3598 1039 3664 abdicaturv
1053 3598 1112 3663 ho·

133 3704 204 3762 mo,
234 3682 348 3754 statim
375 3703 416 3746 ex
444 3704 480 3746 oo
509 3682 652 3749 desidiae
683 3685 887 3750 occasionem
915 3685 1044 3767 arripit;
1079 3691 1113 3748 et

133 3770 213 3852 quia
233 3767 319 3832 nihil
346 3766 388 3832 ad
416 3769 558 3833 iustitiae
586 3771 731 3836 studium
759 3771 869 3836 valere
895 3791 955 3853 per
977 3792 1011 3835 se
1033 3770 1112 3836 dici-

133 3863 204 3933 tur,
232 3853 315 3918 illud
339 3860 460 3931 totum,
489 3856 580 3936 quasi
606 3856 671 3921 iam
701 3856 785 3921 nihil
813 3855 854 3920 ad
882 3877 918 3921 se
938 3857 1111 3938 pertineat,

134 3960 254 4023 susque
286 3939 392 4023 dequo
427 3939 534 4004 habet.
579 3939 726 4009 Rursum
754 3943 807 4008 vel
833 3941 1036 4006 minutulum
1062 3942 1112 4006 illi

133 4025 304 4110 quidpiam
325 4026 474 4110 arrogari
502 4046 568 4089 non
594 4034 711 4109 potest,
734 4029 814 4111 quin
844 4036 877 4092 et
897 4029 970 4093 Deo
988 4027 1111 4110 praeri-

155 4113 244 4178 iatur
274 4133 354 4178 suus
387 4113 510 4190 honor,
545 4120 579 4175 et
610 4113 679 4194 ipse
709 4115 884 4179 temeraria
916 4112 1113 4179 confidentia

134 4133 356 4264 labefactetur.
400 4198 457 4263 Ad
490 4197 550 4262 hos
585 4218 663 4282 ergo
695 4199 843 4282 scopulos
876 4222 918 4265 ne
949 4200 1112 4284 impinga-

134 4305 222 4363 mus,
247 4283 409 4350 tenendus
437 4284 491 4350 hic
516 4304 633 4349 cursus
650 4285 726 4364 crit,
756 4292 793 4349 ut
814 4286 911 4350 homo
928 4286 1012 4351 nihil
1034 4285 1112 4350 boni

135 4391 235 4452 penes
257 4391 291 4435 se
313 4370 477 4453 reliquum
507 4370 569 4435 sibi
598 4392 669 4435 esse
692 4370 838 4449 edoctus,
872 4379 906 4436 et
928 4372 1111 4437 miserrima

133 4455 277 4538 undique
304 4457 497 4523 necessitate
533 4456 786 4537 circumseptus,
820 4457 974 4522 doceatur
1001 4466 1111 4522 tamen

133 4541 172 4607 ad
196 4542 319 4608 bonum
339 4564 403 4625 quo
425 4564 549 4608 vacuus
577 4551 641 4622 est,
670 4541 711 4606 ad
738 4543 923 4607 libertatem
956 4564 1021 4625 qua
1043 4544 1110 4626 pri-

132 4635 229 4694 vatus
251 4638 309 4707 est,
333 4629 493 4711 aspirare,
525 4636 570 4696 et.
586 4629 693 4694 acrius
720 4629 761 4693 ab
789 4627 923 4711 ignavia
950 4628 1111 4694 excitetur

133 4714 281 4796 quamsi
303 4734 433 4779 summa
455 4714 576 4779 virtute
596 4717 779 4798 fingeretur
806 4714 993 4779 instructus.
1037 4714 1111 4781 Hoc

134 4798 313 4866 secundum
342 4822 441 4881 quam
463 4801 684 4866 necessarium
707 4801 763 4879 sit,
794 4821 891 4864 nemo
918 4819 985 4864 non
1011 4799 1109 4866 videt

131 4884 184 4950 De
207 4882 318 4969 priore
349 4882 444 4952 video
472 4907 492 4950 a
520 4887 669 4968 pluribus
695 4885 840 4952 dubitari
867 4907 965 4969 quarn
993 4907 1109 4953 conre-

199 5108 229 5178 1)
249 5107 358 5178 Capitis
374 5109 457 5164 barba
485 5109 627 5163 masam
655 5109 777 5165 hubaldi
802 5113 834 5164 in
857 5110 975 5165 editione
996 5126 1108 5178 praece

130 5176 210 5234 doato
234 5177 301 5247 (lap.
327 5177 371 5232 11.
391 5179 414 5245 ξ.
435 5176 477 5232 16.
496 5177 537 5232 ll.
556 5177 678 5233 20-46.
748 5179 779 5247 2)
805 5180 881 5233 Haec
905 5180 958 5235 duo
975 5179 1108 5250 praccipi-

130 5247 171 5300 tia
187 5251 266 5302 notat
283 5247 398 5317 Arguat.
417 5248 497 5318 epist.
514 5245 558 5302 47.
576 5246 654 5315 (alo)
672 5252 702 5302 et
718 5249 747 5303 in
763 5249 857 5307 Icaun.
877 5265 899 5303 c.
918 5247 959 5302 12.

1165 1533 1230 1598 Dei
1251 1534 1500 1615 participatione
1522 1535 1622 1599 fuisse
1643 1535 1785 1600 beatum.
1831 1535 1920 1617 Quid
1947 1559 2025 1621 ergo
2054 1561 2143 1606 nunc

1166 1626 1324 1701 superest,
1347 1620 1413 1684 nisi
1435 1630 1473 1682 ut
1494 1621 1603 1684 Deum
1628 1621 1739 1770 Seuius
1766 1622 2000 1688 beneficentiae
2029 1634 2143 1707 gratus

1167 1726 1324 1770 essenon
1347 1707 1469 1787 potuit,
1499 1727 1599 1787 quum

1167 1790 1233 1873 ret)
1251 1791 1340 1855 omni
1368 1791 1472 1874 gloria
1499 1792 1608 1857 nudus
1633 1814 1671 1857 ac
1699 1793 1873 1859 destitutus
1899 1795 2076 1878 agnoscat?
2110 1803 2144 1861 et

1167 1898 1264 1958 quem
1291 1876 1452 1941 bonorum
1479 1899 1613 1942 suorum
1641 1881 1862 1962 recognitione
1889 1901 1954 1944 non
1982 1881 2143 1963 glorifica·

1166 1963 1224 2040 vit,
1258 1985 1345 2027 nunc
1374 1963 1491 2027 saltem
1528 1964 1680 2048 propriae
1707 1967 1911 2047 paupertatis
1943 1966 2143 2032 confessione

1168 2047 1348 2131 glorificet?
1394 2048 1507 2112 Nihilo
1526 2050 1624 2113 etiam
1643 2050 1752 2115 nrinus
1772 2073 1789 2115 e
1808 2072 1844 2115 ro
1865 2059 1978 2117 nostra
1995 2060 2053 2130 cst,
2072 2073 2142 2116 om-

1167 2155 1242 2198 nem
1270 2135 1448 2216 sapientiae
1478 2136 1672 2217 virtutisque
1699 2135 1829 2202 laudem
1863 2138 1956 2202 nobis
1983 2138 2141 2221 derogari,

1167 2241 1266 2303 quam
1299 2219 1340 2283 ad
1373 2220 1438 2284 Dei
1470 2220 1608 2304 gloriam
1642 2223 1771 2287 attinet:
1806 2232 1844 2287 ut
1871 2245 1947 2288 oum
1973 2224 2142 2307 sacrilegio

1167 2306 1298 2370 ruinam
1320 2314 1468 2370 nostram
1486 2309 1686 2391 coniungant
1703 2310 1757 2390 qui
1776 2309 1899 2391 aliquid
1916 2309 2006 2373 ultra
2026 2330 2143 2374 verum

1167 2392 1260 2456 nobis
1280 2392 1496 2475 largiuntur(
1520 2392 1609 2474 Quid
1628 2394 1715 2457 enim
1734 2394 1824 2459 aliud
1844 2396 1891 2471 fit,
1915 2417 2015 2478 quum
2037 2401 2142 2461 marte

1167 2485 1279 2542 nostro
1301 2475 1455 2543 docemur
1476 2479 1681 2555 contendere,
1704 2481 1768 2545 nisi
1794 2480 1879 2564 quod
1906 2481 2021 2546 baculo
2043 2503 2142 2545 arun·

1167 2562 1262 2627 dinco
1284 2563 1319 2627 in
1341 2564 1479 2628 sublime
1502 2566 1688 2644 evehimur,
1708 2586 1771 2649 quo
1793 2589 1871 2631 mox
1899 2568 2063 2632 confracto
2085 2566 2141 2632 de·

1166 2648 1334 2714 cidamus?
1380 2648 1578 2734 Quanquam
1600 2653 1698 2716 nimie
1715 2653 1895 2716 etiamnum
1912 2651 2142 2717 commendan-

1166 2742 1221 2799 tur
1248 2736 1336 2800 vircs
1365 2745 1511 2815 nostrae,
1547 2737 1625 2801 dum
1652 2737 1767 2803 baculo
1801 2738 1981 2804 arundineo
2011 2758 2141 2821 compa·

1165 2827 1290 2884 rantur.
1335 2822 1463 2886 Ilumue
1484 2824 1571 2888 enim
1592 2831 1644 2888 est
1664 2824 1819 2906 quidquid
1838 2824 1878 2889 de
1895 2824 1960 2889 illis
1982 2824 2059 2887 vani
2081 2823 2141 2888 ho·

1165 2907 1271 2970 mines
1293 2909 1467 2972 commenti
1490 2918 1569 2974 sunt
1595 2916 1624 2973 ct
1648 2912 1805 2991 garriunt.
1850 2909 1961 2991 Quare
1988 2930 2056 2974 non
2083 2910 2141 2975 aba

1165 3015 1201 3056 re
1223 2994 1318 3058 toties
1347 2992 1388 3058 ab
1414 2995 1600 3078 Augustino
1629 2996 1797 3078 praeclara
1823 2997 1886 3060 ista
1908 2996 2070 3060 sententia
2088 3016 2141 3060 rc-

1164 3078 1294 3160 petitur,
1318 3080 1526 3162 praecipitari
1548 3083 1654 3164 magis
1676 3104 1696 3147 a
1717 3083 1786 3147 suis
1815 3080 2038 3146 defensoribus
2060 3081 2141 3146 libe-

1165 3186 1238 3229 rum
1267 3165 1455 3244 arbitrium,
1483 3187 1581 3249 quarn
1610 3167 1756 3233 stabiliri.
1801 3167 1893 3233 Haeo
1920 3167 2061 3250 praefari
2083 3187 2141 3231 nc·

1164 3272 1253 3316 cesse
1270 3251 1332 3315 fuit
1353 3259 1486 3334 propter
1507 3253 1697 3332 nonnullos,
1726 3253 1795 3336 qui,
1819 3252 1898 3317 dum
1919 3251 2058 3318 audiunt
2078 3252 2141 3317 hu·

1164 3358 1297 3401 manam
1323 3337 1481 3403 virtutem
1505 3338 1652 3405 funditus
1674 3341 1792 3418 everti,
1822 3347 1859 3403 ut
1879 3340 1944 3404 Dei
1970 3339 2077 3402 virtus
2105 3339 2141 3403 in

1164 3422 1296 3487 homine
1318 3423 1520 3501 aedificetur,
1552 3431 1656 3490 totam
1679 3425 1764 3505 hane
1792 3423 2045 3507 disputationem
2066 3445 2140 3507 pes·

1164 3508 1259 3573 sime.
1273 3507 1413 3574 odenmt
1444 3512 1536 3592 quasi
1567 3511 1799 3593 periculosam,
1829 3511 1952 3575 nedum
1983 3530 2141 3592 superva-

1164 3615 1272 3660 cuam:
1302 3616 1400 3678 quam
1423 3603 1534 3661 tamen
1555 3605 1589 3661 et
1605 3598 1641 3661 in
1663 3597 1820 3680 religione
1846 3596 2079 3675 necessariam,
2107 3601 2141 3661 et

1163 3680 1256 3745 nobis
1278 3681 1485 3746 utilissimam
1508 3703 1578 3746 esse
1598 3692 1742 3766 apparet

1251 3769 1280 3831 2.
1323 3767 1421 3833 Nunc
1443 3768 1693 3846 consideremus,
1722 3789 1820 3849 quam
1835 3768 1934 3848 pardo
1960 3772 2031 3831 mae
2051 3767 2140 3833 dice·

1163 3853 1266 3917 rimas
1287 3853 1323 3916 in
1343 3858 1441 3920 mace
1466 3860 1494 3917 et
1515 3856 1604 3920 corde
1630 3855 1711 3919 aiter
1739 3875 1803 3919 esse
1820 3854 1946 3918 animae
1965 3852 2139 3933 facultates,

1164 3937 1241 4020 quid
1258 3959 1336 4021 pars
1358 3948 1495 4021 utraque
1516 3940 1646 4023 polleat.
1691 3939 1885 4021 Philosophi
1913 3959 1991 4003 sane
2017 3958 2140 4022 magno

1164 4045 1324 4090 consensu
1345 4025 1505 4090 rationem
1523 4027 1559 4090 in
1577 4033 1687 4090 mente
1705 4025 1871 4091 considere
1894 4026 2035 4109 fingunt,
2058 4045 2141 4108 quae

1163 4110 1269 4175 instar
1290 4110 1451 4193 lampadis
1473 4112 1617 4177 conciliis
1639 4111 1789 4177 omnibus
1816 4111 2012 4193 praeluceat,
2035 4119 2069 4176 et
2089 4111 2141 4175 in-
2164 4119 2166 4122 ⁴

1163 4203 1232 4261 star
1249 4197 1383 4280 reginae
1405 4197 1608 4263 voluntatem
1631 4197 1826 4262 moderetur.
1871 4197 1926 4261 Ita
1952 4198 2040 4261 enirn
2069 4197 2140 4261 luce

1163 4281 1275 4347 divina
1296 4283 1461 4364 perfusam
1483 4304 1568 4361 esse,
1602 4293 1640 4348 ut
1669 4284 1789 4366 optime
1812 4283 1995 4360 consulere,
2030 4304 2068 4346 eo
2090 4283 2140 4346 vi·

1163 4388 1241 4451 gore
1259 4377 1433 4450 praestare,
1457 4378 1494 4433 ut
1515 4371 1635 4452 optime
1658 4371 1819 4452 imperare
1842 4378 1946 4452 queat.
1992 4366 2138 4432 Sensum

1162 4461 1277 4518 contra
1299 4462 1429 4536 torpere
1452 4464 1485 4519 et
1506 4456 1701 4539 lippitudine
1724 4456 1837 4530 teneri,
1866 4464 1904 4518 ut
1925 4474 2054 4534 semper
2075 4452 2139 4516 hu·

1162 4540 1208 4602 mi
1230 4548 1348 4623 serpat,
1372 4548 1406 4604 et
1427 4542 1461 4604 in
1485 4543 1698 4607 crassioribus
1719 4542 1851 4607 obiectis
1872 4538 2049 4615 volutetur,
2078 4558 2139 4605 neo
2249 4582 2252 4587 -

1163 4646 1308 4708 unquam
1328 4648 1363 4690 se
1385 4626 1513 4691 attollat
1541 4628 1583 4693 ad
1603 4649 1716 4693 veram
1742 4625 1983 4709 perspicaciam.
2028 4625 2139 4707 Appe-

1161 4712 1269 4788 titum,
1293 4710 1322 4777 si
1342 4713 1460 4776 rationi
1482 4735 1598 4795 parere
1626 4713 1800 4788 sustineat,
1828 4732 1889 4776 nec
1917 4711 2028 4775 sensui
2050 4711 2139 4776 subi·

1163 4797 1307 4882 gendum
1339 4819 1373 4862 se
1406 4800 1586 4880 permittat,
1620 4799 1662 4864 ad
1694 4797 1838 4864 studium
1866 4798 2028 4863 virtutum
2049 4797 2138 4874 ferri,

1161 4891 1286 4950 rectam
1307 4883 1397 4950 viam
1415 4893 1536 4964 tenere,
1560 4887 1646 4950 etin
1662 4885 1866 4950 voluntatem
1882 4882 2031 4962 formari;
2054 4881 2141 4966 quod

1162 4971 1245 5033 siin
1268 4971 1459 5036 servitutem
1481 4993 1598 5038 sensus
1620 4994 1655 5036 se
1685 4970 1823 5047 addicat,
1852 4970 1891 5035 ab
1915 4991 1953 5035 ec
1976 4969 2140 5052 corrumpi

1162 5062 1195 5119 et
1217 5055 1397 5138 depravari,
1423 5064 1460 5120 ut
1479 5057 1515 5121 in
1532 5057 1702 5122 libidinem
1719 5057 1904 5142 degeneret.
1939 5057 2049 5137 Atque
2070 5077 2140 5120 orn-

1161 5141 1247 5219 nino,
1282 5163 1382 5239 quum
1416 5164 1458 5207 ex
1486 5163 1599 5208 eorum
1635 5144 1788 5227 opinione
1819 5143 1896 5209 illae
1927 5162 2008 5224 quas
2041 5161 2140 5225 supra

1162 5225 1230 5290 dixi
1253 5247 1381 5292 ammae
1403 5227 1575 5293 facultates
1603 5231 1770 5311 inrideant,
1796 5229 1991 5306 intellectus,
2014 5247 2138 5304 sensus,

1651 1707 1752 1771 ivitiis
1778 1709 1903 1792 gratiae
1931 1710 1999 1773 eius
2029 1710 2143 1775 afflue-
2230 1718 2237 1736 ¹
