4672 5842
138 305 202 366 405
399 298 491 365 LIB.
514 298 576 365 III.
621 301 684 365 DE
708 298 844 366 MODO
866 301 1217 368 PEROIPIENDAE
1241 300 1432 368 CHRISTI
1455 302 1674 368 oRArIAn
1720 301 1820 369 OAP.
1843 303 1889 369 II.
2083 310 2147 374 406

139 490 177 555 in
209 510 281 556 cam
313 489 377 555 nisi
411 488 634 567 conserantur,
673 489 810 572 perdere
843 510 938 555 suam
970 492 1118 574 gratiam.
1172 492 1241 556 eius
1274 492 1327 557 vel
1357 491 1512 571 probrum
1540 490 1593 556 vel
1625 496 1856 575 contemptum.
1903 491 2148 579 Qualiscunque

140 577 195 642 Ad
232 576 267 642 id
305 574 511 658 probandum
542 574 772 640 distributione
810 577 928 654 utitur,
969 585 1120 659 repetens
1172 584 1281 641 antem
1308 576 1366 640 illa
1392 585 1443 640 est
1470 578 1629 654 assensio,
1664 577 1705 641 ad
1733 599 1788 643 cor
1813 580 1920 662 ipsum
1953 603 2056 662 usque
2085 582 2148 646 mi·

140 663 254 728 eadem
275 662 334 726 illa
354 681 437 743 quae
459 662 608 742 superins
625 669 834 726 recensuerat
856 660 949 738 dona,
973 663 1029 727 scd
1048 663 1120 729 aliis
1171 665 1260 727 nime
1280 669 1438 745 penetrat,
1461 671 1499 726 ut
1520 663 1586 728 illic
1608 662 1882 745 censer-asidona
1905 674 1938 729 et
1959 687 2148 750 quanquam

138 747 335 815 nominibus.
379 747 446 812 Pro
476 746 589 811 eodem
616 753 726 811 autem
753 757 893 831 usurpat
919 749 1059 814 virtutes
1087 760 1120 813 et
1171 749 1297 814 radices
1325 749 1430 830 egisse
1452 748 1617 813 interdum
1638 748 1783 827 videtur,
1812 751 1906 815 vivae
1934 760 2044 817 tamen
2071 754 2147 820 illae

138 835 248 914 fidem,
270 855 389 915 nempe
411 853 469 914 pro
487 830 688 897 edendorum
705 834 938 898 miraculorum
956 835 1117 899 facultate.
1171 857 1238 899 non
1266 843 1350 900 sunt.
1396 835 1459 898 Tot
1484 834 1640 899 vanitatis
1667 856 1813 900 recessus
1842 837 1955 916 hahet,
1984 844 2033 902 tot
2053 860 2147 904 men·

140 920 253 1002 Quum
283 941 361 1003 ergo
390 918 470 983 haec
499 919 568 982 sive
596 918 703 984 virtus
728 921 796 985 sive
818 919 899 985 fides
921 920 1118 1002 particulare
1171 919 1255 986 dacii
1276 919 1410 985 latebris
1432 928 1535 985 scatet
1556 942 1611 985 eor
1633 921 1829 1000 humanum,
1851 931 1920 986 tam
1940 924 2149 991 fraudulenta

141 1008 184 1073 sit
216 1006 338 1072 donum
368 1004 450 1085 Dei,
486 1024 551 1085 quo
585 1004 704 1086 impius
737 1006 898 1087 quispiam
932 1013 965 1069 et
996 1006 1118 1088 pollere
1171 1006 1335 1091 hypocrisi
1363 1006 1528 1069 obtectum
1560 1014 1626 1086 est,
1660 1013 1699 1069 ut
1725 1029 1760 1072 se
1786 1009 1894 1089 ipsum
1922 1031 2017 1092 saepe
2045 1011 2145 1076 fallat

140 1101 239 1176 queat
260 1100 293 1156 ct
312 1091 412 1168 abuti,
436 1099 474 1153 nt
496 1090 580 1154 dono
602 1090 800 1174 linguarum,
824 1098 862 1154 ut
879 1092 1057 1174 prophetia,
1080 1099 1119 1156 ut
1171 1093 1218 1156 At
1241 1114 1318 1158 vero
1340 1092 1396 1174 qui
1418 1091 1538 1155 talibus
1561 1092 1638 1156 fidei
1661 1091 1846 1157 simulacris
1869 1094 2065 1177 gloriantur,
2095 1099 2147 1161 in·

139 1180 213 1244 aliis
236 1176 502 1256 charismatibus,
531 1199 598 1240 non
625 1178 745 1240 mirum
774 1177 802 1241 si
827 1199 846 1241 a
868 1179 1003 1243 caritate
1025 1199 1118 1260 sepa-
1171 1178 1322 1261 telligant
1344 1176 1481 1241 diabolis
1505 1178 1606 1242 nihilo
1629 1201 1664 1244 se
1684 1178 1721 1240 in
1742 1178 1804 1242 hac
1826 1188 1919 1261 parte
1941 1182 2145 1263 praecellere.

139 1278 239 1330 retur.
286 1264 388 1327 Totus
417 1269 528 1325 autem
550 1263 687 1326 istomm
709 1284 800 1326 error
822 1264 857 1326 in
879 1284 917 1327 eo
940 1276 1004 1338 est,
1032 1263 1119 1345 qnod
1170 1265 1304 1337 Priores
1332 1269 1418 1329 certe
1440 1263 1488 1325 illi
1510 1270 1587 1327 sunt
1607 1264 1711 1328 multo
1734 1265 1916 1341 inferiores,
1945 1268 2000 1348 qui
2025 1268 2147 1351 stupidi

139 1373 240 1434 quum
263 1347 458 1415 vocabulum
483 1347 561 1411 fidei
588 1349 631 1412 sit
652 1340 839 1431 colloquar,
868 1349 1042 1432 significati
1070 1349 1118 1414 di·
1171 1349 1312 1414 andiunt
1334 1356 1366 1413 et
1387 1348 1592 1431 intelligunt,
1621 1371 1760 1432 quorum
1788 1351 1904 1414 notitia
1928 1352 2048 1417 diaboli
2071 1376 2148 1419 con·

139 1438 296 1502 versitate
310 1455 378 1498 non
398 1434 578 1513 observata,
601 1434 736 1517 perinde
759 1433 1118 1517 pugnantacsieadem
1171 1437 1364 1500 tremiscunt
1381 1434 1460 1519 (Iac.
1475 1439 1503 1512 2,
1526 1433 1596 1518 19);
1619 1436 1674 1499 alii
1696 1436 1730 1499 in
1752 1435 1814 1501 boc
1831 1459 1928 1519 pares
1946 1447 2037 1518 sunt,
2060 1439 2148 1522 quod

140 1522 260 1605 ubique
281 1522 365 1585 soret
386 1520 537 1601 acceptio.
582 1521 693 1585 Locus
714 1521 832 1597 Iacobi,
855 1543 952 1603 quem
973 1522 1009 1584 in
1032 1523 1118 1586 eius·
1170 1522 1406 1603 qualiscunque
1433 1542 1564 1600 sensus,
1596 1543 1660 1603 quo
1694 1531 1890 1604 tanguntur,
1925 1524 1960 1586 in
1987 1531 2148 1590 terrorem

140 1609 214 1673 dem
236 1607 357 1673 erroris
378 1605 596 1688 patrocinium
618 1614 797 1683 accersunt,
820 1606 898 1670 alibi
916 1606 1116 1671 discutietur.
1170 1608 1304 1671 tandem
1326 1607 1395 1671 exit
1416 1613 1448 1668 ot
1470 1609 1773 1671 consternationem.

140 1690 338 1776 Quanquam
351 1691 375 1775 ¹)
407 1713 478 1756 cero
499 1692 611 1774 plures
638 1714 708 1757 esse
730 1692 806 1757 fidei
835 1693 956 1756 formas
982 1693 1119 1758 docendi
1259 1698 1307 1756 11.
1355 1692 1426 1757 Scio
1447 1693 1634 1773 quibusdam
1655 1694 1771 1756 dierum
1791 1694 1894 1759 vinni·
1919 1694 1973 1758 noi·
1997 1695 2078 1776 fides
2101 1716 2149 1761 re·

139 1802 239 1846 causa
270 1777 491 1855 concedimus,
525 1778 603 1842 dum
635 1778 787 1843 volumus
816 1778 986 1842 osmndcrc
1014 1778 1118 1861 qualis
1165 1779 1275 1860 proin
1301 1779 1464 1856 tribuitur,
1497 1799 1593 1859 quarn
1623 1777 1749 1843 Paulus
1772 1778 1803 1863 (l
1826 1779 1938 1844 Thess.
1963 1786 1994 1859 l,
2014 1781 2049 1865 4)
2077 1801 2146 1846 eam

140 1868 184 1932 sit
216 1867 251 1930 in
282 1865 391 1947 impiis
423 1865 488 1928 Dei
520 1865 649 1941 notitia,
683 1866 815 1929 unicam
847 1873 956 1929 tamen
990 1865 1118 1947 plorum
1168 1865 1305 1946 fructura
1327 1864 1480 1928 electionis
1501 1885 1565 1928 esse
1587 1860 1715 1928 asserd.
1764 1866 1825 1946 Qzei
1852 1871 1955 1929 tannen
1976 1868 2077 1931 eodm
2096 1868 2147 1950 fa-

138 1952 253 2030 fidem,
282 1958 321 2015 ut
343 1951 505 2032 scriptura
528 1948 634 2027 docet,
664 1952 869 2033 agnoscimus
898 1958 931 2014 et
951 1951 1119 2033 praedica-
1169 1951 1226 2014 cile
1247 1950 1394 2014 soluitur:
1417 1951 1493 2029 quia
1513 1952 1571 2014 etei
1591 1952 1628 2014 in
1646 1950 1741 2031 adem
1761 1971 1824 2014 non
1844 1951 2072 2032 illuminantur,
2092 1972 2147 2019 nee

139 2061 220 2103 mus.
267 2036 416 2112 Credunt
446 2045 534 2099 certe
559 2036 692 2118 plurimi
719 2037 829 2101 Deum
856 2058 942 2114 esse,
976 2056 1118 2119 evange·
1170 2036 1323 2119 eeanpelii
1344 2035 1518 2116 efficaciam
1546 2057 1616 2099 vere
1644 2038 1793 2114 satiant,
1821 2038 1887 2101 nisi
1910 2038 1964 2118 qui
1980 2039 2147 2117 praeordi-

140 2124 237 2190 licam
259 2123 430 2187 historiam
459 2143 496 2186 ao
523 2122 665 2205 reliquas
688 2123 868 2204 scripturae
891 2128 1002 2205 partes
1024 2142 1118 2187 veras
1170 2123 1238 2186 reati
1264 2127 1336 2186 eund
1360 2123 1403 2186 ad
1424 2122 1571 2200 salutern
1597 2124 1789 2202 experientia
1816 2127 1918 2186 taenea
1944 2125 2074 2188 onerulit
2100 2144 2147 2190 re-

140 2232 211 2276 esse
238 2208 452 2287 arbitrantur;
479 2207 574 2289 quale
602 2209 669 2271 lere
690 2207 849 2273 iudicium
871 2229 941 2272 esse
964 2208 1047 2271 solet
1077 2207 1117 2272 de
1166 2208 1279 2290 proba
1301 2207 1457 2271 interdum
1478 2207 1580 2271 sintili
1606 2208 1671 2289 sere
1697 2229 1791 2273 sermo
1814 2212 1905 2289 atque
1926 2209 2030 2274 elutos
2050 2211 2145 2292 affici,

138 2296 180 2361 iis
201 2317 284 2378 quae
304 2293 357 2359 vol
379 2294 457 2358 olim
480 2301 573 2377 gesta
594 2302 781 2371 narrantur,
806 2293 858 2359 vel
880 2294 942 2376 ipsi
964 2313 1117 2376 praesen·
1169 2300 1205 2357 ut
1232 2313 1271 2356 ne
1296 2313 1353 2357 sao
1380 2292 1504 2373 quidem
1531 2293 1648 2358 indiae
1676 2295 1848 2374 quidquam
1877 2295 1915 2358 ab
1937 2295 2039 2359 elect-is
2060 2296 2148 2378 diffe-

139 2390 190 2446 tes
220 2381 446 2463 spectavimus.
492 2378 580 2445 Sunt
607 2380 706 2443 etiam
733 2381 788 2461 qui
816 2380 902 2443 ultra
925 2376 1117 2462 procedunt:
1169 2382 1250 2444 rant.
1299 2379 1403 2459 Quare
1423 2378 1505 2443 nillil
1527 2379 1658 2443 conon
1684 2384 1729 2442 est
1758 2380 1840 2459 quod
1861 2380 2034 2445 coelestium
2055 2383 2148 2447 dono·

140 2488 218 2532 narn
245 2474 277 2531 ct
298 2466 361 2530 Dei
391 2487 574 2530 sermonem
601 2487 660 2548 pro
688 2467 868 2531 certissimo
895 2465 1019 2530 habent
1046 2485 1117 2529 ora-
1169 2486 1242 2530 rum
1261 2469 1372 2547 pinus
1392 2463 1431 2527 ab
1453 2465 1602 2544 apostolo,
1631 2465 1858 2547 etternporalis
1877 2465 1956 2545 rides
1978 2489 1999 2531 a
2024 2465 2148 2533 Christo

141 2553 221 2630 eulo,
243 2574 303 2617 nec
325 2553 396 2617 eius
417 2558 592 2634 praecepta
610 2573 745 2634 prorsus
763 2552 947 2635 negligunt,
970 2558 1003 2615 et
1020 2551 1118 2616 minis
1170 2552 1238 2616 illis
1259 2550 1463 2637 adscribitur:
1486 2571 1549 2613 reme
1569 2550 1650 2630 quod
1671 2552 1735 2614 cina
1755 2552 1937 2632 spiritualis
1956 2554 2080 2633 pratiae
2100 2573 2147 2618 so-

140 2649 174 2704 et
196 2638 466 2721 promissionibus
493 2646 658 2720 utcunque
686 2647 941 2705 commoventur.
984 2636 1118 2701 Talibus
1170 2638 1233 2702 lide
1254 2637 1433 2717 percipiant
1459 2657 1495 2700 ac
1523 2642 1639 2701 certam
1664 2636 1739 2717 fidei
1762 2638 1878 2714 lnnicn,
1908 2639 1963 2702 sed
1984 2640 2062 2719 quia
2082 2637 2148 2704 Do-

139 2725 271 2809 quidem
296 2724 372 2789 fidei
400 2724 624 2789 testimonium
651 2724 822 2802 tribuitur,
857 2722 914 2787 sed
942 2744 1000 2805 per
1028 2721 1118 2784 κατά·
1169 2724 1291 2800 erinnis,
1319 2727 1354 2786 ut
1374 2723 1478 2804 napis
1499 2724 1648 2786 conciam
1668 2727 1696 2786 et
1716 2723 1943 2787 inexcusabiles
1964 2725 2089 2803 reddat,
2116 2744 2150 2791 se

139 2833 257 2896 1pqcrv:
286 2811 439 2892 quoniam
459 2810 524 2874 Dei
545 2810 683 2875 verbum
705 2830 772 2874 non
793 2811 991 2892 impugnant
1011 2809 1118 2872 mani·
1170 2810 1314 2873 imiiiuat
1340 2809 1376 2871 in
1403 2829 1508 2872 caum
1534 2814 1662 2887 inertes,
1695 2813 1845 2889 quatenus
1876 2810 1944 2873 sine
1973 2811 2149 2891 adoptionis

140 2898 222 2963 festa
248 2897 431 2978 impietate,
458 2897 512 2960 vel
534 2896 693 2975 reiiciurtt,
721 2894 773 2960 vel
802 2902 1030 2972 contemnunt,
1061 2893 1118 2957 sed
1169 2895 1287 2975 spiritu
1311 2895 1436 2976 pastori
1458 2898 1558 2975 potest
1585 2896 1654 2958 eius
1681 2894 1810 2958 cans.
1857 2894 1894 2958 Si
1921 2895 1993 2976 quis
2015 2896 2149 2977 obiiciat

141 2983 304 3065 quandam
326 2983 435 3064 potins
457 2981 661 3047 obedientiae
681 2982 821 3063 speciem
842 3002 920 3063 prae
943 3001 977 3044 se
997 2981 1116 3044 ferimt.
1169 2980 1253 3044 nibil
1273 2981 1373 3062 ipitar
1395 2980 1534 3060 amplius
1554 2985 1671 3044 restare
1690 2980 1835 3060 fidelibus
1856 2981 1938 3045 uruie
1958 2988 2036 3045 certo
2054 2982 2149 3064 adop-

228 3073 276 3133 lo.
308 3066 337 3152 ²)
349 3069 476 3132 Verum
498 3068 579 3134 haec
601 3068 678 3132 fidei
700 3089 758 3132 scu
776 3066 901 3144 umbra,
924 3088 982 3131 seu
999 3067 1117 3149 imago,
1170 3068 1283 3131 lunen
1304 3086 1398 3129 suane
1418 3066 1587 3145 aestiment,
1608 3067 1782 3148 respondeo,
1804 3068 1949 3146 quanrois
1969 3086 2087 3149 rnapna
2108 3068 2151 3133 sit

140 3162 178 3218 ut
196 3155 319 3219 nullius
341 3160 391 3218 ost
413 3156 584 3231 momenti,
607 3154 654 3218 ita
675 3153 815 3236 indigna
836 3160 887 3217 est
907 3151 984 3216 fidei
1006 3152 1117 3234 appel·
1169 3151 1344 3217 emittendo
1376 3157 1404 3215 et
1431 3150 1575 3243 affinitas
1600 3152 1681 3215 inter
1703 3151 1768 3216 Dei
1794 3153 1915 3230 electos,
1950 3157 1979 3217 et
2007 3153 2062 3232 qui
2087 3152 2150 3233 fide

139 3240 274 3319 latione;
304 3262 324 3303 a
350 3241 444 3304 euius
473 3237 575 3305 solida
597 3239 737 3304 veritate
766 3260 864 3321 quam
888 3238 1002 3321 procul
1024 3238 1118 3315 absit,
1169 3239 1288 3302 caduca
1315 3238 1358 3301 ad
1385 3242 1506 3317 ternpus
1538 3238 1706 3316 donantur,
1739 3238 1841 3320 cipe-re
1871 3242 1974 3302 tamen
2006 3240 2041 3303 in
2073 3238 2164 3305 solis·

139 3327 271 3392 tametsi
297 3346 374 3389 mox
395 3325 501 3390 fusius
521 3325 698 3404 videbitur,
732 3325 817 3389 nihil
844 3330 955 3388 tamen
982 3323 1120 3405 impedit
1170 3325 1271 3389 electis
1290 3323 1442 3404 {idaiam
1469 3323 1558 3387 illam
1585 3344 1680 3404 quarn
1708 3323 1836 3388 celebrat
1861 3322 1985 3388 Paulus
2008 3323 2098 3408 (Gal.
2117 3328 2148 3405 4,
2228 3325 2229 3328 ’

139 3434 228 3476 nunc
251 3411 356 3474 obiter
377 3411 523 3475 indicari.
562 3410 747 3476 Credidisse
770 3411 892 3476 dicitur
910 3408 1025 3475 Simon
1047 3430 1118 3473 ma·
1171 3409 1221 3561 εἰ),
1244 3414 1279 3473 ut
1293 3409 1387 3490 pleno
1407 3430 1458 3473 ore
1480 3409 1626 3484 clamem,
1648 3409 1734 3489 abda,
1751 3414 1853 3490 pater.
1898 3409 1994 3492 Fsrpo,
2016 3415 2051 3474 ut
2070 3410 2149 3476 soloe

141 3518 218 3580 gus,
259 3496 314 3576 qui
346 3505 458 3561 tamen
491 3517 585 3561 suam
622 3496 884 3562 incredulitatem
916 3496 1013 3578 paulo
1045 3503 1119 3578 post
1198 3501 1276 3560 ectas
1296 3497 1412 3559 suniae
1432 3495 1663 3576 irunruptidili
1685 3495 1774 3561 Deus
1801 3497 1837 3559 ia
1859 3501 2047 3577 perpetuum
2067 3517 2149 3580 repe-

139 3580 250 3666 prodit
277 3579 490 3663 (actara.
513 3582 577 3667 18).
629 3581 726 3662 Quod
758 3582 840 3647 fides
872 3582 920 3646 illi
952 3582 1117 3660 tribuitur,
1170 3586 1273 3659 nnat,
1299 3588 1334 3644 nt
1360 3602 1522 3663 rauranum
1550 3581 1707 3661 dnpueat
1732 3601 1834 3646 serua
1854 3583 1936 3646 citae
1957 3602 2062 3646 enain
2084 3603 2149 3648 cor·

139 3690 207 3733 non
235 3665 449 3750 intelligimus
478 3689 552 3733 curn
579 3669 788 3750 quibusdam,
818 3669 988 3734 simulasse
1010 3667 1118 3733 verbis
1170 3669 1263 3733 dibus
1285 3667 1431 3746 insitum,
1458 3669 1505 3730 ita
1532 3667 1630 3731 solide
1656 3669 1692 3731 in
1717 3668 1784 3732 uto
1811 3667 1952 3750 obsignant
1972 3668 2148 3749 adoptionis

141 3776 240 3837 quam
263 3753 299 3816 in
321 3752 417 3816 corde
439 3753 563 3817 nullam
585 3755 736 3834 haberet;
765 3754 821 3819 sed
850 3752 1119 3838 potins—arbitra·
1170 3774 1247 3819 suae
1265 3754 1418 3836 pratum,
1434 3759 1470 3816 at
1490 3752 1613 3817 stabilis
1634 3773 1670 3818 ac
1688 3759 1762 3818 rata
1777 3754 1826 3818 sit.
1862 3753 1923 3817 Sed
1943 3753 1998 3816 lrcc
2018 3755 2147 3820 rainime

141 3861 216 3904 mur
235 3838 396 3922 evangelii
412 3839 584 3904 maiestate
602 3841 725 3906 netum
745 3841 1004 3923 qualemcunque
1020 3839 1119 3903 fidem
1170 3841 1268 3905 duat
1288 3841 1365 3921 quin
1386 3839 1446 3903 illa
1465 3838 1598 3919 insuar
1614 3841 1748 3920 spiritus
1764 3841 1900 3919 operatio
1913 3858 2040 3902 cursone
2053 3859 2147 3903 suum

142 3924 339 4004 adhibuisse,
363 3932 460 4007 atque
483 3926 530 3989 ita
552 3916 736 4004 Christum,
760 3927 849 3992 vitae
870 3934 903 3991 et
925 3926 1039 3991 solutis
1061 3945 1119 3989 au·
1170 3925 1280 3990 tabeat
1311 3926 1404 3990 etiam
1437 3926 1471 3988 in
1503 3926 1649 4005 reprobis.
1702 3925 1826 3989 Interea
1858 3924 2002 3988 dourrtur
2031 3925 2146 4007 fideles

140 4020 244 4077 torem
266 4012 454 4094 agnovisse,
478 4019 515 4074 ut
536 4011 674 4076 libenter
695 4012 744 4076 illi
765 4034 884 4077 nomen
907 4011 1008 4077 daret.
1052 4013 1119 4076 Eo·
1171 4011 1299 4078 sollicite
1327 4017 1356 4076 et
1383 4010 1545 4075 tramititer
1574 4032 1607 4075 se
1633 4013 1719 4092 ipsos
1743 4014 1894 4087 ereinuc,
1923 4032 1961 4074 ne
1983 4032 2046 4092 pro
2071 4012 2147 4094 fidei

141 4097 215 4163 dem
236 4098 332 4162 modo
355 4097 486 4162 credere
509 4095 551 4161 ad
573 4105 700 4179 tompus
723 4098 875 4164 dicuntur
896 4098 931 4162 in
950 4098 1119 4182 evangelio
1171 4098 1352 4162 certitudine
1384 4096 1507 4180 obrepat
1538 4098 1645 4161 carnis
1669 4098 1829 4161 seneritas
1874 4094 1968 4161 Adde
1994 4099 2076 4178 quod
2101 4119 2148 4163 re·

140 4184 252 4249 Lucae
274 4183 319 4268 (8,
339 4187 367 4247 7.
390 4183 458 4267 14),
482 4184 517 4247 in
539 4183 655 4265 qmbus
677 4184 769 4248 verbi
792 4205 918 4262 semen,
943 4192 1118 4267 antequam
1165 4182 1259 4266 prodi
1285 4203 1447 4265 riunquam
1474 4202 1600 4247 sensum
1625 4184 1749 4266 cratiae
1774 4182 1839 4246 nin
1866 4184 2027 4264 aufusum
2044 4185 2149 4265 perci-

140 4269 326 4347 fructificet,
355 4270 574 4351 praefocatur;
603 4275 660 4333 aut
688 4270 787 4334 etiam
815 4270 915 4335 nullis
938 4270 1017 4336 dnm
1039 4270 1120 4336 actis
1164 4271 1276 4351 piant,
1298 4276 1332 4334 ut
1353 4269 1496 4333 annana
1511 4270 1622 4348 potius
1643 4268 1875 4351 apprehendant
1896 4289 1991 4348 oriani
2012 4271 2147 4334 solidum

140 4353 303 4422 radicibus
331 4357 449 4421 arescit
476 4377 555 4419 mox
582 4362 615 4419 et
637 4354 772 4437 deperit.
817 4356 913 4421 'Pales
936 4379 1002 4422 non
1024 4355 1119 4423 dubi·
1171 4376 1296 4438 cupa:
1323 4357 1401 4437 quia
1416 4361 1613 4437 ριιοιιέοιιιιιι
1633 4356 1847 4420 rernicslonern
1867 4355 2001 4436 spirius
2016 4355 2149 4436 proprie

140 4448 249 4506 tamus
280 4441 420 4523 quodam
454 4441 547 4507 verbi
586 4448 684 4524 gustu
717 4442 850 4506 affectos
881 4443 991 4525 ipsum
1024 4442 1120 4507 avide
1171 4444 1206 4505 in
1227 4442 1303 4506 solis
1323 4444 1423 4507 cledis
1444 4443 1595 4521 adsuerat,
1620 4446 1657 4505 ut
1677 4462 1746 4506 ιιιιιι
1768 4441 1896 4522 speciali
1914 4440 1977 4519 fide
1999 4441 2033 4502 in
2054 4459 2149 4504 mum

141 4528 299 4609 arripere,
334 4535 368 4592 et
402 4527 550 4592 divinam
582 4528 653 4592 eius
685 4527 842 4592 virtutem
870 4530 1118 4610 persentiscere;
1170 4548 1264 4594 suurn
1281 4528 1441 4611 applicent.
1475 4528 1591 4592 Merito
1611 4533 1713 4592 trtrrzen
1734 4528 1881 4591 dicuntur
1902 4525 2026 4605 reprobi
2042 4525 2148 4591 Deum

140 4620 177 4677 ut
209 4613 318 4678 fassaoi
354 4612 431 4679 fidei
464 4613 671 4679 simulatione
710 4634 778 4677 non
811 4613 983 4678 hominum
1016 4614 1118 4681 oculis
1171 4613 1292 4679 nedae
1323 4614 1385 4678 sibi
1411 4616 1602 4696 propitiam,
1637 4616 1713 4695 quia
1742 4614 1856 4678 deretini
1880 4611 2147 4692 reconciliationis,

139 4698 235 4763 modo
257 4700 446 4782 imponant,
475 4699 533 4765 sed
557 4700 624 4765 suis
645 4701 792 4781 ipsorum
816 4699 943 4763 aninris
988 4699 1118 4782 Ipsissi·
1170 4701 1239 4765 licet
1260 4700 1385 4781 notun
1405 4721 1459 4765 nec
1480 4701 1560 4764 sctis
1580 4700 1739 4780 distinete,
1767 4697 1957 4778 susapinnt:
1985 4718 2046 4761 reon
2067 4697 2149 4779 quod

139 4805 228 4849 mam
250 4787 504 4868 onimpictatem
527 4807 597 4851 esse
618 4786 680 4852 sibi
701 4783 900 4869 persuadent
919 4784 1119 4868 illamquam
1170 4787 1309 4851 eiusdem
1341 4786 1388 4850 vel
1418 4787 1508 4867 fidei,
1543 4785 1589 4848 vel
1619 4785 1859 4869 regenarationis
1884 4784 2060 4864 participes
2086 4784 2150 4849 sint

140 4869 205 4935 Dei
226 4872 325 4937 verbo
356 4871 506 4937 deferunt
534 4873 767 4951 reverentiam,
797 4872 873 4954 quia
899 4870 1026 4936 nullam
1048 4893 1118 4938 esse
1170 4892 1241 4937 cum
1259 4872 1339 4953 plen
1352 4871 1424 4951 Dei,
1446 4872 1500 4936 sal
1521 4871 1598 4952 qreia
1619 4891 1775 4935 nannieno
1792 4890 1861 4935 cum
1878 4870 1947 4936 illis
1961 4870 2037 4950 fidei
2052 4870 2148 4950 prin·

140 4956 339 5038 impietatem
363 4965 531 5040 reputant,
561 4959 627 5023 nisi
647 4959 857 5024 manifestum
880 4965 914 5022 et
935 4959 1118 5024 confessum
1170 4960 1289 5040 cipium
1315 4957 1425 5022 liabere
1450 4958 1609 5036 viduetur,
1636 4957 1693 5022 sub
1720 4957 1922 5041 inteprcnunto
1947 4957 2148 5039 hypocriseos.

863 5048 865 5052 ’
1172 5044 1238 5108 Nec
1265 5065 1336 5109 cero
1363 5064 1437 5127 nepo
1464 5044 1542 5124 quin
1567 5043 1724 5124 leucosque
1751 5064 1858 5108 ιονιιιιι
1882 5048 1996 5108 mentes
2018 5044 2150 5109 inadiet

1170 5129 1268 5210 Deus,
1290 5136 1326 5194 ut
1345 5131 1415 5195 eius
1432 5130 1572 5210 qratiam
1593 5135 1779 5211 aperuerant,-
1799 5131 1853 5195 sed
1874 5150 2001 5194 sensnm
2018 5130 2108 5194 illrum
2129 5150 2150 5195 a

210 5232 240 5300 1)
260 5232 344 5287 Reate
361 5233 400 5286 aa
417 5234 439 5300 ξ.
458 5232 483 5286 2.
553 5220 582 5297 2')
605 5232 673 5288 Olim
696 5235 763 5303 Cap.
787 5235 815 5288 V.
835 5234 858 5300 ς.
877 5234 900 5287 3.
1164 5217 1324 5299 peculini
1351 5216 1520 5280 testimonio
1550 5216 1631 5298 qiud
1657 5216 1760 5282 reddit
1787 5217 1856 5282 suis
1882 5217 1998 5295 electis,
2030 5218 2075 5280 ita
2102 5215 2151 5281 eli·

150 5132 345 5140 .--—--———-
