4672 5842
175 287 257 353 1025
504 283 595 349 IiIB.
617 282 679 348 IV.
721 284 785 349 DE
806 281 1044 350 uxnuRNIs
1064 283 1231 353 efflans
1253 285 1318 352 AD
1341 283 1572 354 sehusun
1615 285 1715 353 OAP.
1738 286 1853 354 XVII.
2097 294 2198 356 1026

171 473 283 541 sedula
303 472 500 538 meditatione
516 471 665 552 adhibita,
683 491 810 537 sensmn
827 473 1042 554 amplectimur
1058 493 1148 556 quern
1199 474 1331 540 Iudaeis
1350 476 1603 558 comprehensus
1621 481 1679 554 est,
1698 475 1785 558 qnod
1806 476 1896 561 ligno
1914 479 2070 558 confixus,
2090 479 2178 564 qnod

149 560 308 642 ,spiritus
334 557 399 623 Dei
425 558 568 642 supponit.
625 558 690 640 Quo
709 558 784 640 freti
815 559 1005 640 despicimus
1025 580 1063 625 ec
1085 560 1147 626 atto
1199 559 1239 626 de
1262 582 1357 626 cruca
1378 560 1560 644 depositus,
1582 561 1669 644 quod
1690 562 1801 627 linteis
1822 564 2005 643 involutus,
2034 564 2119 647 qnod
2140 568 2177 632 in

170 645 326 730 quidquid
353 650 492 710 terrenae
526 645 700 726 sapientiae
726 649 832 710 contra
858 646 1032 727 opponitrn.
1075 642 1147 712 Ima
1197 647 1346 730 sepulcro
1369 647 1528 727 conditus,
1558 647 1644 731 quod
1661 649 1697 712 in
1724 650 1961 714 resurreetione
1987 651 2176 716 manifesta·

169 733 312 814 captivas
331 736 467 795 tenernns
488 736 601 795 mentes
627 736 761 810 nostras,
783 751 820 795 ne
841 731 964 796 ambulo
992 732 1147 797 duntanat
1198 741 1267 798 tus:
1296 755 1363 798 non
1392 754 1521 816 semper
1548 733 1710 799 habebitis
1736 755 1790 798 me
1817 735 1993 800 vobiscum.
2039 735 2174 816 Quare?

170 817 361 901 obstrepere,
393 837 429 880 ac
467 814 688 895 hmniliamus,
726 837 765 880 ne
803 818 966 900 inserpere
1001 818 1145 882 audeant
1196 820 1352 901 quoniam
1383 825 1593 884 conversatus
1625 828 1675 885 est
1707 818 1887 885 secundum
1913 822 2055 903 corporis
2081 843 2175 904 prae

172 903 261 969 Hine
285 908 362 968 nata
388 907 433 966 est
456 903 604 983 copositio
631 901 793 967 amborum
826 899 959 982 Christi,
991 924 1087 984 quam
1109 925 1146 968 en
1197 905 1338 970 sentiam
1364 904 1583 988 quadraginta
1609 904 1722 971 diebus
1750 926 1825 970 oum
1854 905 2019 988 discipulis
2040 908 2117 987 suis,
2141 915 2175 975 et

164 994 314 1072 perpetrm
340 989 514 1070 scripturae
542 1008 603 1053 usu
623 989 828 1054 sacramentis
856 1009 1044 1055 eommmmm
1070 1010 1143 1069 esse,
1197 989 1432 1056 deducentibus
1460 991 1506 1055 eis
1533 990 1691 1070 videndo,
1716 1013 1781 1055 non
1809 992 1987 1074 sequendo,
2016 992 2172 1060 ascendit

170 1096 274 1141 munes
302 1077 337 1140 in
362 1095 399 1139 ea
425 1074 619 1139 mediocriter
653 1075 770 1140 omenti
802 1080 924 1139 norunt.
980 1075 1046 1140 Nec
1072 1096 1144 1141 oero
1195 1075 1271 1140 Non
1300 1085 1351 1142 est
1380 1078 1447 1154 hia,
1483 1077 1530 1142 ibi
1559 1078 1647 1141 enim
1674 1076 1766 1142 sedet
1790 1076 1831 1141 ad
1858 1077 2027 1143 dexteram
2059 1081 2171 1162 patris

166 1162 259 1244 nefas
284 1181 350 1226 esse
377 1161 465 1225 rtobis
490 1161 646 1239 ducimus,
682 1166 807 1226 saraiae
837 1160 972 1244 cirpinis
1004 1161 1143 1243 memplo
1194 1161 1241 1226 Et
1262 1170 1374 1228 tamen
1396 1163 1450 1228 hic
1472 1168 1536 1241 ast,
1555 1164 1631 1245 quia
1652 1184 1717 1227 non
1740 1164 1873 1227 recessit
1895 1165 2079 1246 praesentia
2101 1187 2172 1231 ma-

167 1248 263 1332 (Luc.
298 1251 330 1325 1,
352 1247 423 1331 34),
451 1248 487 1312 in
509 1267 543 1311 re
569 1247 673 1311 ardua
703 1247 860 1312 sciscitari
892 1248 1040 1328 quomodo
1070 1247 1142 1327 fieri
1193 1248 1326 1313 instatis.
1376 1248 1484 1313 Aliter
1522 1247 1700 1313 secundum
1728 1250 1947 1332 praesentiam
1980 1250 2169 1332 maiestatis,

160 1334 272 1417 possit.
1193 1355 1321 1416 semper
1348 1334 1507 1400 habemus
1535 1334 1706 1400 Christum
1713 1358 1721 1414 ;
1750 1333 1930 1400 secundum
1951 1337 2171 1417 praesentiam

254 1423 304 1483 26.
351 1417 413 1483 Sed
443 1418 520 1498 quia
553 1417 645 1505 nihil
667 1418 710 1482 ad
742 1417 989 1498 confirmandam
1010 1419 1141 1498 piorum
1192 1420 1301 1485 earnis
1323 1429 1411 1486 recte
1433 1420 1641 1485 dictumest:
1670 1442 1723 1484 me
1746 1426 1854 1484 autem
1872 1442 1940 1484 non
1961 1441 2090 1505 semper
2110 1422 2169 1487 he·

163 1505 259 1587 fidem
279 1506 382 1588 mapis
402 1503 521 1583 valebd,
544 1524 639 1584 qnam
655 1502 709 1568 ubi
725 1504 902 1582 didicerint,
925 1525 1020 1584 quam
1032 1505 1141 1586 posui·
1193 1505 1317 1571 bebitis.
1342 1583 1344 1595 Ι
1370 1505 1499 1571 Habuit
1527 1507 1616 1570 enim
1641 1506 1776 1572 eeclesia
1804 1506 1987 1571 secundum
2015 1528 2169 1589 praesen·

164 1611 237 1657 mus
254 1592 425 1657 doctrinam
442 1610 480 1654 en
495 1610 583 1670 puro
602 1589 664 1655 Dei
681 1589 768 1653 aerbo
785 1595 943 1670 sumptam
964 1611 1038 1668 esse,
1059 1591 1142 1655 eius·
1193 1592 1273 1655 tiam
1296 1593 1404 1657 earnis
1425 1593 1538 1675 paneis
1566 1592 1696 1671 diebus3
1723 1591 1819 1656 modo
1840 1590 1904 1656 fide
1933 1599 2038 1670 tenet,
2067 1594 2169 1661 oeulis

165 1697 224 1759 que
252 1677 413 1741 autoritati
435 1677 543 1755 inani,
573 1675 627 1740 hoc
648 1696 766 1756 quoqne
787 1697 851 1757 qua
866 1680 975 1756 potero
996 1677 1141 1742 breuitate
1192 1698 1259 1741 non
1281 1677 1379 1742 videt.
1432 1676 1500 1758 Ubi,
1523 1683 1558 1742 ut
1578 1678 1633 1743 hac
1654 1698 1772 1759 qnoque
1792 1677 1921 1743 matur
1938 1683 2087 1757 annalem
2109 1680 2168 1743 tri·

159 1764 297 1854 planum
323 1763 450 1844 faciam.
496 1760 616 1844 Gorpms
645 1759 777 1840 Christi,
807 1783 845 1826 ea
871 1783 930 1843 quo
957 1763 1139 1841 resurrexit,
1191 1761 1253 1828 bus
1281 1762 1386 1828 modis
1413 1784 1489 1827 eum
1515 1764 1609 1828 nobis
1637 1771 1843 1846 praesentem
1867 1764 1958 1841 facit,
1987 1764 2167 1844 maiestate,

164 1870 226 1914 non
253 1849 450 1928 Aristoteles,
484 1849 539 1913 sed
564 1849 700 1927 spiritus
726 1853 854 1912 sanetus
886 1848 984 1912 tradit
1013 1849 1140 1930 [initum
1190 1848 1407 1932 providentia,
1425 1849 1582 1914 ineffabili
1593 1851 1707 1933 gratia,
1727 1849 1787 1914 sub
1800 1869 1864 1931 qua
1880 1849 2053 1914 mirificam
2070 1850 2167 1914 istam

164 1954 245 2014 esse,
276 1955 312 2000 ac
338 1935 417 2001 coelo
440 1934 653 2016 conprehendi
680 1953 778 2015 usque
806 1934 849 1998 ad
875 1933 1021 1998 ultimum
1046 1934 1137 1999 diem
1190 1936 1336 2017 corporis
1368 1943 1402 2000 et
1434 1937 1604 2018 sanguinis
1636 1936 1706 2000 eius
1731 1936 1994 2001 communionem
2020 1956 2167 2018 compre-

166 2020 234 2086 Nec
254 2041 301 2086 nie
323 2022 408 2100 latet,
431 2022 523 2100 locos,
545 2020 601 2100 eni
622 2021 658 2084 in
678 2018 845 2084 lunarem
866 2021 1014 2098 edamur,
1036 2039 1139 2084 secure
1191 2019 1313 2085 hendo:
1341 2020 1437 2085 modo
1465 2022 1599 2104 spiritus
1628 2022 1732 2086 saneti
1761 2022 1885 2086 virtute
1905 2022 1976 2086 fieri
1998 2021 2163 2104 intellige

163 2106 204 2171 ab
221 2107 302 2187 ipsis
323 2107 417 2173 eludi.
467 2107 591 2187 Quoties
610 2105 685 2170 dicit
709 2103 853 2169 Christus
874 2105 1002 2189 (Ioann.
1029 2108 1137 2183 14,12
1190 2127 1279 2184 mus,
1307 2128 1374 2171 non
1401 2107 1516 2172 fictitia
1544 2107 1601 2172 illa
1623 2108 1766 2191 eorporis
1792 2107 1895 2190 ipsius
1921 2108 1982 2170 sub
2004 2106 2164 2172 elemento

164 2200 199 2256 et
216 2194 272 2277 28)
293 2213 327 2258 se
346 2193 505 2257 abiturum
525 2191 761 2270 relictomnndo,
783 2193 949 2273 excipiunt,
968 2194 1138 2259 discessum
1190 2191 1379 2258 inclusione.
1416 2190 1586 2275 Siquidem
1607 2214 1740 2258 carnem
1757 2214 1792 2258 se
1810 2193 1931 2258 habere
1952 2199 1985 2256 et
2002 2214 2075 2258 ossa
2095 2193 2165 2258 Do-

166 2278 352 2345 iliumnihil
373 2279 464 2345 aliud
485 2299 657 2359 essequam
668 2278 867 2342 mutationem
877 2279 1137 2344 mortalisstatus.
1189 2279 1300 2344 minus
1331 2285 1444 2344 noster
1476 2285 1616 2345 testatus
1648 2289 1698 2344 est
1731 2300 1814 2361 qnae
1844 2278 1971 2361 palpari
1998 2287 2032 2343 at
2059 2277 2164 2344 videri

163 2364 266 2445 Atqui
301 2365 355 2431 hoc
388 2366 477 2431 modo
504 2385 566 2429 non
591 2363 787 2428 substituant
818 2361 962 2429 Christus
989 2365 1138 2447 spiritum
1189 2373 1330 2447 possent.
1366 2365 1413 2428 Et
1434 2365 1524 2430 abire
1545 2363 1785 2439 reascendere,
1807 2365 2031 2446 nonspeciem
2052 2384 2165 2430 aseen-

162 2456 315 2531 sonctum,
336 2452 516 2534 supplendo,
537 2455 571 2513 nt
591 2449 774 2531 loquuntur,
803 2448 958 2516 absentiae
987 2472 1064 2516 sune
1088 2452 1138 2516 de-
1189 2451 1297 2516 dentis
1318 2450 1531 2533 abeuntisque
1549 2450 1628 2515 dare
1654 2451 1855 2534 significant,
1884 2449 1941 2515 sed
1962 2471 2039 2516 vere
2061 2449 2094 2514 id
2116 2451 2166 2515 fa-

161 2537 275 2618 fectni;
297 2539 421 2618 quando
442 2539 477 2601 in
499 2537 587 2601 illius
609 2536 707 2600 amm
735 2556 796 2599 non
816 2537 963 2615 succedit,
992 2557 1046 2602 nec
1067 2557 1138 2602 rnr-
1189 2557 1262 2601 cero
1291 2536 1376 2619 quod
1405 2537 1506 2601 verba
1533 2544 1660 2601 sonant.
1703 2537 1850 2620 Ergone,
1879 2535 1965 2600 dicet
1991 2537 2163 2619 quispiam,

161 2643 232 2688 sum
252 2624 406 2690 womndit
429 2620 572 2688 Olmisins
599 2623 666 2703 ipse
686 2641 725 2686 en
746 2623 866 2687 coelesti
903 2623 1049 2702 lariani
1069 2643 1138 2688 con·
1189 2621 1761 2705 ce1·tameoeliragionem(lh1isto
1786 2621 2046 2704 assignabimus?
2091 2623 2165 2706 Ego

161 2710 310 2776 ditionem
346 2709 489 2775 mortalis
521 2709 602 2772 citae
635 2707 811 2790 susciperet.
869 2645 953 2774 ion
987 2710 1137 2774 aduentus
1189 2718 1299 2775 autem
1331 2730 1407 2774 eum
1433 2709 1623 2791 Augustino
1638 2709 1662 2792 ¹)
1689 2707 1884 2791 respondeo,
1910 2708 2165 2773 curiosissimum

161 2797 297 2877 spiritus
329 2803 357 2862 et
389 2814 535 2862 ascensus
570 2792 688 2858 Christi
714 2794 865 2859 autdheta
892 2800 979 2862 sunt:
1011 2797 1137 2876 irteoqm
1188 2816 1259 2860 esse
1281 2794 1366 2860 hanc
1389 2802 1423 2859 at
1444 2813 1720 2877 supervacaneam
1741 2794 1973 2879 quaestionem,
1996 2793 2090 2859 modo
2113 2799 2164 2857 ta·

161 2881 234 2962 iteri
254 2903 316 2947 non
331 2887 432 2963 potest
458 2887 492 2946 ut
518 2880 621 2945 andern
641 2879 729 2944 modo
751 2880 918 2946 secmidmn
940 2902 1064 2946 carerem
1085 2902 1137 2945 no-
1187 2903 1266 2945 men
1286 2881 1324 2944 in
1344 2880 1432 2945 coelo
1454 2901 1525 2945 esse
1546 2878 1725 2945 credamus.

162 2967 281 3032 biscmn
312 2967 427 3032 habitet
459 2965 618 3045 Christus,
651 2985 710 3047 quo
737 2968 888 3047 spiritum
919 2989 1013 3032 suom
1035 2967 1136 3032 mittit.
1275 2970 1325 3031 27.
1374 2966 1458 3047 Quid
1484 2987 1568 3046 aero,
1591 2967 1679 3031 toties
1700 2966 1862 3046 repetitum
1881 2984 2029 3030 ascensus
2046 2984 2163 3042 nomen,

161 3052 256 3117 Adde
287 3053 368 3134 quod
396 3053 508 3118 diserte
534 3052 696 3135 conprimit,
727 3072 761 3115 se
786 3073 856 3118 cum
882 3044 1049 3135 discipulis
1075 3074 1137 3117 non
1188 3072 1293 3117 annon
1313 3053 1528 3135 miprationem
1549 3051 1588 3117 ab
1609 3072 1672 3116 uno
1692 3052 1755 3116 laco
1772 3052 1808 3116 in
1830 3052 1962 3118 alinum
1982 3050 2166 3134 sipnihmt?

162 3158 283 3218 semper
313 3137 380 3219 fore
413 3140 449 3203 in
480 3138 602 3204 mundo.
647 3137 716 3202 Hoc
745 3139 840 3202 etiam
868 3139 986 3204 dutum
1006 3139 1138 3222 pulchre
1191 3137 1331 3222 Nepam:
1357 3139 1435 3219 puia
1457 3159 1518 3219 per
1547 3137 1745 3203 altitudinem
1770 3139 1940 3204 seeundum
1968 3157 2018 3201 eos
2044 3139 2166 3201 tantmn

162 3223 224 3288 sibi
245 3224 366 3290 diluere
391 3225 552 3290 uidentur:
578 3225 672 3305 quasi
693 3229 780 3307 nepet
803 3221 947 3291 Omnem
967 3247 1001 3292 se
1014 3247 1137 3307 paupe
1188 3229 1312 3290 notatur
1338 3225 1466 3307 inperii
1493 3225 1651 3290 maiestas.
1697 3222 1760 3288 Sed
1785 3224 1862 3305 quid
1890 3225 1958 3307 ipse
1979 3220 2165 3288 ascendendi

163 3330 228 3375 rem
254 3314 282 3374 et
309 3312 458 3376 miserum
483 3329 604 3390 semper
622 3311 704 3392 sore,
725 3310 773 3374 nel
794 3312 1024 3378 nmessnatibns
1044 3312 1137 3377 cndu
1188 3310 1322 3376 modus?
1351 3331 1455 3376 annon
1481 3309 1691 3392 spectantibus
1711 3310 1878 3391 discipulis
1899 3311 1934 3374 in
1951 3309 2080 3374 sebinno
2101 3328 2165 3374 ene·

163 3416 216 3461 cae
242 3396 323 3460 citae
349 3397 521 3461 emmunim.
565 3396 665 3477 Atqui
692 3396 922 3462 circumstantia
944 3398 1002 3462 loci
1024 3398 1137 3480 palam
1187 3396 1299 3461 bitur?
1321 3417 1427 3462 onmn
1451 3398 1536 3462 clarc
1562 3399 1697 3461 narrant
1717 3397 1921 3480 ooanpclisiae
1941 3399 2095 3476 receptum
2115 3393 2166 3476 sn-

162 3481 468 3564 rabennantium
485 3503 548 3546 nou
569 3484 675 3565 apitm
695 3483 734 3548 de
754 3488 882 3565 epestate
903 3489 930 3548 et
950 3485 1068 3565 inopia,
1091 3483 1138 3549 oel
1188 3485 1251 3548 isse
1275 3484 1311 3548 in
1337 3482 1457 3549 melos?
1502 3482 1676 3565 Excipiunt
1702 3481 2058 3563 amenissimum,
2086 3479 2166 3545 nube

163 3569 278 3633 misera
300 3571 438 3634 terrenae
468 3568 550 3632 citae
575 3573 672 3646 datu,
706 3569 760 3633 sed
786 3569 824 3633 de
850 3569 934 3635 crelin
961 3576 990 3634 et
1015 3569 1136 3636 hmore.
1187 3570 1371 3651 interposita
1391 3569 1575 3635 subductum
1599 3568 1700 3651 [unse
1721 3589 1738 3633 e
1757 3573 1930 3649 minanda,
1958 3572 1993 3631 ut
2013 3568 2167 3632 discerent

171 3653 279 3720 Unctio
305 3653 470 3734 dissipabis
496 3673 557 3719 non
583 3653 735 3735 placebat,
763 3655 844 3735 quod
860 3661 1009 3738 putarent
1029 3676 1137 3736 super-
1187 3655 1293 3737 fideles
1326 3675 1387 3720 non
1413 3655 1482 3736 sore
1502 3661 1612 3737 postea
1637 3656 1673 3719 in
1699 3655 1814 3721 mundo
1847 3653 2009 3719 visibilem
2064 3652 2165 3733 Quasi

162 3759 296 3806 vacuum
317 3745 345 3803 et
365 3740 505 3804 inutilem
526 3759 591 3805 esse
612 3745 771 3822 sumptum
791 3746 820 3806 et
836 3741 983 3806 lanariae
1000 3740 1136 3822 affinem,
1187 3761 1259 3806 nero
1279 3761 1341 3807 non
1362 3739 1500 3807 debuerit
1515 3743 1625 3824 potius
1645 3746 1792 3807 moriente
1813 3759 1994 3816 evomerem,
2017 3742 2052 3800 ut
2070 3737 2165 3817 tidem

161 3827 291 3907 ideoque
312 3826 346 3889 in
363 3845 519 3906 pauperes
540 3827 717 3907 impensum
735 3827 920 3893 maluissent
937 3826 1079 3907 pretium
1098 3826 1137 3890 il·
1186 3827 1302 3909 suamet
1316 3827 1519 3908 praesentiae
1545 3827 1731 3907 inuisibilia
1751 3826 1799 3891 ool
1818 3826 1913 3906 riuhes
1933 3844 2003 3887 eum
2026 3820 2165 3903 eollipere

162 3911 226 3991 lud,
249 3912 330 3992 quad
351 3912 432 3976 nmle
447 3911 618 3993 profusum
638 3913 738 3993 tuisse
753 3913 917 3994 putabant.
963 3911 1137 3994 Respondet
1188 3934 1248 3978 non
1279 3913 1418 3980 debuerit
1448 3919 1615 3996 antequam
1639 3914 1752 3993 pedem
1783 3914 1921 3975 moneret
1970 3907 2061 3973 Dum
2091 3926 2164 3972 nero

166 3995 311 4063 Christus
332 4017 365 4062 se
386 4017 448 4061 non
463 4016 584 4078 suuper
603 3997 671 4078 fore
688 4005 881 4079 prunonem
897 4003 933 4063 nt
949 3998 1008 4064 tali
1025 3998 1137 4063 honore
1188 3998 1332 4064 sublnnis
1351 3999 1454 4082 fertur
1474 3998 1510 4063 in
1526 4019 1637 4076 aerem
1659 4003 1687 4062 et
1707 3997 1844 4062 subiecto
1870 3994 1949 4058 nube
1970 4013 2003 4058 se
2025 3992 2165 4075 cnrplius

164 4083 284 4150 celatur
310 4081 447 4168 (Mettis
472 4085 525 4160 26,
558 4082 621 4167 11).
667 4083 731 4149 Nee
751 4085 843 4150 aliter
863 4086 1005 4167 apaan
1026 4085 1137 4169 Aupu·
1188 4087 1224 4149 in
1251 4090 1337 4150 terra
1363 4085 1575 4165 quaerendum
1600 4103 1662 4147 non
1688 4102 1753 4147 esse
1781 4082 1879 4159 docet,
1906 4084 1970 4145 tuta
1990 4079 2165 4163 callipimus

164 4171 286 4249 mnus,
319 4170 410 4235 cuius
441 4167 515 4232 haec
545 4169 674 4234 minine
705 4170 852 4254 ambipua
883 4175 957 4235 sunt
987 4171 1094 4237 cerba:
1112 4171 1136 4255 ¹)
1188 4171 1381 4236 donncilium
1409 4169 1541 4233 nancei
1562 4169 1709 4234 incaelis
1730 4188 1809 4233 esse:
1834 4167 1913 4232 sicui
1935 4166 2029 4231 etiam
2050 4166 2165 4231 asserit

166 4255 314 4342 Quum2)
337 4255 461 4321 dicarat
482 4252 645 4332 Christus,
667 4276 720 4320 me
737 4277 805 4320 non
826 4278 955 4340 semper
977 4257 1137 4323 hababitis
1192 4255 1316 4322 Paulus
1337 4253 1440 4338 (Phil.
1453 4257 1481 4333 3,
1494 4254 1561 4336 20),
1583 4255 1705 4319 atinde
1726 4276 1747 4319 a
1767 4252 1856 4318 nobis
1876 4252 2051 4335 enspectari
2072 4251 2161 4315 iubet.

166 4343 342 4422 vobiscum,
363 4338 558 4424 loquebatur
580 4339 620 4404 de
647 4342 831 4423 praesentia
856 4344 1007 4426 corporis.
1051 4343 1139 4407 Nam
1190 4342 1263 4408 Hac
1282 4340 1402 4405 ratione
1422 4339 1586 4404 amnonem
1610 4340 1716 4423 anpeli
1742 4341 1829 4424 (Act
1857 4344 1883 4418 l,
1908 4337 1962 4488 lp
1984 4336 2163 4435 dmmpuhta

164 4427 346 4494 secundum
378 4428 582 4493 maiestatem
615 4448 722 4505 suam,
756 4428 938 4494 secundum
963 4427 1139 4513 providen-
1188 4428 1313 4510 frustra
1339 4446 1389 4490 ms
1415 4425 1452 4489 in
1478 4426 1595 4491 coelum
1619 4427 1792 4509 ammaum
1822 4425 1900 4507 qnia
1948 4442 2092 4504 esusque
2113 4440 2165 4485 as-

165 4515 261 4590 bam,
283 4513 464 4583 secundum
485 4511 684 4577 ineffabilem
710 4521 743 4577 et
769 4512 966 4580 invisibilem
988 4515 1137 4598 gratiam,
1189 4516 1332 4594 sumptus
1352 4515 1397 4577 est
1417 4512 1453 4577 in
1473 4513 1600 4592 cadum,
1630 4513 1677 4578 sic
1697 4512 1796 4579 amiel
1815 4510 2072 4593 quemadmodum
2093 4507 2165 4572 mun

165 4599 321 4681 impletur
342 4597 429 4683 quod
446 4598 488 4664 ab
505 4619 543 4663 eo
560 4597 685 4664 dictum
702 4605 765 4664 est:
788 4619 871 4678 ecoe,
894 4621 953 4683 ego
971 4600 1138 4665 vobiscum
1189 4598 1333 4665 niduari
1353 4599 1522 4665 ascendere.
1565 4598 1630 4664 Hic
1649 4619 1767 4681 qnoque
1786 4598 1897 4681 faceta,
1920 4601 1954 4661 nt
1974 4594 2038 4660 sibi
2059 4593 2164 4659 videi·

166 4705 242 4750 sum
263 4706 365 4767 usque
386 4685 429 4751 ad
456 4683 772 4751 consummationem
798 4685 933 4764 saeculi3
960 4683 1138 4755 secundum
1190 4690 1251 4765 tur,
1268 4685 1519 4768 terpioersatione
1528 4685 1785 4769 effupiuntsonae
1802 4684 1959 4750 doctrinae
1975 4678 2162 4756 annosam,

166 4791 300 4838 carnem
321 4792 398 4836 vero
419 4792 519 4854 quam
540 4771 686 4837 terbum·
697 4771 881 4853 assumpsit,
904 4768 1084 4836 secundum
1104 4770 1139 4837 id
1189 4776 1353 4837 undarum
1371 4777 1443 4838 tunc
1464 4767 1625 4851 risibilem,
1648 4773 1703 4852 qui
1724 4790 1886 4853 nunquam
1906 4790 1922 4834 e
1943 4773 2029 4833 terra
2050 4766 2164 4831 disces-

167 4854 253 4939 quod
289 4853 328 4919 de
360 4856 487 4940 virgine
515 4863 613 4922 natus
643 4863 706 4935 est,
737 4855 920 4932 seeundum
947 4854 981 4920 id
1006 4854 1093 4939 quod
1120 4877 1140 4922 s
1190 4858 1247 4934 sit,
1281 4858 1357 4937 quin
1384 4858 1471 4939 apud
1492 4877 1567 4923 suos
1593 4857 1763 4923 inuisibilis
1783 4859 1914 4921 maneat.
1969 4851 2068 4934 Quasi
2093 4868 2164 4916 vero

1191 4943 1293 5024 ampeli
1326 4944 1479 5024 duplicem
1504 4943 1570 5009 illie
1591 4944 1804 5026 praesentiam
1831 4941 2005 5017 insinuent,
2040 4956 2077 5002 ac
2101 4955 2164 5002 non

236 5146 267 5214 1)
284 5146 375 5200 Tract.
398 5145 427 5198 in
452 5146 543 5204 Imm
561 5147 609 5214 bo,
633 5148 674 5204 1s.
745 5147 775 5217 2)
797 5146 875 5203 Hace
891 5163 925 5202 en
942 5147 965 5214 5.
989 5146 1032 5202 28.
1049 5163 1138 5217 praec.

165 5215 224 5272 edu
1205 5256 1212 5271 .
1260 5218 1290 5287 1)
1306 5219 1381 5273 Libr.
1399 5216 1432 5270 de
1449 5217 1502 5270 tide
1519 5221 1548 5269 et
1565 5219 1652 5286 symb.
1669 5233 1727 5286 asp.
1745 5214 1770 5268 6.
1801 5285 1802 5289 ¹

224 5259 230 5270 Ι
275 5302 387 5358 Oaloini
398 5316 490 5370 opera.
530 5300 589 5357 Vol.
602 5301 647 5358 11.
1450 5339 1454 5345 .
1922 5299 1957 5352 66
