<?xml version="1.0" encoding="UTF-8"?>
<!DOCTYPE html PUBLIC "-//W3C//DTD XHTML 1.0 Transitional//EN"
    "http://www.w3.org/TR/xhtml1/DTD/xhtml1-transitional.dtd">
<html xmlns="http://www.w3.org/1999/xhtml" xml:lang="en" lang="en">
 <head>
  <title>
</title>
<meta http-equiv="Content-Type" content="text/html;charset=utf-8" />
  <meta name='ocr-system' content='tesseract 3.04.00' />
  <meta name='ocr-capabilities' content='ocr_page ocr_carea ocr_par ocr_line ocrx_word'/>
</head>
<body>
  <div class='ocr_page' id='page_1' title='image "./ioanniscalvinii00cunigoog_0192.png"; bbox 0 0 4672 5842; ppageno 0'>
   <div class='ocr_carea' id='block_1_1' title="bbox 117 272 2126 359">
    <p class='ocr_par' dir='ltr' id='par_1_1' title="bbox 117 272 2126 359">
     <span class='ocr_line' id='line_1_1' title="bbox 117 272 2126 359; baseline 0.004 -20"><span class='ocrx_word' id='word_1_1' title='bbox 117 278 179 339; x_wconf 86' lang='lat'><strong><em>361</em></strong></span> <span class='ocrx_word' id='word_1_2' title='bbox 416 275 507 340; x_wconf 80' lang='grc' dir='ltr'><strong><em>ΠΒ.</em></strong></span> <span class='ocrx_word' id='word_1_3' title='bbox 528 275 574 339; x_wconf 94' lang='grc' dir='ltr'><strong><em>Π.</em></strong></span> <span class='ocrx_word' id='word_1_4' title='bbox 618 275 682 340; x_wconf 80' lang='lat' dir='ltr'><strong><em>DE</em></strong></span> <span class='ocrx_word' id='word_1_5' title='bbox 703 272 992 340; x_wconf 75' lang='lat' dir='ltr'><strong><em>coaNInIONE</em></strong></span> <span class='ocrx_word' id='word_1_6' title='bbox 1014 277 1098 343; x_wconf 83' lang='lat' dir='ltr'><strong><em>DEI</em></strong></span> <span class='ocrx_word' id='word_1_7' title='bbox 1119 275 1466 344; x_wconf 78' lang='lat' dir='ltr'>REDEMPTORIS.</span> <span class='ocrx_word' id='word_1_8' title='bbox 1512 279 1611 345; x_wconf 79' lang='lat' dir='ltr'>OAP.</span> <span class='ocrx_word' id='word_1_9' title='bbox 1635 279 1731 345; x_wconf 86' lang='lat' dir='ltr'>XIV.</span> <span class='ocrx_word' id='word_1_10' title='bbox 1752 279 1831 345; x_wconf 87' lang='lat' dir='ltr'><strong><em>XV.</em></strong></span> <span class='ocrx_word' id='word_1_11' title='bbox 2060 285 2126 359; x_wconf 80' lang='lat'><strong><em>362</em></strong></span> 
     </span>
    </p>
   </div>
   <div class='ocr_carea' id='block_1_2' title="bbox 117 463 2134 1581">
    <p class='ocr_par' dir='ltr' id='par_1_2' title="bbox 117 463 2134 1410">
     <span class='ocr_line' id='line_1_2' title="bbox 117 463 2128 551; baseline 0.003 -23"><span class='ocrx_word' id='word_1_12' title='bbox 117 464 270 529; x_wconf 85' lang='lat' dir='ltr'><strong><em>stinctum</em></strong></span> <span class='ocrx_word' id='word_1_13' title='bbox 318 463 405 528; x_wconf 88' lang='lat' dir='ltr'><strong><em>Nam</em></strong></span> <span class='ocrx_word' id='word_1_14' title='bbox 426 464 457 527; x_wconf 88' lang='lat' dir='ltr'><strong><em>si</em></strong></span> <span class='ocrx_word' id='word_1_15' title='bbox 478 470 644 533; x_wconf 68' lang='lat' dir='ltr'><strong><em>caecasset</em></strong></span> <span class='ocrx_word' id='word_1_16' title='bbox 664 465 737 546; x_wconf 85' lang='lat' dir='ltr'><strong><em>ipsa</em></strong></span> <span class='ocrx_word' id='word_1_17' title='bbox 758 464 926 544; x_wconf 82' lang='lat' dir='ltr'><strong><em>dioimtas,</em></strong></span> <span class='ocrx_word' id='word_1_18' title='bbox 950 464 1102 530; x_wconf 81' lang='lat' dir='ltr'><strong><em>desineret</em></strong></span> <span class='ocrx_word' id='word_1_19' title='bbox 1150 468 1300 531; x_wconf 89' lang='lat' dir='ltr'><strong><em>sententia</em></strong></span> <span class='ocrx_word' id='word_1_20' title='bbox 1322 466 1398 548; x_wconf 87' lang='lat' dir='ltr'><strong><em>(Ies.</em></strong></span> <span class='ocrx_word' id='word_1_21' title='bbox 1418 471 1470 544; x_wconf 82' lang='lat'><strong><em>55,</em></strong></span> <span class='ocrx_word' id='word_1_22' title='bbox 1494 466 1544 551; x_wconf 86' lang='grc'>4).·</span> <span class='ocrx_word' id='word_1_23' title='bbox 1571 489 1634 532; x_wconf 90' lang='lat' dir='ltr'><strong><em>ecce</em></strong></span> <span class='ocrx_word' id='word_1_24' title='bbox 1656 470 1755 549; x_wconf 87' lang='lat' dir='ltr'><strong><em>posui</em></strong></span> <span class='ocrx_word' id='word_1_25' title='bbox 1782 489 1852 532; x_wconf 92' lang='lat' dir='ltr'><strong><em>eum</em></strong></span> <span class='ocrx_word' id='word_1_26' title='bbox 1871 474 1975 533; x_wconf 68' lang='lat' dir='ltr'><strong><em>tutem</em></strong></span> <span class='ocrx_word' id='word_1_27' title='bbox 1989 470 2128 551; x_wconf 82' lang='lat' dir='ltr'><strong><em>populis,</em></strong></span> 
     </span>
     <span class='ocr_line' id='line_1_3' title="bbox 118 549 2129 638; baseline 0.003 -24"><span class='ocrx_word' id='word_1_28' title='bbox 118 571 184 614; x_wconf 88' lang='lat' dir='ltr'><strong><em>esse</em></strong></span> <span class='ocrx_word' id='word_1_29' title='bbox 205 551 274 614; x_wconf 87' lang='lat' dir='ltr'><strong><em>eius</em></strong></span> <span class='ocrx_word' id='word_1_30' title='bbox 294 550 449 630; x_wconf 84' lang='lat' dir='ltr'><strong><em>templum.</em></strong></span> <span class='ocrx_word' id='word_1_31' title='bbox 484 550 557 613; x_wconf 88' lang='lat' dir='ltr'><strong><em>Iam</em></strong></span> <span class='ocrx_word' id='word_1_32' title='bbox 578 571 631 614; x_wconf 87' lang='lat' dir='ltr'><strong><em>nec</em></strong></span> <span class='ocrx_word' id='word_1_33' title='bbox 652 551 823 630; x_wconf 73' lang='lat' dir='ltr'><em>redemptor</em></span> <span class='ocrx_word' id='word_1_34' title='bbox 843 549 931 615; x_wconf 81' lang='lat' dir='ltr'><strong><em>nobis</em></strong></span> <span class='ocrx_word' id='word_1_35' title='bbox 952 571 1017 615; x_wconf 89' lang='lat' dir='ltr'><strong><em>esse</em></strong></span> <span class='ocrx_word' id='word_1_36' title='bbox 1032 556 1100 632; x_wconf 90' lang='lat' dir='ltr'><strong><em>pot-</em></strong></span> <span class='ocrx_word' id='word_1_37' title='bbox 1151 554 1257 617; x_wconf 88' lang='lat' dir='ltr'><strong><em>ducem</em></strong></span> <span class='ocrx_word' id='word_1_38' title='bbox 1290 558 1317 615; x_wconf 94' lang='lat' dir='ltr'><strong><em>et</em></strong></span> <span class='ocrx_word' id='word_1_39' title='bbox 1349 555 1533 635; x_wconf 81' lang='lat' dir='ltr'><strong><em>umqistrum</em></strong></span> <span class='ocrx_word' id='word_1_40' title='bbox 1560 555 1691 636; x_wconf 83' lang='lat' dir='ltr'><strong><em>populis</em></strong></span> <span class='ocrx_word' id='word_1_41' title='bbox 1716 555 1787 618; x_wconf 86' lang='lat' dir='ltr'><strong><em>dedi</em></strong></span> <span class='ocrx_word' id='word_1_42' title='bbox 1814 576 1901 632; x_wconf 88' lang='lat' dir='ltr'><strong><em>eum;</em></strong></span> <span class='ocrx_word' id='word_1_43' title='bbox 1933 575 2041 634; x_wconf 90' lang='lat' dir='ltr'><strong><em>nempe</em></strong></span> <span class='ocrx_word' id='word_1_44' title='bbox 2068 576 2129 638; x_wconf 90' lang='lat' dir='ltr'><strong><em>quo</em></strong></span> 
     </span>
     <span class='ocr_line' id='line_1_4' title="bbox 118 636 2131 722; baseline 0.003 -22"><span class='ocrx_word' id='word_1_45' title='bbox 118 641 163 700; x_wconf 81' lang='lat' dir='ltr'><strong><em>est</em></strong></span> <span class='ocrx_word' id='word_1_46' title='bbox 183 637 250 700; x_wconf 87' lang='lat' dir='ltr'><strong><em>nisi</em></strong></span> <span class='ocrx_word' id='word_1_47' title='bbox 272 637 327 716; x_wconf 90' lang='lat' dir='ltr'><strong><em>qui</em></strong></span> <span class='ocrx_word' id='word_1_48' title='bbox 347 657 385 699; x_wconf 87' lang='lat' dir='ltr'><strong><em>en·</em></strong></span> <span class='ocrx_word' id='word_1_49' title='bbox 398 636 548 700; x_wconf 85' lang='lat' dir='ltr'><strong><em>Abrahae</em></strong></span> <span class='ocrx_word' id='word_1_50' title='bbox 560 636 758 716; x_wconf 81' lang='lat' dir='ltr'><strong><em>Dauidisque</em></strong></span> <span class='ocrx_word' id='word_1_51' title='bbox 774 637 891 701; x_wconf 87' lang='lat' dir='ltr'><strong><em>semine</em></strong></span> <span class='ocrx_word' id='word_1_52' title='bbox 906 639 1099 718; x_wconf 87' lang='lat' dir='ltr'><strong><em>proqenitus,</em></strong></span> <span class='ocrx_word' id='word_1_53' title='bbox 1151 639 1239 703; x_wconf 81' lang='lat' dir='ltr'><strong><em>niodo</em></strong></span> <span class='ocrx_word' id='word_1_54' title='bbox 1279 639 1345 702; x_wconf 91' lang='lat' dir='ltr'><strong><em>iam</em></strong></span> <span class='ocrx_word' id='word_1_55' title='bbox 1378 639 1454 702; x_wconf 85' lang='lat' dir='ltr'><strong><em>aiibi</em></strong></span> <span class='ocrx_word' id='word_1_56' title='bbox 1488 646 1648 704; x_wconf 82' lang='lat' dir='ltr'><strong><em>noeannrat</em></strong></span> <span class='ocrx_word' id='word_1_57' title='bbox 1678 640 1822 722; x_wconf 84' lang='lat' dir='ltr'><strong><em>anqetum</em></strong></span> <span class='ocrx_word' id='word_1_58' title='bbox 1856 641 1902 703; x_wconf 85' lang='lat' dir='ltr'><strong><em>nel</em></strong></span> <span class='ocrx_word' id='word_1_59' title='bbox 1934 643 2131 721; x_wconf 70' lang='lat' dir='ltr'><strong><em>interpretem</em></strong></span> 
     </span>
     <span class='ocr_line' id='line_1_5' title="bbox 119 721 2132 810; baseline 0.002 -24"><span class='ocrx_word' id='word_1_60' title='bbox 119 743 188 787; x_wconf 86' lang='lat' dir='ltr'><strong><em>uere</em></strong></span> <span class='ocrx_word' id='word_1_61' title='bbox 208 723 378 786; x_wconf 88' lang='lat' dir='ltr'><strong><em>secuudum</em></strong></span> <span class='ocrx_word' id='word_1_62' title='bbox 400 742 524 786; x_wconf 87' lang='lat' dir='ltr'><strong><em>earnem</em></strong></span> <span class='ocrx_word' id='word_1_63' title='bbox 546 723 633 785; x_wconf 86' lang='lat' dir='ltr'><strong><em>horno</em></strong></span> <span class='ocrx_word' id='word_1_64' title='bbox 654 722 757 803; x_wconf 71' lang='lat' dir='ltr'><strong><em>taetris</em></strong></span> <span class='ocrx_word' id='word_1_65' title='bbox 778 723 828 785; x_wconf 89' lang='lat' dir='ltr'><strong><em>sit.</em></strong></span> <span class='ocrx_word' id='word_1_66' title='bbox 867 721 918 786; x_wconf 82' lang='lat' dir='ltr'><strong><em>Ae</em></strong></span> <span class='ocrx_word' id='word_1_67' title='bbox 933 743 1100 804; x_wconf 76' lang='lat' dir='ltr'><strong><em>perperam</em></strong></span> <span class='ocrx_word' id='word_1_68' title='bbox 1151 725 1258 807; x_wconf 84' lang='lat' dir='ltr'><strong><em>maqni</em></strong></span> <span class='ocrx_word' id='word_1_69' title='bbox 1280 725 1404 787; x_wconf 80' lang='lat' dir='ltr'><strong><em>emesitii</em></strong></span> <span class='ocrx_word' id='word_1_70' title='bbox 1427 725 1503 810; x_wconf 85' lang='lat' dir='ltr'><strong><em>(Ies.</em></strong></span> <span class='ocrx_word' id='word_1_71' title='bbox 1524 728 1552 803; x_wconf 82' lang='lat'><strong><em>9,</em></strong></span> <span class='ocrx_word' id='word_1_72' title='bbox 1576 724 1618 808; x_wconf 77' lang='lat' dir='ltr'><strong><em>n).</em></strong></span> <span class='ocrx_word' id='word_1_73' title='bbox 1654 726 1726 790; x_wconf 83' lang='lat' dir='ltr'><strong><em>Huc</em></strong></span> <span class='ocrx_word' id='word_1_74' title='bbox 1747 728 1866 790; x_wconf 89' lang='lat' dir='ltr'><strong><em>ratione</em></strong></span> <span class='ocrx_word' id='word_1_75' title='bbox 1887 728 2044 807; x_wconf 86' lang='lat' dir='ltr'><strong><em>apostolus</em></strong></span> <span class='ocrx_word' id='word_1_76' title='bbox 2056 749 2132 809; x_wconf 86' lang='lat' dir='ltr'><strong><em>per·</em></strong></span> 
     </span>
     <span class='ocr_line' id='line_1_6' title="bbox 120 807 2129 894; baseline 0.002 -23"><span class='ocrx_word' id='word_1_77' title='bbox 120 810 157 871; x_wconf 90' lang='lat' dir='ltr'><strong><em>in</em></strong></span> <span class='ocrx_word' id='word_1_78' title='bbox 178 807 280 872; x_wconf 85' lang='lat' dir='ltr'><strong><em>uerbis</em></strong></span> <span class='ocrx_word' id='word_1_79' title='bbox 293 807 427 872; x_wconf 87' lang='lat' dir='ltr'><strong><em>Ioarmis</em></strong></span> <span class='ocrx_word' id='word_1_80' title='bbox 446 809 573 889; x_wconf 86' lang='lat' dir='ltr'><strong><em>insistit,</em></strong></span> <span class='ocrx_word' id='word_1_81' title='bbox 595 827 763 872; x_wconf 79' lang='lat' dir='ltr'><strong><em>sermenem</em></strong></span> <span class='ocrx_word' id='word_1_82' title='bbox 779 808 881 888; x_wconf 79' lang='lat' dir='ltr'><strong><em>fuisse</em></strong></span> <span class='ocrx_word' id='word_1_83' title='bbox 896 809 1016 889; x_wconf 79' lang='lat' dir='ltr'><strong><em>feretum</em></strong></span> <span class='ocrx_word' id='word_1_84' title='bbox 1033 829 1100 871; x_wconf 87' lang='lat' dir='ltr'><strong><em>ear·</em></strong></span> <span class='ocrx_word' id='word_1_85' title='bbox 1150 811 1307 890; x_wconf 75' lang='lat' dir='ltr'><strong><em>tectionem</em></strong></span> <span class='ocrx_word' id='word_1_86' title='bbox 1328 811 1484 875; x_wconf 86' lang='lat' dir='ltr'><strong><em>doct-rinae</em></strong></span> <span class='ocrx_word' id='word_1_87' title='bbox 1505 812 1697 894; x_wconf 84' lang='lat' dir='ltr'><strong><em>eaanqelieae</em></strong></span> <span class='ocrx_word' id='word_1_88' title='bbox 1717 813 1940 890; x_wconf 87' lang='lat' dir='ltr'><strong><em>cernmcndans,</em></strong></span> <span class='ocrx_word' id='word_1_89' title='bbox 1962 813 2015 876; x_wconf 80' lang='lat' dir='ltr'><strong><em>uehi</em></strong></span> <span class='ocrx_word' id='word_1_90' title='bbox 2037 814 2129 894; x_wconf 78' lang='lat' dir='ltr'><strong><em>edixit,</em></strong></span> 
     </span>
     <span class='ocr_line' id='line_1_7' title="bbox 120 893 2130 980; baseline 0.002 -22"><span class='ocrx_word' id='word_1_91' title='bbox 120 915 206 973; x_wconf 89' lang='lat' dir='ltr'><strong><em>nem,·</em></strong></span> <span class='ocrx_word' id='word_1_92' title='bbox 226 895 304 974; x_wconf 89' lang='lat' dir='ltr'><strong><em>quia</em></strong></span> <span class='ocrx_word' id='word_1_93' title='bbox 325 895 407 957; x_wconf 87' lang='lat' dir='ltr'><strong><em>sicut</em></strong></span> <span class='ocrx_word' id='word_1_94' title='bbox 426 893 565 958; x_wconf 75' lang='lat' dir='ltr'><strong><em>Nestord</em></strong></span> <span class='ocrx_word' id='word_1_95' title='bbox 586 895 687 958; x_wconf 89' lang='lat' dir='ltr'><strong><em>errori</em></strong></span> <span class='ocrx_word' id='word_1_96' title='bbox 709 900 877 971; x_wconf 84' lang='lat' dir='ltr'><strong><em>occurrunt,</em></strong></span> <span class='ocrx_word' id='word_1_97' title='bbox 900 895 945 958; x_wconf 88' lang='lat' dir='ltr'><strong><em>ita</em></strong></span> <span class='ocrx_word' id='word_1_98' title='bbox 967 896 1100 975; x_wconf 88' lang='lat' dir='ltr'><strong><em>impium</em></strong></span> <span class='ocrx_word' id='word_1_99' title='bbox 1152 897 1240 959; x_wconf 64' lang='lat' dir='ltr'><strong><em>esurie</em></strong></span> <span class='ocrx_word' id='word_1_100' title='bbox 1262 896 1337 959; x_wconf 84' lang='lat' dir='ltr'><strong><em>otim</em></strong></span> <span class='ocrx_word' id='word_1_101' title='bbox 1358 901 1387 959; x_wconf 93' lang='lat' dir='ltr'><strong><em>et</em></strong></span> <span class='ocrx_word' id='word_1_102' title='bbox 1406 896 1462 959; x_wconf 88' lang='lat' dir='ltr'><strong><em>sub</em></strong></span> <span class='ocrx_word' id='word_1_103' title='bbox 1482 896 1597 980; x_wconf 70' lang='lat' dir='ltr'><strong><em>fiqicris</em></strong></span> <span class='ocrx_word' id='word_1_104' title='bbox 1614 898 1953 978; x_wconf 80' lang='lat' dir='ltr'><strong><em>niuttcpbieitmsltenm</em></strong></span> <span class='ocrx_word' id='word_1_105' title='bbox 1970 899 2130 978; x_wconf 74' lang='lat' dir='ltr'><strong><em>loquentum</em></strong></span> 
     </span>
     <span class='ocr_line' id='line_1_8' title="bbox 120 979 2131 1065; baseline 0.003 -23"><span class='ocrx_word' id='word_1_106' title='bbox 120 980 175 1044; x_wconf 89' lang='lat' dir='ltr'><strong><em>hec</em></strong></span> <span class='ocrx_word' id='word_1_107' title='bbox 201 985 415 1058; x_wconf 80' lang='lat' dir='ltr'><strong><em>oeramentum,</em></strong></span> <span class='ocrx_word' id='word_1_108' title='bbox 450 981 542 1044; x_wconf 87' lang='lat' dir='ltr'><strong><em>euius</em></strong></span> <span class='ocrx_word' id='word_1_109' title='bbox 569 985 659 1043; x_wconf 90' lang='lat' dir='ltr'><strong><em>auter</em></strong></span> <span class='ocrx_word' id='word_1_110' title='bbox 684 980 748 1060; x_wconf 80' lang='lat' dir='ltr'><strong><em>fuit</em></strong></span> <span class='ocrx_word' id='word_1_111' title='bbox 775 979 944 1061; x_wconf 82' lang='lat' dir='ltr'><strong><em>Eretqches,</em></strong></span> <span class='ocrx_word' id='word_1_112' title='bbox 973 982 1101 1046; x_wconf 78' lang='lat' dir='ltr'><strong><em>minnere</em></strong></span> <span class='ocrx_word' id='word_1_113' title='bbox 1152 1002 1216 1047; x_wconf 90' lang='lat' dir='ltr'><strong><em>esse</em></strong></span> <span class='ocrx_word' id='word_1_114' title='bbox 1233 981 1381 1062; x_wconf 87' lang='lat' dir='ltr'><strong><em>patribus</em></strong></span> <span class='ocrx_word' id='word_1_115' title='bbox 1397 1003 1457 1063; x_wconf 89' lang='lat' dir='ltr'><strong><em>per</em></strong></span> <span class='ocrx_word' id='word_1_116' title='bbox 1472 982 1655 1064; x_wconf 88' lang='lat' dir='ltr'><strong><em>prophetas,</em></strong></span> <span class='ocrx_word' id='word_1_117' title='bbox 1679 985 1836 1065; x_wconf 85' lang='lat' dir='ltr'><strong><em>adiuuqit,</em></strong></span> <span class='ocrx_word' id='word_1_118' title='bbox 1858 985 2023 1048; x_wconf 38' lang='lat' dir='ltr'><strong><em>novisissime</em></strong></span> <span class='ocrx_word' id='word_1_119' title='bbox 2043 984 2131 1049; x_wconf 90' lang='lat' dir='ltr'><strong><em>nobis</em></strong></span> 
     </span>
     <span class='ocr_line' id='line_1_9' title="bbox 121 1066 2133 1152; baseline 0.002 -22"><span class='ocrx_word' id='word_1_120' title='bbox 121 1067 289 1143; x_wconf 87' lang='lat' dir='ltr'><strong><em>adiuuant,</em></strong></span> <span class='ocrx_word' id='word_1_121' title='bbox 323 1087 421 1147; x_wconf 86' lang='lat' dir='ltr'><strong><em>quum</em></strong></span> <span class='ocrx_word' id='word_1_122' title='bbox 448 1067 651 1148; x_wconf 85' lang='lat' dir='ltr'><strong><em>eaauqeiistae</em></strong></span> <span class='ocrx_word' id='word_1_123' title='bbox 675 1087 736 1130; x_wconf 91' lang='lat' dir='ltr'><strong><em>nou</em></strong></span> <span class='ocrx_word' id='word_1_124' title='bbox 764 1067 854 1130; x_wconf 85' lang='lat' dir='ltr'><strong><em>atiud</em></strong></span> <span class='ocrx_word' id='word_1_125' title='bbox 874 1066 973 1146; x_wconf 79' lang='lat' dir='ltr'><strong><em>fuerit</em></strong></span> <span class='ocrx_word' id='word_1_126' title='bbox 988 1087 1101 1148; x_wconf 79' lang='lat' dir='ltr'><strong><em>prope</em></strong></span> <span class='ocrx_word' id='word_1_127' title='bbox 1152 1068 1312 1148; x_wconf 83' lang='lat' dir='ltr'><strong><em>taqrmturu</em></strong></span> <span class='ocrx_word' id='word_1_128' title='bbox 1334 1089 1399 1131; x_wconf 89' lang='lat' dir='ltr'><strong><em>esse</em></strong></span> <span class='ocrx_word' id='word_1_129' title='bbox 1415 1090 1476 1149; x_wconf 90' lang='lat' dir='ltr'><strong><em>per</em></strong></span> <span class='ocrx_word' id='word_1_130' title='bbox 1497 1070 1640 1133; x_wconf 86' lang='lat' dir='ltr'><strong><em>dilectum</em></strong></span> <span class='ocrx_word' id='word_1_131' title='bbox 1656 1068 1761 1148; x_wconf 79' lang='lat' dir='ltr'><strong><em>fitium</em></strong></span> <span class='ocrx_word' id='word_1_132' title='bbox 1779 1069 1895 1151; x_wconf 84' lang='lat' dir='ltr'><strong><em>(Hebr.</em></strong></span> <span class='ocrx_word' id='word_1_133' title='bbox 1919 1075 1944 1146; x_wconf 93' lang='lat' dir='ltr'><strong><em>l,</em></strong></span> <span class='ocrx_word' id='word_1_134' title='bbox 1970 1070 2009 1152; x_wconf 84' lang='lat' dir='ltr'><strong><em>l).</em></strong></span> <span class='ocrx_word' id='word_1_135' title='bbox 2047 1072 2133 1150; x_wconf 69' lang='lat' dir='ltr'><strong><em>Quia</em></strong></span> 
     </span>
     <span class='ocr_line' id='line_1_10' title="bbox 119 1152 2132 1238; baseline 0.002 -21"><span class='ocrx_word' id='word_1_136' title='bbox 119 1154 217 1218; x_wconf 90' lang='lat' dir='ltr'><strong><em>situm</em></strong></span> <span class='ocrx_word' id='word_1_137' title='bbox 250 1172 346 1233; x_wconf 67' lang='lat' dir='ltr'><strong><em>mam</em></strong></span> <span class='ocrx_word' id='word_1_138' title='bbox 368 1173 522 1234; x_wconf 83' lang='lat' dir='ltr'><strong><em>personae</em></strong></span> <span class='ocrx_word' id='word_1_139' title='bbox 560 1154 709 1216; x_wconf 68' lang='lat' dir='ltr'><strong><em>renitentem</em></strong></span> <span class='ocrx_word' id='word_1_140' title='bbox 742 1172 879 1217; x_wconf 88' lang='lat' dir='ltr'><strong><em>asserere</em></strong></span> <span class='ocrx_word' id='word_1_141' title='bbox 910 1154 947 1215; x_wconf 90' lang='lat' dir='ltr'><strong><em>iu</em></strong></span> <span class='ocrx_word' id='word_1_142' title='bbox 978 1152 1101 1217; x_wconf 69' lang='lat' dir='ltr'><strong><em>animus</em></strong></span> <span class='ocrx_word' id='word_1_143' title='bbox 1152 1160 1253 1218; x_wconf 87' lang='lat' dir='ltr'><strong><em>autem</em></strong></span> <span class='ocrx_word' id='word_1_144' title='bbox 1275 1173 1431 1217; x_wconf 87' lang='lat' dir='ltr'><strong><em>commune</em></strong></span> <span class='ocrx_word' id='word_1_145' title='bbox 1452 1153 1614 1236; x_wconf 89' lang='lat' dir='ltr'><strong><em>prophetis</em></strong></span> <span class='ocrx_word' id='word_1_146' title='bbox 1642 1155 1779 1237; x_wconf 69' lang='lat' dir='ltr'><strong><em>officium</em></strong></span> <span class='ocrx_word' id='word_1_147' title='bbox 1803 1156 1867 1235; x_wconf 77' lang='lat' dir='ltr'><strong><em>fuit</em></strong></span> <span class='ocrx_word' id='word_1_148' title='bbox 1886 1161 1986 1219; x_wconf 80' lang='lat' dir='ltr'><strong><em>terrere</em></strong></span> <span class='ocrx_word' id='word_1_149' title='bbox 2005 1176 2132 1238; x_wconf 87' lang='lat' dir='ltr'><strong><em>suspeu-</em></strong></span> 
     </span>
     <span class='ocr_line' id='line_1_11' title="bbox 118 1240 2133 1321; baseline 0.002 -19"><span class='ocrx_word' id='word_1_150' title='bbox 118 1240 253 1303; x_wconf 85' lang='lat' dir='ltr'><strong><em>naturis.</em></strong></span> <span class='ocrx_word' id='word_1_151' title='bbox 1152 1260 1221 1303; x_wconf 90' lang='lat' dir='ltr'><strong><em>sam</em></strong></span> <span class='ocrx_word' id='word_1_152' title='bbox 1242 1240 1414 1313; x_wconf 76' lang='lat' dir='ltr'><strong><em>molestam,</em></strong></span> <span class='ocrx_word' id='word_1_153' title='bbox 1444 1245 1470 1301; x_wconf 89' lang='lat' dir='ltr'><strong><em>et</em></strong></span> <span class='ocrx_word' id='word_1_154' title='bbox 1500 1241 1596 1304; x_wconf 84' lang='lat' dir='ltr'><strong><em>simut</em></strong></span> <span class='ocrx_word' id='word_1_155' title='bbox 1620 1240 1735 1321; x_wconf 72' lang='lat' dir='ltr'><strong><em>fulcire</em></strong></span> <span class='ocrx_word' id='word_1_156' title='bbox 1764 1261 1861 1321; x_wconf 87' lang='lat' dir='ltr'><strong><em>usque</em></strong></span> <span class='ocrx_word' id='word_1_157' title='bbox 1888 1242 1930 1305; x_wconf 91' lang='lat' dir='ltr'><strong><em>ad</em></strong></span> <span class='ocrx_word' id='word_1_158' title='bbox 1952 1242 2133 1306; x_wconf 84' lang='lat' dir='ltr'><strong><em>mediatoris</em></strong></span> 
     </span>
     <span class='ocr_line' id='line_1_12' title="bbox 1152 1326 2134 1410; baseline 0.002 -21"><span class='ocrx_word' id='word_1_159' title='bbox 1152 1326 1332 1394; x_wconf 82' lang='lat' dir='ltr'><strong><em>adcerrtnm,</em></strong></span> <span class='ocrx_word' id='word_1_160' title='bbox 1363 1326 1430 1389; x_wconf 87' lang='lat' dir='ltr'><strong><em>idea</em></strong></span> <span class='ocrx_word' id='word_1_161' title='bbox 1450 1331 1626 1406; x_wconf 79' lang='lat' dir='ltr'><strong><em>conquestos</em></strong></span> <span class='ocrx_word' id='word_1_162' title='bbox 1654 1328 1689 1388; x_wconf 91' lang='lat' dir='ltr'><strong><em>iu</em></strong></span> <span class='ocrx_word' id='word_1_163' title='bbox 1710 1327 1913 1405; x_wconf 79' lang='lat' dir='ltr'><strong><em>dissipatione</em></strong></span> <span class='ocrx_word' id='word_1_164' title='bbox 1933 1327 2039 1406; x_wconf 70' lang='lat' dir='ltr'><strong><em>fideles</em></strong></span> <span class='ocrx_word' id='word_1_165' title='bbox 2062 1328 2134 1410; x_wconf 77' lang='lat' dir='ltr'><strong><em>tepi-</em></strong></span> 
     </span>
    </p>

    <p class='ocr_par' dir='ltr' id='par_1_3' title="bbox 1151 1412 2133 1495">
     <span class='ocr_line' id='line_1_13' title="bbox 1151 1412 2133 1495; baseline 0.003 -21"><span class='ocrx_word' id='word_1_166' title='bbox 1151 1432 1237 1489; x_wconf 91' lang='lat' dir='ltr'><strong><em>mus,</em></strong></span> <span class='ocrx_word' id='word_1_167' title='bbox 1254 1412 1383 1492; x_wconf 77' lang='lat' dir='ltr'><strong><em>privari</em></strong></span> <span class='ocrx_word' id='word_1_168' title='bbox 1405 1432 1437 1473; x_wconf 92' lang='lat' dir='ltr'><strong><em>sc</em></strong></span> <span class='ocrx_word' id='word_1_169' title='bbox 1459 1413 1624 1476; x_wconf 83' lang='lat' dir='ltr'><strong><em>ordinario·</em></strong></span> <span class='ocrx_word' id='word_1_170' title='bbox 1640 1412 1695 1475; x_wconf 79' lang='lat' dir='ltr'><strong><em>iilo</em></strong></span> <span class='ocrx_word' id='word_1_171' title='bbox 1717 1412 1807 1475; x_wconf 91' lang='lat' dir='ltr'><strong><em>boue:</em></strong></span> <span class='ocrx_word' id='word_1_172' title='bbox 1830 1413 1923 1495; x_wconf 86' lang='lat' dir='ltr'><strong><em>siqua</em></strong></span> <span class='ocrx_word' id='word_1_173' title='bbox 1946 1418 2050 1476; x_wconf 90' lang='lat' dir='ltr'><strong><em>nostra</em></strong></span> <span class='ocrx_word' id='word_1_174' title='bbox 2072 1433 2133 1477; x_wconf 87' lang='lat' dir='ltr'><strong><em>nen</em></strong></span> 
     </span>
    </p>

    <p class='ocr_par' dir='ltr' id='par_1_4' title="bbox 462 1495 2131 1581">
     <span class='ocr_line' id='line_1_14' title="bbox 462 1495 2131 1581; baseline 0.002 -22"><span class='ocrx_word' id='word_1_175' title='bbox 462 1495 613 1561; x_wconf 81' lang='lat' dir='ltr'><strong>CAPUT</strong></span> <span class='ocrx_word' id='word_1_176' title='bbox 635 1496 713 1559; x_wconf 78' lang='lat' dir='ltr'><strong><em>XV.</em></strong></span> <span class='ocrx_word' id='word_1_177' title='bbox 733 1498 759 1579; x_wconf 87' lang='lat'><strong><em>¹)</em></strong></span> <span class='ocrx_word' id='word_1_178' title='bbox 1152 1499 1309 1574; x_wconf 77' lang='lat' dir='ltr'><strong><em>uidemus,¹</em></strong></span> <span class='ocrx_word' id='word_1_179' title='bbox 1338 1517 1399 1559; x_wconf 77' lang='lat' dir='ltr'><strong><em>icore</em></strong></span> <span class='ocrx_word' id='word_1_180' title='bbox 1420 1502 1463 1560; x_wconf 90' lang='lat' dir='ltr'><strong><em>est</em></strong></span> <span class='ocrx_word' id='word_1_181' title='bbox 1486 1499 1566 1560; x_wconf 87' lang='lat' dir='ltr'><strong><em>inter</em></strong></span> <span class='ocrx_word' id='word_1_182' title='bbox 1588 1518 1644 1562; x_wconf 90' lang='lat' dir='ltr'><strong><em>nes</em></strong></span> <span class='ocrx_word' id='word_1_183' title='bbox 1660 1496 1830 1578; x_wconf 83' lang='lat' dir='ltr'><strong><em>propheta,-</em></strong></span> <span class='ocrx_word' id='word_1_184' title='bbox 1856 1519 1916 1561; x_wconf 82' lang='lat' dir='ltr'><strong><em>rnen</em></strong></span> <span class='ocrx_word' id='word_1_185' title='bbox 1945 1504 1989 1561; x_wconf 90' lang='lat' dir='ltr'><strong><em>cst</em></strong></span> <span class='ocrx_word' id='word_1_186' title='bbox 2010 1518 2131 1581; x_wconf 83' lang='lat' dir='ltr'><strong><em>coqnos·</em></strong></span> 
     </span>
    </p>
   </div>
   <div class='ocr_carea' id='block_1_3' title="bbox 119 1582 2131 1754">
    <p class='ocr_par' dir='ltr' id='par_1_5' title="bbox 119 1582 2131 1754">
     <span class='ocr_line' id='line_1_15' title="bbox 256 1582 2131 1674; baseline -0.003 -20"><span class='ocrx_word' id='word_1_187' title='bbox 256 1639 264 1654; x_wconf 92' lang='lat'>.</span> <span class='ocrx_word' id='word_1_188' title='bbox 693 1638 701 1653; x_wconf 88' lang='lat'><strong>.</strong></span> <span class='ocrx_word' id='word_1_189' title='bbox 788 1668 792 1674; x_wconf 20' lang='lat'>⁸</span> <span class='ocrx_word' id='word_1_190' title='bbox 839 1640 846 1660; x_wconf 87' lang='lat'><strong><em>,</em></strong></span> <span class='ocrx_word' id='word_1_191' title='bbox 922 1639 929 1654; x_wconf 90' lang='lat'><strong>.</strong></span> <span class='ocrx_word' id='word_1_192' title='bbox 1067 1639 1074 1654; x_wconf 87' lang='grc'><em>,</em></span> <span class='ocrx_word' id='word_1_193' title='bbox 1152 1602 1220 1647; x_wconf 88' lang='lat' dir='ltr'><strong><em>ecus</em></strong></span> <span class='ocrx_word' id='word_1_194' title='bbox 1241 1582 1379 1662; x_wconf 84' lang='lat' dir='ltr'><strong><em>amplius</em></strong></span> <span class='ocrx_word' id='word_1_195' title='bbox 1401 1583 1503 1660; x_wconf 78' lang='lat' dir='ltr'><strong><em>(Psel.</em></strong></span> <span class='ocrx_word' id='word_1_196' title='bbox 1527 1588 1577 1659; x_wconf 80' lang='lat'><strong><em>74,</em></strong></span> <span class='ocrx_word' id='word_1_197' title='bbox 1598 1583 1641 1667; x_wconf 83' lang='lat'><strong><em>3).</em></strong></span> <span class='ocrx_word' id='word_1_198' title='bbox 1686 1582 1732 1645; x_wconf 86' lang='lat' dir='ltr'><strong><em>At</em></strong></span> <span class='ocrx_word' id='word_1_199' title='bbox 1751 1604 1834 1661; x_wconf 89' lang='lat' dir='ltr'><strong><em>uero,</em></strong></span> <span class='ocrx_word' id='word_1_200' title='bbox 1862 1604 1958 1663; x_wconf 89' lang='lat' dir='ltr'><strong><em>quum</em></strong></span> <span class='ocrx_word' id='word_1_201' title='bbox 1981 1586 2046 1647; x_wconf 88' lang='lat' dir='ltr'><strong><em>iarn</em></strong></span> <span class='ocrx_word' id='word_1_202' title='bbox 2068 1598 2131 1651; x_wconf 67' lang='lat' dir='ltr'><strong><em>nau</em></strong></span> 
     </span>
     <span class='ocr_line' id='line_1_16' title="bbox 119 1637 2131 1754; baseline -0.002 -18"><span class='ocrx_word' id='word_1_203' title='bbox 119 1638 185 1724; x_wconf 78' lang='lat' dir='ltr'><strong><em>Ut</em></strong></span> <span class='ocrx_word' id='word_1_204' title='bbox 208 1668 388 1721; x_wconf 70' lang='lat' dir='ltr'><strong><em>emamus</em></strong></span> <span class='ocrx_word' id='word_1_205' title='bbox 415 1666 618 1747; x_wconf 77' lang='lat' dir='ltr'><strong><em>quorsum</em></strong></span> <span class='ocrx_word' id='word_1_206' title='bbox 646 1668 800 1718; x_wconf 73' lang='lat' dir='ltr'><strong><em>m1ssus</em></strong></span> <span class='ocrx_word' id='word_1_207' title='bbox 824 1639 953 1719; x_wconf 71' lang='lat' dir='ltr'><strong><em>tuens</em></strong></span> <span class='ocrx_word' id='word_1_208' title='bbox 975 1637 1099 1720; x_wconf 79' lang='lat' dir='ltr'><strong><em>Chn-</em></strong></span> <span class='ocrx_word' id='word_1_209' title='bbox 1153 1669 1239 1750; x_wconf 69' lang='lat' dir='ltr'><strong><em>nup</em></strong></span> <span class='ocrx_word' id='word_1_210' title='bbox 1260 1667 1377 1732; x_wconf 68' lang='lat' dir='ltr'><strong><em>nesse</em></strong></span> <span class='ocrx_word' id='word_1_211' title='bbox 1401 1667 1553 1746; x_wconf 58' lang='lat' dir='ltr'><strong><em>eruissem,</em></strong></span> <span class='ocrx_word' id='word_1_212' title='bbox 1570 1668 1751 1751; x_wconf 68' lang='lat' dir='ltr'><strong><em>praecem</em></strong></span> <span class='ocrx_word' id='word_1_213' title='bbox 1770 1669 1834 1750; x_wconf 77' lang='lat' dir='ltr'><strong><em>fun</em></strong></span> <span class='ocrx_word' id='word_1_214' title='bbox 1859 1669 1988 1732; x_wconf 58' lang='lat' dir='ltr'><strong><em>riurein</em></strong></span> <span class='ocrx_word' id='word_1_215' title='bbox 2009 1669 2053 1754; x_wconf 79' lang='lat' dir='ltr'><strong><em>(o,</em></strong></span> <span class='ocrx_word' id='word_1_216' title='bbox 2073 1666 2131 1754; x_wconf 79' lang='lat' dir='ltr'><strong><em>n)</em></strong></span> 
     </span>
    </p>
   </div>
   <div class='ocr_carea' id='block_1_4' title="bbox 122 1754 2132 1869">
    <p class='ocr_par' dir='ltr' id='par_1_6' title="bbox 122 1754 2132 1869">
     <span class='ocr_line' id='line_1_17' title="bbox 122 1754 2132 1869; baseline 0 -50"><span class='ocrx_word' id='word_1_217' title='bbox 122 1770 214 1842; x_wconf 56' lang='lat' dir='ltr'><strong>stus</strong></span> <span class='ocrx_word' id='word_1_218' title='bbox 238 1789 263 1841; x_wconf 68' lang='lat' dir='ltr'>a</span> <span class='ocrx_word' id='word_1_219' title='bbox 285 1770 420 1869; x_wconf 53' lang='lat' dir='ltr'><strong><em>patre,</em></strong></span> <span class='ocrx_word' id='word_1_220' title='bbox 445 1770 490 1839; x_wconf 63' lang='lat' dir='ltr'><strong><em>gt</em></strong></span> <span class='ocrx_word' id='word_1_221' title='bbox 516 1758 618 1867; x_wconf 74' lang='lat' dir='ltr'><strong><em>quid</em></strong></span> <span class='ocrx_word' id='word_1_222' title='bbox 638 1758 758 1840; x_wconf 71' lang='lat' dir='ltr'><strong><em>n0bjs</em></strong></span> <span class='ocrx_word' id='word_1_223' title='bbox 784 1759 992 1864; x_wconf 52' lang='lat' dir='ltr'><strong><em>attulerit,</em></strong></span> <span class='ocrx_word' id='word_1_224' title='bbox 1017 1759 1101 1840; x_wconf 66' lang='lat' dir='ltr'><strong><em>tria</em></strong></span> <span class='ocrx_word' id='word_1_225' title='bbox 1151 1760 1270 1836; x_wconf 84' lang='lat' dir='ltr'><strong><em>tempus</em></strong></span> <span class='ocrx_word' id='word_1_226' title='bbox 1293 1755 1335 1818; x_wconf 90' lang='lat' dir='ltr'><strong><em>ad</em></strong></span> <span class='ocrx_word' id='word_1_227' title='bbox 1357 1754 1582 1836; x_wconf 86' lang='lat' dir='ltr'><strong><em>obsiqnandam</em></strong></span> <span class='ocrx_word' id='word_1_228' title='bbox 1609 1756 1758 1818; x_wconf 78' lang='lat' dir='ltr'><strong><em>visionem</em></strong></span> <span class='ocrx_word' id='word_1_229' title='bbox 1785 1760 1811 1817; x_wconf 92' lang='lat' dir='ltr'><strong><em>et</em></strong></span> <span class='ocrx_word' id='word_1_230' title='bbox 1826 1755 2040 1834; x_wconf 74' lang='lat' dir='ltr'><strong><em>prophetiam,</em></strong></span> <span class='ocrx_word' id='word_1_231' title='bbox 2070 1776 2132 1819; x_wconf 88' lang='lat' dir='ltr'><strong><em>uon</em></strong></span> 
     </span>
    </p>
   </div>
   <div class='ocr_carea' id='block_1_5' title="bbox 120 1840 2132 2007">
    <p class='ocr_par' dir='ltr' id='par_1_7' title="bbox 120 1840 2132 2007">
     <span class='ocr_line' id='line_1_18' title="bbox 200 1840 2132 1922; baseline 0.005 -27"><span class='ocrx_word' id='word_1_232' title='bbox 200 1880 207 1895; x_wconf 89' lang='lat'>.</span> <span class='ocrx_word' id='word_1_233' title='bbox 260 1879 267 1894; x_wconf 92' lang='lat'><strong>.</strong></span> <span class='ocrx_word' id='word_1_234' title='bbox 672 1879 679 1894; x_wconf 83' lang='lat'>.</span> <span class='ocrx_word' id='word_1_235' title='bbox 1152 1840 1252 1904; x_wconf 84' lang='lat' dir='ltr'><strong><em>sotum</em></strong></span> <span class='ocrx_word' id='word_1_236' title='bbox 1279 1845 1314 1902; x_wconf 89' lang='lat' dir='ltr'><strong><em>ut</em></strong></span> <span class='ocrx_word' id='word_1_237' title='bbox 1345 1842 1489 1904; x_wconf 79' lang='lat' dir='ltr'><strong><em>uaticinio</em></strong></span> <span class='ocrx_word' id='word_1_238' title='bbox 1518 1841 1555 1904; x_wconf 90' lang='lat' dir='ltr'><strong><em>de</em></strong></span> <span class='ocrx_word' id='word_1_239' title='bbox 1576 1862 1636 1922; x_wconf 91' lang='lat' dir='ltr'><strong><em>quo</em></strong></span> <span class='ocrx_word' id='word_1_240' title='bbox 1658 1842 1726 1905; x_wconf 81' lang='lat' dir='ltr'><strong><em>iilic</em></strong></span> <span class='ocrx_word' id='word_1_241' title='bbox 1748 1841 1852 1922; x_wconf 88' lang='lat' dir='ltr'><strong><em>aqitur</em></strong></span> <span class='ocrx_word' id='word_1_242' title='bbox 1878 1845 1961 1905; x_wconf 89' lang='lat' dir='ltr'><strong><em>certa</em></strong></span> <span class='ocrx_word' id='word_1_243' title='bbox 1981 1845 2132 1905; x_wconf 89' lang='lat' dir='ltr'><strong><em>constaret</em></strong></span> 
     </span>
     <span class='ocr_line' id='line_1_19' title="bbox 120 1879 2132 2007; baseline -0.001 -15"><span class='ocrx_word' id='word_1_244' title='bbox 120 1890 389 1992; x_wconf 73' lang='lat' dir='ltr'><strong><em>ponssunmn</em></strong></span> <span class='ocrx_word' id='word_1_245' title='bbox 415 1879 645 1989; x_wconf 59' lang='lat' dir='ltr'>spectanda</span> <span class='ocrx_word' id='word_1_246' title='bbox 669 1909 712 1959; x_wconf 74' lang='lat' dir='ltr'><strong>m</strong></span> <span class='ocrx_word' id='word_1_247' title='bbox 735 1908 784 1960; x_wconf 62' lang='lat'><strong><em>0⁰</em></strong></span> <span class='ocrx_word' id='word_1_248' title='bbox 808 1909 914 1985; x_wconf 78' lang='lat' dir='ltr'><strong><em>esse,</em></strong></span> <span class='ocrx_word' id='word_1_249' title='bbox 945 1909 1100 1960; x_wconf 72' lang='lat' dir='ltr'>munus</span> <span class='ocrx_word' id='word_1_250' title='bbox 1152 1927 1321 2004; x_wconf 64' lang='lat' dir='ltr'><strong><em>uertentes,</em></strong></span> <span class='ocrx_word' id='word_1_251' title='bbox 1343 1927 1396 1990; x_wconf 90' lang='lat' dir='ltr'><strong><em>sed</em></strong></span> <span class='ocrx_word' id='word_1_252' title='bbox 1412 1932 1448 1989; x_wconf 91' lang='lat' dir='ltr'><strong><em>ut</em></strong></span> <span class='ocrx_word' id='word_1_253' title='bbox 1466 1925 1573 2006; x_wconf 79' lang='lat' dir='ltr'><strong><em>tidehes</em></strong></span> <span class='ocrx_word' id='word_1_254' title='bbox 1594 1947 1689 2007; x_wconf 91' lang='lat' dir='ltr'><strong><em>aequo</em></strong></span> <span class='ocrx_word' id='word_1_255' title='bbox 1711 1926 1815 1989; x_wconf 87' lang='lat' dir='ltr'><strong><em>anime</em></strong></span> <span class='ocrx_word' id='word_1_256' title='bbox 1836 1931 1974 1990; x_wconf 88' lang='lat' dir='ltr'><strong><em>carerent</em></strong></span> <span class='ocrx_word' id='word_1_257' title='bbox 1995 1928 2037 1990; x_wconf 78' lang='lat' dir='ltr'><strong><em>aet</em></strong></span> <span class='ocrx_word' id='word_1_258' title='bbox 2059 1931 2132 1990; x_wconf 78' lang='lat' dir='ltr'><strong><em>terrr-</em></strong></span> 
     </span>
    </p>
   </div>
   <div class='ocr_carea' id='block_1_6' title="bbox 114 1999 2133 2783">
    <p class='ocr_par' dir='ltr' id='par_1_8' title="bbox 151 1999 2133 2161">
     <span class='ocr_line' id='line_1_20' title="bbox 151 1999 2133 2161; baseline -0.002 -80"><span class='ocrx_word' id='word_1_259' title='bbox 151 1999 461 2111; x_wconf 69' lang='lat' dir='ltr'><strong><em>prophetiaum,</em></strong></span> <span class='ocrx_word' id='word_1_260' title='bbox 492 2029 676 2108; x_wconf 78' lang='lat' dir='ltr'><strong><em>regnum</em></strong></span> <span class='ocrx_word' id='word_1_261' title='bbox 707 2012 751 2079; x_wconf 80' lang='lat' dir='ltr'><strong><em>et</em></strong></span> <span class='ocrx_word' id='word_1_262' title='bbox 777 2000 1068 2081; x_wconf 73' lang='lat' dir='ltr'><strong><em>sacerdotium.</em></strong></span> <span class='ocrx_word' id='word_1_263' title='bbox 1146 2032 1212 2161; x_wconf 55' lang='lat' dir='ltr'><strong><em>puts</em></strong></span> <span class='ocrx_word' id='word_1_264' title='bbox 1228 2011 1398 2160; x_wconf 59' lang='lat' dir='ltr'><strong><em>propheltis,</em></strong></span> <span class='ocrx_word' id='word_1_265' title='bbox 1421 2014 1499 2160; x_wconf 58' lang='lat' dir='ltr'><strong><em>qim</em></strong></span> <span class='ocrx_word' id='word_1_266' title='bbox 1520 2013 1650 2076; x_wconf 82' lang='lat' dir='ltr'><strong><em>instaret</em></strong></span> <span class='ocrx_word' id='word_1_267' title='bbox 1671 2013 1810 2076; x_wconf 89' lang='lat' dir='ltr'><strong><em>omnium</em></strong></span> <span class='ocrx_word' id='word_1_268' title='bbox 1827 2014 2047 2076; x_wconf 81' lang='lat' dir='ltr'><strong><em>reuelatienum</em></strong></span> <span class='ocrx_word' id='word_1_269' title='bbox 2063 2014 2133 2093; x_wconf 83' lang='lat' dir='ltr'><strong><em>pte·</em></strong></span> 
     </span>
     <span class='ocr_line' id='line_1_21' title="bbox 1151 2118 1480 2161; baseline 0.003 -1"><span class='ocrx_word' id='word_1_270' title='bbox 1151 2120 1186 2160; x_wconf 83' lang='lat' dir='ltr'><strong><em>uc</em></strong></span> <span class='ocrx_word' id='word_1_271' title='bbox 1198 2119 1260 2161; x_wconf 77' lang='lat' dir='ltr'><strong><em>irco</em></strong></span> <span class='ocrx_word' id='word_1_272' title='bbox 1281 2119 1308 2160; x_wconf 80' lang='lat' dir='ltr'><strong><em>c·</em></strong></span> <span class='ocrx_word' id='word_1_273' title='bbox 1330 2118 1438 2160; x_wconf 83' lang='lat' dir='ltr'><strong><em>caiis-u</em></strong></span> <span class='ocrx_word' id='word_1_274' title='bbox 1452 2120 1480 2161; x_wconf 93' lang='lat' dir='ltr'><strong><em>a.</em></strong></span> 
     </span>
    </p>

    <p class='ocr_par' dir='ltr' id='par_1_9' title="bbox 114 2181 2132 2783">
     <span class='ocr_line' id='line_1_22' title="bbox 210 2181 2131 2266; baseline 0.001 -20"><span class='ocrx_word' id='word_1_275' title='bbox 210 2190 235 2247; x_wconf 87' lang='lat'><strong><em>1.</em></strong></span> <span class='ocrx_word' id='word_1_276' title='bbox 277 2183 368 2248; x_wconf 82' lang='lat' dir='ltr'><strong><em>Recte</em></strong></span> <span class='ocrx_word' id='word_1_277' title='bbox 386 2181 635 2266; x_wconf 47' lang='lat' dir='ltr'><strong><em>Acqmstinnsss)</em></strong></span> <span class='ocrx_word' id='word_1_278' title='bbox 656 2183 801 2262; x_wconf 84' lang='lat' dir='ltr'><strong><em>quamn-is</em></strong></span> <span class='ocrx_word' id='word_1_279' title='bbox 822 2181 967 2248; x_wconf 87' lang='lat' dir='ltr'><strong><em>haeretiei</em></strong></span> <span class='ocrx_word' id='word_1_280' title='bbox 982 2183 1100 2248; x_wconf 75' lang='lat' dir='ltr'><strong><em>Christi</em></strong></span> <span class='ocrx_word' id='word_1_281' title='bbox 1239 2187 1267 2245; x_wconf 75' lang='lat'><strong><em>2.</em></strong></span> <span class='ocrx_word' id='word_1_282' title='bbox 1316 2181 1416 2247; x_wconf 90' lang='lat' dir='ltr'><strong><em>Porro</em></strong></span> <span class='ocrx_word' id='word_1_283' title='bbox 1445 2185 1615 2248; x_wconf 87' lang='lat' dir='ltr'><strong><em>notundum</em></strong></span> <span class='ocrx_word' id='word_1_284' title='bbox 1648 2189 1692 2246; x_wconf 85' lang='lat' dir='ltr'><strong><em>est</em></strong></span> <span class='ocrx_word' id='word_1_285' title='bbox 1723 2183 1765 2246; x_wconf 90' lang='lat' dir='ltr'><strong><em>ad</em></strong></span> <span class='ocrx_word' id='word_1_286' title='bbox 1798 2183 1871 2248; x_wconf 83' lang='lat' dir='ltr'><strong><em>traec</em></strong></span> <span class='ocrx_word' id='word_1_287' title='bbox 1903 2186 1968 2247; x_wconf 90' lang='lat' dir='ltr'><strong><em>tria</em></strong></span> <span class='ocrx_word' id='word_1_288' title='bbox 2000 2204 2131 2248; x_wconf 79' lang='lat' dir='ltr'><strong><em>uerrerera</em></strong></span> 
     </span>
     <span class='ocr_line' id='line_1_23' title="bbox 119 2268 2132 2352; baseline -0.001 -16"><span class='ocrx_word' id='word_1_289' title='bbox 119 2292 229 2335; x_wconf 79' lang='lat' dir='ltr'><strong><em>innuen</em></strong></span> <span class='ocrx_word' id='word_1_290' title='bbox 244 2271 436 2350; x_wconf 85' lang='lat' dir='ltr'><strong><em>praedicent,</em></strong></span> <span class='ocrx_word' id='word_1_291' title='bbox 458 2289 617 2332; x_wconf 84' lang='lat' dir='ltr'><strong><em>omnneiene</em></strong></span> <span class='ocrx_word' id='word_1_292' title='bbox 638 2273 740 2332; x_wconf 71' lang='lat' dir='ltr'><strong><em>trinua</em></strong></span> <span class='ocrx_word' id='word_1_293' title='bbox 762 2268 830 2332; x_wconf 84' lang='lat' dir='ltr'><strong><em>iltis</em></strong></span> <span class='ocrx_word' id='word_1_294' title='bbox 851 2289 920 2332; x_wconf 89' lang='lat' dir='ltr'><strong><em>eum</em></strong></span> <span class='ocrx_word' id='word_1_295' title='bbox 936 2270 1006 2349; x_wconf 91' lang='lat' dir='ltr'><strong><em>piis</em></strong></span> <span class='ocrx_word' id='word_1_296' title='bbox 1028 2269 1101 2349; x_wconf 74' lang='lat' dir='ltr'><strong><em>freu-</em></strong></span> <span class='ocrx_word' id='word_1_297' title='bbox 1155 2268 1277 2334; x_wconf 83' lang='lat' dir='ltr'><strong><em>Christi</em></strong></span> <span class='ocrx_word' id='word_1_298' title='bbox 1294 2270 1448 2349; x_wconf 87' lang='lat' dir='ltr'><strong><em>pertinere</em></strong></span> <span class='ocrx_word' id='word_1_299' title='bbox 1470 2270 1608 2352; x_wconf 84' lang='lat' dir='ltr'><strong><em>etoqinm&#39;.</em></strong></span> <span class='ocrx_word' id='word_1_300' title='bbox 1659 2269 1784 2334; x_wconf 79' lang='lat' dir='ltr'><strong><em>Scimus</em></strong></span> <span class='ocrx_word' id='word_1_301' title='bbox 1809 2271 1891 2333; x_wconf 88' lang='lat' dir='ltr'><strong><em>euim</em></strong></span> <span class='ocrx_word' id='word_1_302' title='bbox 1920 2269 1977 2334; x_wconf 88' lang='lat' dir='ltr'><strong><em>snb</em></strong></span> <span class='ocrx_word' id='word_1_303' title='bbox 2000 2270 2061 2352; x_wconf 85' lang='lat' dir='ltr'><strong><em>teqe</em></strong></span> <span class='ocrx_word' id='word_1_304' title='bbox 2081 2290 2132 2333; x_wconf 88' lang='lat' dir='ltr'><strong><em>sa·</em></strong></span> 
     </span>
     <span class='ocr_line' id='line_1_24' title="bbox 121 2354 2132 2437; baseline -0 -17"><span class='ocrx_word' id='word_1_305' title='bbox 121 2357 299 2420; x_wconf 78' lang='lat' dir='ltr'><strong><em>domnitam</em></strong></span> <span class='ocrx_word' id='word_1_306' title='bbox 320 2374 385 2419; x_wconf 89' lang='lat' dir='ltr'><strong><em>esse</em></strong></span> <span class='ocrx_word' id='word_1_307' title='bbox 405 2359 508 2437; x_wconf 84' lang='lat' dir='ltr'><strong><em>ucqat,</em></strong></span> <span class='ocrx_word' id='word_1_308' title='bbox 536 2355 589 2418; x_wconf 91' lang='lat' dir='ltr'><strong><em>sed</em></strong></span> <span class='ocrx_word' id='word_1_309' title='bbox 609 2374 734 2418; x_wconf 72' lang='lat' dir='ltr'><strong><em>remisere</em></strong></span> <span class='ocrx_word' id='word_1_310' title='bbox 755 2354 897 2418; x_wconf 82' lang='lat' dir='ltr'><strong><em>ecciesiae</em></strong></span> <span class='ocrx_word' id='word_1_311' title='bbox 912 2356 1100 2436; x_wconf 71' lang='lat' dir='ltr'><strong><em>proprium·</em></strong></span> <span class='ocrx_word' id='word_1_312' title='bbox 1152 2376 1203 2420; x_wconf 88' lang='lat' dir='ltr'><strong><em>oro</em></strong></span> <span class='ocrx_word' id='word_1_313' title='bbox 1225 2355 1286 2418; x_wconf 79' lang='lat' dir='ltr'><strong><em>oleo</em></strong></span> <span class='ocrx_word' id='word_1_314' title='bbox 1308 2360 1372 2417; x_wconf 91' lang='lat' dir='ltr'><strong><em>tam</em></strong></span> <span class='ocrx_word' id='word_1_315' title='bbox 1387 2355 1555 2436; x_wconf 87' lang='lat' dir='ltr'><strong><em>prophetas</em></strong></span> <span class='ocrx_word' id='word_1_316' title='bbox 1576 2376 1671 2435; x_wconf 90' lang='lat' dir='ltr'><strong><em>quam</em></strong></span> <span class='ocrx_word' id='word_1_317' title='bbox 1683 2357 1853 2420; x_wconf 88' lang='lat' dir='ltr'><strong><em>sacerdotes</em></strong></span> <span class='ocrx_word' id='word_1_318' title='bbox 1873 2376 1910 2419; x_wconf 89' lang='lat' dir='ltr'><strong><em>ac</em></strong></span> <span class='ocrx_word' id='word_1_319' title='bbox 1926 2377 2011 2437; x_wconf 88' lang='lat' dir='ltr'><strong><em>reqes</em></strong></span> <span class='ocrx_word' id='word_1_320' title='bbox 2030 2357 2132 2436; x_wconf 77' lang='lat' dir='ltr'><strong><em>tuisse</em></strong></span> 
     </span>
     <span class='ocr_line' id='line_1_25' title="bbox 122 2438 2131 2523; baseline -0 -18"><span class='ocrx_word' id='word_1_321' title='bbox 122 2444 200 2523; x_wconf 86' lang='lat' dir='ltr'><strong><em>quio</em></strong></span> <span class='ocrx_word' id='word_1_322' title='bbox 232 2443 261 2506; x_wconf 88' lang='lat' dir='ltr'><strong><em>si</em></strong></span> <span class='ocrx_word' id='word_1_323' title='bbox 293 2442 456 2523; x_wconf 82' lang='lat' dir='ltr'><strong><em>ditiq&#39;euter</em></strong></span> <span class='ocrx_word' id='word_1_324' title='bbox 488 2441 717 2503; x_wconf 75' lang='lat' dir='ltr'><strong><em>considerentur</em></strong></span> <span class='ocrx_word' id='word_1_325' title='bbox 747 2461 827 2521; x_wconf 88' lang='lat' dir='ltr'><strong><em>qnae</em></strong></span> <span class='ocrx_word' id='word_1_326' title='bbox 865 2441 907 2504; x_wconf 91' lang='lat' dir='ltr'><strong><em>ad</em></strong></span> <span class='ocrx_word' id='word_1_327' title='bbox 943 2440 1101 2504; x_wconf 83' lang='lat' dir='ltr'><strong><em>Christum</em></strong></span> <span class='ocrx_word' id='word_1_328' title='bbox 1152 2447 1266 2505; x_wconf 73' lang='lat' dir='ltr'><strong><em>strictos.</em></strong></span> <span class='ocrx_word' id='word_1_329' title='bbox 1318 2438 1404 2506; x_wconf 89' lang='lat' dir='ltr'><strong><em>Unde</em></strong></span> <span class='ocrx_word' id='word_1_330' title='bbox 1425 2447 1452 2504; x_wconf 89' lang='lat' dir='ltr'><strong><em>et</em></strong></span> <span class='ocrx_word' id='word_1_331' title='bbox 1473 2441 1583 2505; x_wconf 81' lang='lat' dir='ltr'><strong><em>celebre</em></strong></span> <span class='ocrx_word' id='word_1_332' title='bbox 1606 2441 1745 2507; x_wconf 79' lang='lat' dir='ltr'><strong><em>Messius</em></strong></span> <span class='ocrx_word' id='word_1_333' title='bbox 1765 2462 1874 2506; x_wconf 89' lang='lat' dir='ltr'><strong><em>nomen</em></strong></span> <span class='ocrx_word' id='word_1_334' title='bbox 1890 2443 2049 2521; x_wconf 74' lang='lat' dir='ltr'><strong><em>meurisse</em></strong></span> <span class='ocrx_word' id='word_1_335' title='bbox 2071 2461 2131 2504; x_wconf 89' lang='lat' dir='ltr'><strong><em>me-</em></strong></span> 
     </span>
     <span class='ocr_line' id='line_1_26' title="bbox 114 2525 2131 2611; baseline 0 -19"><span class='ocrx_word' id='word_1_336' title='bbox 114 2529 286 2611; x_wconf 84' lang='lat' dir='ltr'><strong><em>pertinent,</em></strong></span> <span class='ocrx_word' id='word_1_337' title='bbox 315 2529 439 2591; x_wconf 80' lang='lat' dir='ltr'><strong><em>remnine</em></strong></span> <span class='ocrx_word' id='word_1_338' title='bbox 465 2531 554 2590; x_wconf 78' lang='lat' dir='ltr'><strong><em>terrm</em></strong></span> <span class='ocrx_word' id='word_1_339' title='bbox 580 2527 737 2589; x_wconf 87' lang='lat' dir='ltr'><strong><em>inuenitur</em></strong></span> <span class='ocrx_word' id='word_1_340' title='bbox 760 2525 906 2590; x_wconf 81' lang='lat' dir='ltr'><strong><em>(hristus</em></strong></span> <span class='ocrx_word' id='word_1_341' title='bbox 927 2527 1014 2607; x_wconf 81' lang='lat' dir='ltr'><strong><em>uqned</em></strong></span> <span class='ocrx_word' id='word_1_342' title='bbox 1042 2546 1099 2604; x_wconf 76' lang='lat' dir='ltr'><strong><em>coe,</em></strong></span> <span class='ocrx_word' id='word_1_343' title='bbox 1152 2528 1270 2592; x_wconf 87' lang='lat' dir='ltr'><strong><em>dietari</em></strong></span> <span class='ocrx_word' id='word_1_344' title='bbox 1295 2527 1361 2607; x_wconf 79' lang='lat' dir='ltr'><strong><em>fuit</em></strong></span> <span class='ocrx_word' id='word_1_345' title='bbox 1387 2528 1573 2608; x_wconf 87' lang='lat' dir='ltr'><strong><em>impositum.</em></strong></span> <span class='ocrx_word' id='word_1_346' title='bbox 1623 2528 1698 2592; x_wconf 85' lang='lat' dir='ltr'><strong><em>Etsi</em></strong></span> <span class='ocrx_word' id='word_1_347' title='bbox 1725 2533 1827 2590; x_wconf 90' lang='lat' dir='ltr'><strong><em>autem</em></strong></span> <span class='ocrx_word' id='word_1_348' title='bbox 1852 2528 1952 2608; x_wconf 80' lang='lat' dir='ltr'><strong><em>fateor</em></strong></span> <span class='ocrx_word' id='word_1_349' title='bbox 1972 2528 2131 2608; x_wconf 81' lang='lat' dir='ltr'><strong><em>peculiari</em></strong></span> 
     </span>
     <span class='ocr_line' id='line_1_27' title="bbox 120 2612 2131 2696; baseline 0 -19"><span class='ocrx_word' id='word_1_350' title='bbox 120 2615 254 2693; x_wconf 87' lang='lat' dir='ltr'><strong><em>reipsa</em></strong></span> <span class='ocrx_word' id='word_1_351' title='bbox 274 2617 409 2677; x_wconf 90' lang='lat' dir='ltr'><strong><em>nonest.</em></strong></span> <span class='ocrx_word' id='word_1_352' title='bbox 457 2612 510 2675; x_wconf 83' lang='lat' dir='ltr'><strong><em>Sic</em></strong></span> <span class='ocrx_word' id='word_1_353' title='bbox 531 2612 621 2676; x_wconf 74' lang='lat' dir='ltr'><strong><em>trodio</em></strong></span> <span class='ocrx_word' id='word_1_354' title='bbox 636 2614 800 2692; x_wconf 89' lang='lat' dir='ltr'><strong><em>papistae,</em></strong></span> <span class='ocrx_word' id='word_1_355' title='bbox 830 2614 974 2693; x_wconf 80' lang='lat' dir='ltr'><strong><em>quamuis</em></strong></span> <span class='ocrx_word' id='word_1_356' title='bbox 993 2613 1028 2675; x_wconf 89' lang='lat' dir='ltr'><strong><em>in</em></strong></span> <span class='ocrx_word' id='word_1_357' title='bbox 1050 2633 1101 2677; x_wconf 91' lang='lat' dir='ltr'><strong><em>ere</em></strong></span> <span class='ocrx_word' id='word_1_358' title='bbox 1152 2614 1241 2696; x_wconf 89' lang='lat' dir='ltr'><strong><em>requi</em></strong></span> <span class='ocrx_word' id='word_1_359' title='bbox 1270 2613 1386 2676; x_wconf 87' lang='lat' dir='ltr'><strong><em>intuitu</em></strong></span> <span class='ocrx_word' id='word_1_360' title='bbox 1416 2618 1444 2676; x_wconf 91' lang='lat' dir='ltr'><strong><em>et</em></strong></span> <span class='ocrx_word' id='word_1_361' title='bbox 1471 2615 1591 2677; x_wconf 85' lang='lat' dir='ltr'><strong><em>ratione</em></strong></span> <span class='ocrx_word' id='word_1_362' title='bbox 1618 2615 1734 2678; x_wconf 85' lang='lat' dir='ltr'><strong><em>dictum</em></strong></span> <span class='ocrx_word' id='word_1_363' title='bbox 1766 2614 1869 2694; x_wconf 79' lang='lat' dir='ltr'><strong><em>fuisse</em></strong></span> <span class='ocrx_word' id='word_1_364' title='bbox 1897 2613 2049 2677; x_wconf 84' lang='lat' dir='ltr'><strong><em>Messium</em></strong></span> <span class='ocrx_word' id='word_1_365' title='bbox 2082 2615 2131 2689; x_wconf 81' lang='lat' dir='ltr'><strong><em>tut</em></strong></span> 
     </span>
     <span class='ocr_line' id='line_1_28' title="bbox 119 2698 2131 2783; baseline -0 -19"><span class='ocrx_word' id='word_1_366' title='bbox 119 2702 260 2783; x_wconf 89' lang='lat' dir='ltr'><strong><em>ipserum</em></strong></span> <span class='ocrx_word' id='word_1_367' title='bbox 290 2703 409 2763; x_wconf 88' lang='lat' dir='ltr'><strong><em>resonet</em></strong></span> <span class='ocrx_word' id='word_1_368' title='bbox 444 2699 535 2777; x_wconf 73' lang='lat' dir='ltr'><strong><em>fitius</em></strong></span> <span class='ocrx_word' id='word_1_369' title='bbox 567 2698 631 2761; x_wconf 87' lang='lat' dir='ltr'><strong><em>Dei</em></strong></span> <span class='ocrx_word' id='word_1_370' title='bbox 663 2700 774 2763; x_wconf 79' lang='lat' dir='ltr'><strong><em>rrrcnrdi</em></strong></span> <span class='ocrx_word' id='word_1_371' title='bbox 805 2700 992 2781; x_wconf 77' lang='lat' dir='ltr'><strong><em>redemptor,</em></strong></span> <span class='ocrx_word' id='word_1_372' title='bbox 1024 2699 1101 2779; x_wconf 86' lang='lat' dir='ltr'><strong><em>qnia</em></strong></span> <span class='ocrx_word' id='word_1_373' title='bbox 1152 2700 1245 2762; x_wconf 88' lang='lat' dir='ltr'><strong><em>etiam</em></strong></span> <span class='ocrx_word' id='word_1_374' title='bbox 1272 2699 1348 2761; x_wconf 83' lang='lat' dir='ltr'><strong><em>alibi</em></strong></span> <span class='ocrx_word' id='word_1_375' title='bbox 1376 2700 1508 2782; x_wconf 84' lang='lat' dir='ltr'><strong><em>ostendi)</em></strong></span> <span class='ocrx_word' id='word_1_376' title='bbox 1532 2700 1715 2781; x_wconf 85' lang='lat' dir='ltr'><strong><em>preplcetica</em></strong></span> <span class='ocrx_word' id='word_1_377' title='bbox 1747 2704 1849 2762; x_wconf 84' lang='lat' dir='ltr'><strong><em>tomen</em></strong></span> <span class='ocrx_word' id='word_1_378' title='bbox 1875 2704 1903 2762; x_wconf 89' lang='lat' dir='ltr'><strong><em>et</em></strong></span> <span class='ocrx_word' id='word_1_379' title='bbox 1929 2699 2131 2763; x_wconf 84' lang='lat' dir='ltr'><strong><em>sacerdotatis</em></strong></span> 
     </span>
    </p>
   </div>
   <div class='ocr_carea' id='block_1_7' title="bbox 120 2783 2209 2867">
    <p class='ocr_par' dir='ltr' id='par_1_10' title="bbox 120 2783 2209 2867">
     <span class='ocr_line' id='line_1_29' title="bbox 120 2783 2209 2867; baseline -0.002 -17"><span class='ocrx_word' id='word_1_380' title='bbox 120 2792 222 2850; x_wconf 89' lang='lat' dir='ltr'><strong><em>tamen</em></strong></span> <span class='ocrx_word' id='word_1_381' title='bbox 250 2785 342 2849; x_wconf 78' lang='lat' dir='ltr'><strong><em>irioni</em></strong></span> <span class='ocrx_word' id='word_1_382' title='bbox 368 2786 505 2848; x_wconf 87' lang='lat' dir='ltr'><strong><em>neminis</em></strong></span> <span class='ocrx_word' id='word_1_383' title='bbox 534 2783 652 2847; x_wconf 79' lang='lat' dir='ltr'><strong><em>obtentu</em></strong></span> <span class='ocrx_word' id='word_1_384' title='bbox 679 2786 806 2848; x_wconf 82' lang='lat' dir='ltr'><strong><em>contenti</em></strong></span> <span class='ocrx_word' id='word_1_385' title='bbox 840 2804 899 2848; x_wconf 89' lang='lat' dir='ltr'><strong><em>sna</em></strong></span> <span class='ocrx_word' id='word_1_386' title='bbox 932 2786 1045 2849; x_wconf 77' lang='lat' dir='ltr'><strong><em>uirtute</em></strong></span> <span class='ocrx_word' id='word_1_387' title='bbox 1072 2790 1101 2847; x_wconf 88' lang='lat' dir='ltr'><strong><em>et</em></strong></span> <span class='ocrx_word' id='word_1_388' title='bbox 1152 2786 1254 2849; x_wconf 88' lang='lat' dir='ltr'><strong><em>unet-io</em></strong></span> <span class='ocrx_word' id='word_1_389' title='bbox 1284 2785 1421 2867; x_wconf 82' lang='lat' dir='ltr'><strong><em>qradrrm</em></strong></span> <span class='ocrx_word' id='word_1_390' title='bbox 1453 2805 1546 2848; x_wconf 80' lang='lat' dir='ltr'><strong><em>sunem</em></strong></span> <span class='ocrx_word' id='word_1_391' title='bbox 1580 2786 1723 2862; x_wconf 84' lang='lat' dir='ltr'><strong><em>obtinent,</em></strong></span> <span class='ocrx_word' id='word_1_392' title='bbox 1757 2806 1853 2864; x_wconf 88' lang='lat' dir='ltr'><strong><em>neque</em></strong></span> <span class='ocrx_word' id='word_1_393' title='bbox 1884 2789 1957 2849; x_wconf 88' lang='lat' dir='ltr'><strong><em>sunt</em></strong></span> <span class='ocrx_word' id='word_1_394' title='bbox 1989 2806 2010 2847; x_wconf 95' lang='lat' dir='ltr'><strong><em>a</em></strong></span> <span class='ocrx_word' id='word_1_395' title='bbox 2041 2785 2131 2848; x_wconf 89' lang='lat' dir='ltr'><strong><em>nobis</em></strong></span> <span class='ocrx_word' id='word_1_396' title='bbox 2207 2840 2209 2845; x_wconf 77' lang='lat'><em>.</em></span> 
     </span>
    </p>
   </div>
   <div class='ocr_carea' id='block_1_8' title="bbox 111 2869 2130 5017">
    <p class='ocr_par' dir='ltr' id='par_1_11' title="bbox 111 2869 2130 4756">
     <span class='ocr_line' id='line_1_30' title="bbox 119 2869 2130 2954; baseline -0.002 -19"><span class='ocrx_word' id='word_1_397' title='bbox 119 2873 268 2954; x_wconf 83' lang='lat' dir='ltr'><strong><em>diqnitate</em></strong></span> <span class='ocrx_word' id='word_1_398' title='bbox 289 2891 359 2935; x_wconf 87' lang='lat' dir='ltr'><strong><em>euru</em></strong></span> <span class='ocrx_word' id='word_1_399' title='bbox 379 2872 507 2949; x_wconf 80' lang='lat' dir='ltr'><strong><em>recidant,</em></strong></span> <span class='ocrx_word' id='word_1_400' title='bbox 530 2891 600 2933; x_wconf 85' lang='lat' dir='ltr'><strong><em>cere</em></strong></span> <span class='ocrx_word' id='word_1_401' title='bbox 621 2872 657 2933; x_wconf 89' lang='lat' dir='ltr'><strong><em>in</em></strong></span> <span class='ocrx_word' id='word_1_402' title='bbox 677 2891 727 2934; x_wconf 91' lang='lat' dir='ltr'><strong><em>eos</em></strong></span> <span class='ocrx_word' id='word_1_403' title='bbox 744 2872 882 2952; x_wconf 86' lang='lat' dir='ltr'><strong><em>competit</em></strong></span> <span class='ocrx_word' id='word_1_404' title='bbox 903 2871 982 2935; x_wconf 80' lang='lat' dir='ltr'><strong><em>iilud</em></strong></span> <span class='ocrx_word' id='word_1_405' title='bbox 1003 2869 1101 2934; x_wconf 78' lang='lat' dir='ltr'><strong><em>Pauli</em></strong></span> <span class='ocrx_word' id='word_1_406' title='bbox 1151 2871 1355 2953; x_wconf 78' lang='lat' dir='ltr'><strong><em>neptiqendae.</em></strong></span> <span class='ocrx_word' id='word_1_407' title='bbox 1399 2869 1539 2934; x_wconf 76' lang='lat' dir='ltr'><strong><em>¹Priores</em></strong></span> <span class='ocrx_word' id='word_1_408' title='bbox 1570 2892 1720 2951; x_wconf 85' lang='lat' dir='ltr'><strong><em>cupresso</em></strong></span> <span class='ocrx_word' id='word_1_409' title='bbox 1748 2870 1786 2949; x_wconf 71' lang='lat' dir='ltr'><strong><em>ht</em></strong></span> <span class='ocrx_word' id='word_1_410' title='bbox 1816 2871 1928 2934; x_wconf 89' lang='lat' dir='ltr'><strong><em>rnentio</em></strong></span> <span class='ocrx_word' id='word_1_411' title='bbox 1959 2871 2046 2950; x_wconf 89' lang='lat' dir='ltr'><strong><em>apud</em></strong></span> <span class='ocrx_word' id='word_1_412' title='bbox 2079 2869 2130 2932; x_wconf 91' lang='lat' dir='ltr'><strong><em>Ie-</em></strong></span> 
     </span>
     <span class='ocr_line' id='line_1_31' title="bbox 121 2954 2130 3042; baseline -0 -21"><span class='ocrx_word' id='word_1_413' title='bbox 121 2956 203 3042; x_wconf 76' lang='lat'>(001.</span> <span class='ocrx_word' id='word_1_414' title='bbox 224 2960 258 3036; x_wconf 84' lang='lat'><strong><em>2,</em></strong></span> <span class='ocrx_word' id='word_1_415' title='bbox 282 2957 350 3041; x_wconf 83' lang='lat'><strong><em>19),</em></strong></span> <span class='ocrx_word' id='word_1_416' title='bbox 384 2961 477 3037; x_wconf 87' lang='lat' dir='ltr'><strong><em>caput</em></strong></span> <span class='ocrx_word' id='word_1_417' title='bbox 504 2977 566 3019; x_wconf 81' lang='lat' dir='ltr'><strong><em>riou</em></strong></span> <span class='ocrx_word' id='word_1_418' title='bbox 594 2961 701 3020; x_wconf 76' lang='lat' dir='ltr'><strong><em>tenue.</em></strong></span> <span class='ocrx_word' id='word_1_419' title='bbox 745 2956 832 3038; x_wconf 84' lang='lat' dir='ltr'><strong><em>Erqo</em></strong></span> <span class='ocrx_word' id='word_1_420' title='bbox 857 2961 892 3020; x_wconf 87' lang='lat' dir='ltr'><strong><em>ut</em></strong></span> <span class='ocrx_word' id='word_1_421' title='bbox 917 2958 953 3020; x_wconf 89' lang='lat' dir='ltr'><strong><em>iu</em></strong></span> <span class='ocrx_word' id='word_1_422' title='bbox 977 2954 1100 3020; x_wconf 84' lang='lat' dir='ltr'><strong><em>Christo</em></strong></span> <span class='ocrx_word' id='word_1_423' title='bbox 1151 2959 1255 3020; x_wconf 87' lang='lat' dir='ltr'><strong><em>seiam</em></strong></span> <span class='ocrx_word' id='word_1_424' title='bbox 1278 2957 1349 3041; x_wconf 88' lang='lat'><strong><em>(61,</em></strong></span> <span class='ocrx_word' id='word_1_425' title='bbox 1373 2956 1421 3039; x_wconf 89' lang='lat' dir='ltr'><strong><em>l),</em></strong></span> <span class='ocrx_word' id='word_1_426' title='bbox 1454 2957 1504 3019; x_wconf 87' lang='lat' dir='ltr'><strong><em>his</em></strong></span> <span class='ocrx_word' id='word_1_427' title='bbox 1531 2957 1646 3022; x_wconf 81' lang='lat' dir='ltr'><strong><em>uerbis:</em></strong></span> <span class='ocrx_word' id='word_1_428' title='bbox 1678 2958 1812 3037; x_wconf 80' lang='lat' dir='ltr'><strong><em>spiritus</em></strong></span> <span class='ocrx_word' id='word_1_429' title='bbox 1837 2956 1970 3021; x_wconf 88' lang='lat' dir='ltr'><strong><em>Domini</em></strong></span> <span class='ocrx_word' id='word_1_430' title='bbox 2000 2955 2130 3020; x_wconf 87' lang='lat' dir='ltr'><strong><em>Iehoaae</em></strong></span> 
     </span>
     <span class='ocr_line' id='line_1_32' title="bbox 119 3042 2129 3124; baseline -0.001 -17"><span class='ocrx_word' id='word_1_431' title='bbox 119 3046 256 3124; x_wconf 91' lang='lat' dir='ltr'><strong><em>reperiat</em></strong></span> <span class='ocrx_word' id='word_1_432' title='bbox 280 3044 359 3124; x_wconf 74' lang='lat' dir='ltr'><strong><em>hdcs</em></strong></span> <span class='ocrx_word' id='word_1_433' title='bbox 380 3043 513 3108; x_wconf 82' lang='lat' dir='ltr'><strong><em>solidum</em></strong></span> <span class='ocrx_word' id='word_1_434' title='bbox 535 3042 649 3107; x_wconf 80' lang='lat' dir='ltr'><strong><em>sai-ntis</em></strong></span> <span class='ocrx_word' id='word_1_435' title='bbox 670 3043 848 3115; x_wconf 81' lang='lat' dir='ltr'><strong><em>neoterium,</em></strong></span> <span class='ocrx_word' id='word_1_436' title='bbox 878 3048 971 3123; x_wconf 91' lang='lat' dir='ltr'><strong><em>atque</em></strong></span> <span class='ocrx_word' id='word_1_437' title='bbox 997 3043 1043 3105; x_wconf 88' lang='lat' dir='ltr'><strong><em>ita</em></strong></span> <span class='ocrx_word' id='word_1_438' title='bbox 1064 3043 1099 3105; x_wconf 84' lang='lat' dir='ltr'><strong><em>in</em></strong></span> <span class='ocrx_word' id='word_1_439' title='bbox 1151 3063 1245 3124; x_wconf 80' lang='lat' dir='ltr'><strong><em>seqrer</em></strong></span> <span class='ocrx_word' id='word_1_440' title='bbox 1263 3063 1327 3121; x_wconf 92' lang='lat' dir='ltr'><strong><em>me,·</em></strong></span> <span class='ocrx_word' id='word_1_441' title='bbox 1348 3043 1417 3107; x_wconf 90' lang='lat' dir='ltr'><strong><em>ideo</em></strong></span> <span class='ocrx_word' id='word_1_442' title='bbox 1437 3042 1528 3105; x_wconf 79' lang='lat' dir='ltr'><strong><em>nituit</em></strong></span> <span class='ocrx_word' id='word_1_443' title='bbox 1549 3065 1597 3106; x_wconf 92' lang='lat' dir='ltr'><strong><em>me</em></strong></span> <span class='ocrx_word' id='word_1_444' title='bbox 1616 3043 1730 3107; x_wconf 78' lang='lat' dir='ltr'><strong><em>lebona</em></strong></span> <span class='ocrx_word' id='word_1_445' title='bbox 1752 3047 1786 3105; x_wconf 89' lang='lat' dir='ltr'><strong><em>ut</em></strong></span> <span class='ocrx_word' id='word_1_446' title='bbox 1802 3043 2021 3123; x_wconf 87' lang='lat' dir='ltr'><strong><em>praediea-rem</em></strong></span> <span class='ocrx_word' id='word_1_447' title='bbox 2042 3061 2129 3105; x_wconf 81' lang='lat' dir='ltr'><strong><em>nram</em></strong></span> 
     </span>
     <span class='ocr_line' id='line_1_33' title="bbox 118 3126 2129 3210; baseline -0 -17"><span class='ocrx_word' id='word_1_448' title='bbox 118 3130 187 3210; x_wconf 89' lang='lat' dir='ltr'><strong><em>ipso</em></strong></span> <span class='ocrx_word' id='word_1_449' title='bbox 209 3131 390 3209; x_wconf 87' lang='lat' dir='ltr'><strong><em>acquiescat,</em></strong></span> <span class='ocrx_word' id='word_1_450' title='bbox 414 3130 611 3193; x_wconf 85' lang='lat' dir='ltr'><strong><em>statuendam</em></strong></span> <span class='ocrx_word' id='word_1_451' title='bbox 634 3127 688 3192; x_wconf 84' lang='lat' dir='ltr'><strong><em>hoe</em></strong></span> <span class='ocrx_word' id='word_1_452' title='bbox 703 3130 903 3210; x_wconf 85' lang='lat' dir='ltr'><strong><em>principium</em></strong></span> <span class='ocrx_word' id='word_1_453' title='bbox 924 3133 976 3207; x_wconf 82' lang='lat' dir='ltr'><strong><em>cst,</em></strong></span> <span class='ocrx_word' id='word_1_454' title='bbox 998 3126 1100 3191; x_wconf 86' lang='lat' dir='ltr'><strong><em>tribas</em></strong></span> <span class='ocrx_word' id='word_1_455' title='bbox 1151 3129 1255 3206; x_wconf 87' lang='lat' dir='ltr'><strong><em>suetis,</em></strong></span> <span class='ocrx_word' id='word_1_456' title='bbox 1277 3127 1427 3192; x_wconf 80' lang='lat' dir='ltr'><strong><em>andelam</em></strong></span> <span class='ocrx_word' id='word_1_457' title='bbox 1449 3130 1594 3210; x_wconf 64' lang='lat' dir='ltr'><strong><em>afferrem</em></strong></span> <span class='ocrx_word' id='word_1_458' title='bbox 1616 3130 1755 3192; x_wconf 87' lang='lat' dir='ltr'><strong><em>contritis</em></strong></span> <span class='ocrx_word' id='word_1_459' title='bbox 1776 3130 1873 3205; x_wconf 91' lang='lat' dir='ltr'><strong><em>corde,</em></strong></span> <span class='ocrx_word' id='word_1_460' title='bbox 1893 3127 2129 3209; x_wconf 81' lang='lat' dir='ltr'><strong><em>promutqarem</em></strong></span> 
     </span>
     <span class='ocr_line' id='line_1_34' title="bbox 112 3213 2128 3298; baseline -0.001 -19"><span class='ocrx_word' id='word_1_461' title='bbox 112 3215 262 3298; x_wconf 85' lang='lat' dir='ltr'><strong><em>partibus</em></strong></span> <span class='ocrx_word' id='word_1_462' title='bbox 291 3220 430 3280; x_wconf 79' lang='lat' dir='ltr'><strong><em>cerestare</em></strong></span> <span class='ocrx_word' id='word_1_463' title='bbox 455 3216 536 3296; x_wconf 90' lang='lat' dir='ltr'><strong><em>quod</em></strong></span> <span class='ocrx_word' id='word_1_464' title='bbox 563 3216 592 3278; x_wconf 88' lang='lat' dir='ltr'><strong><em>ei</em></strong></span> <span class='ocrx_word' id='word_1_465' title='bbox 619 3215 793 3278; x_wconf 86' lang='lat' dir='ltr'><strong><em>iniunctum</em></strong></span> <span class='ocrx_word' id='word_1_466' title='bbox 820 3236 842 3278; x_wconf 92' lang='lat' dir='ltr'><strong><em>a</em></strong></span> <span class='ocrx_word' id='word_1_467' title='bbox 863 3220 957 3297; x_wconf 92' lang='lat' dir='ltr'><strong><em>patre</em></strong></span> <span class='ocrx_word' id='word_1_468' title='bbox 984 3235 1100 3278; x_wconf 77' lang='lat' dir='ltr'><strong><em>nonnus</em></strong></span> <span class='ocrx_word' id='word_1_469' title='bbox 1151 3216 1284 3295; x_wconf 86' lang='lat' dir='ltr'><strong><em>captiuis</em></strong></span> <span class='ocrx_word' id='word_1_470' title='bbox 1298 3214 1514 3294; x_wconf 82' lang='lat' dir='ltr'><strong><em>liberationem,</em></strong></span> <span class='ocrx_word' id='word_1_471' title='bbox 1526 3215 1723 3296; x_wconf 85' lang='lat' dir='ltr'><strong><em>publicarem</em></strong></span> <span class='ocrx_word' id='word_1_472' title='bbox 1736 3235 1856 3278; x_wconf 78' lang='lat' dir='ltr'><strong><em>arcitum</em></strong></span> <span class='ocrx_word' id='word_1_473' title='bbox 1869 3213 2059 3294; x_wconf 78' lang='lat' dir='ltr'><strong><em>beneplaciti,</em></strong></span> <span class='ocrx_word' id='word_1_474' title='bbox 2078 3217 2128 3277; x_wconf 89' lang='lat' dir='ltr'><strong><em>etc.</em></strong></span> 
     </span>
     <span class='ocr_line' id='line_1_35' title="bbox 116 3300 2130 3383; baseline 0 -20"><span class='ocrx_word' id='word_1_475' title='bbox 116 3302 189 3382; x_wconf 81' lang='lat' dir='ltr'><strong><em>fuit.</em></strong></span> <span class='ocrx_word' id='word_1_476' title='bbox 237 3301 323 3364; x_wconf 83' lang='lat' dir='ltr'><strong><em>Nam</em></strong></span> <span class='ocrx_word' id='word_1_477' title='bbox 345 3300 539 3381; x_wconf 88' lang='lat' dir='ltr'><strong><em>etpropheta</em></strong></span> <span class='ocrx_word' id='word_1_478' title='bbox 561 3300 654 3364; x_wconf 90' lang='lat' dir='ltr'><strong><em>dutus</em></strong></span> <span class='ocrx_word' id='word_1_479' title='bbox 677 3306 735 3379; x_wconf 88' lang='lat' dir='ltr'><strong><em>est,</em></strong></span> <span class='ocrx_word' id='word_1_480' title='bbox 763 3306 790 3364; x_wconf 88' lang='lat' dir='ltr'><strong><em>et</em></strong></span> <span class='ocrx_word' id='word_1_481' title='bbox 814 3322 872 3365; x_wconf 85' lang='lat' dir='ltr'><strong><em>reu</em></strong></span> <span class='ocrx_word' id='word_1_482' title='bbox 898 3301 1097 3377; x_wconf 86' lang='lat' dir='ltr'><strong><em>etsacerdos,</em></strong></span> <span class='ocrx_word' id='word_1_483' title='bbox 1160 3301 1306 3366; x_wconf 75' lang='lat' dir='ltr'><strong><em>Videmus</em></strong></span> <span class='ocrx_word' id='word_1_484' title='bbox 1323 3306 1449 3364; x_wconf 86' lang='lat' dir='ltr'><strong><em>unctum</em></strong></span> <span class='ocrx_word' id='word_1_485' title='bbox 1469 3303 1587 3383; x_wconf 88' lang='lat' dir='ltr'><strong><em>spirita</em></strong></span> <span class='ocrx_word' id='word_1_486' title='bbox 1602 3302 1702 3382; x_wconf 72' lang='lat' dir='ltr'><strong><em>fnisse</em></strong></span> <span class='ocrx_word' id='word_1_487' title='bbox 1723 3305 1758 3363; x_wconf 90' lang='lat' dir='ltr'><strong><em>nt</em></strong></span> <span class='ocrx_word' id='word_1_488' title='bbox 1774 3320 1889 3380; x_wconf 82' lang='lat' dir='ltr'><strong><em>praem</em></strong></span> <span class='ocrx_word' id='word_1_489' title='bbox 1906 3303 1934 3362; x_wconf 88' lang='lat' dir='ltr'><strong><em>et</em></strong></span> <span class='ocrx_word' id='word_1_490' title='bbox 1950 3301 2035 3362; x_wconf 90' lang='lat' dir='ltr'><strong><em>testis</em></strong></span> <span class='ocrx_word' id='word_1_491' title='bbox 2052 3303 2130 3363; x_wconf 89' lang='lat' dir='ltr'><strong><em>esset</em></strong></span> 
     </span>
     <span class='ocr_line' id='line_1_36' title="bbox 117 3385 2130 3469; baseline -0 -19"><span class='ocrx_word' id='word_1_492' title='bbox 117 3407 300 3468; x_wconf 88' lang='lat' dir='ltr'><strong><em>quanquam</em></strong></span> <span class='ocrx_word' id='word_1_493' title='bbox 329 3388 456 3450; x_wconf 90' lang='lat' dir='ltr'><strong><em>nomina</em></strong></span> <span class='ocrx_word' id='word_1_494' title='bbox 483 3385 556 3451; x_wconf 89' lang='lat' dir='ltr'><strong><em>haec</em></strong></span> <span class='ocrx_word' id='word_1_495' title='bbox 582 3392 681 3450; x_wconf 89' lang='lat' dir='ltr'><strong><em>tenere</em></strong></span> <span class='ocrx_word' id='word_1_496' title='bbox 696 3407 816 3468; x_wconf 89' lang='lat' dir='ltr'><strong><em>parum</em></strong></span> <span class='ocrx_word' id='word_1_497' title='bbox 832 3387 1005 3469; x_wconf 76' lang='lat' dir='ltr'><strong><em>prodesset,</em></strong></span> <span class='ocrx_word' id='word_1_498' title='bbox 1034 3386 1099 3448; x_wconf 88' lang='lat' dir='ltr'><strong><em>nisi</em></strong></span> <span class='ocrx_word' id='word_1_499' title='bbox 1148 3388 1270 3469; x_wconf 86' lang='lat' dir='ltr'><strong><em>qratiae</em></strong></span> <span class='ocrx_word' id='word_1_500' title='bbox 1283 3388 1408 3466; x_wconf 89' lang='lat' dir='ltr'><strong><em>patris;</em></strong></span> <span class='ocrx_word' id='word_1_501' title='bbox 1434 3408 1531 3467; x_wconf 87' lang='lat' dir='ltr'><strong><em>neque</em></strong></span> <span class='ocrx_word' id='word_1_502' title='bbox 1560 3388 1593 3452; x_wconf 88' lang='lat' dir='ltr'><strong><em>id</em></strong></span> <span class='ocrx_word' id='word_1_503' title='bbox 1614 3386 1767 3452; x_wconf 82' lang='lat' dir='ltr'><strong><em>conmcuui</em></strong></span> <span class='ocrx_word' id='word_1_504' title='bbox 1788 3406 1886 3448; x_wconf 85' lang='lat' dir='ltr'><strong><em>more:</em></strong></span> <span class='ocrx_word' id='word_1_505' title='bbox 1912 3385 1990 3464; x_wconf 90' lang='lat' dir='ltr'><strong><em>quia</em></strong></span> <span class='ocrx_word' id='word_1_506' title='bbox 2016 3406 2037 3448; x_wconf 89' lang='lat' dir='ltr'><strong><em>a</em></strong></span> <span class='ocrx_word' id='word_1_507' title='bbox 2058 3385 2130 3449; x_wconf 77' lang='lat' dir='ltr'><strong><em>reti-</em></strong></span> 
     </span>
     <span class='ocr_line' id='line_1_37' title="bbox 118 3470 2129 3556; baseline -0 -21"><span class='ocrx_word' id='word_1_508' title='bbox 118 3472 271 3536; x_wconf 88' lang='lat' dir='ltr'><strong><em>aceederet</em></strong></span> <span class='ocrx_word' id='word_1_509' title='bbox 300 3471 378 3551; x_wconf 69' lang='lat' dir='ltr'><strong><em>fieris</em></strong></span> <span class='ocrx_word' id='word_1_510' title='bbox 406 3477 433 3535; x_wconf 91' lang='lat' dir='ltr'><strong><em>et</em></strong></span> <span class='ocrx_word' id='word_1_511' title='bbox 458 3492 537 3536; x_wconf 76' lang='lat' dir='ltr'><strong><em>unes</em></strong></span> <span class='ocrx_word' id='word_1_512' title='bbox 565 3473 703 3556; x_wconf 81' lang='lat' dir='ltr'><strong><em>aequitio.</em></strong></span> <span class='ocrx_word' id='word_1_513' title='bbox 749 3471 836 3536; x_wconf 90' lang='lat' dir='ltr'><strong><em>Nom</em></strong></span> <span class='ocrx_word' id='word_1_514' title='bbox 863 3479 891 3536; x_wconf 93' lang='lat' dir='ltr'><strong><em>et</em></strong></span> <span class='ocrx_word' id='word_1_515' title='bbox 917 3475 953 3536; x_wconf 90' lang='lat' dir='ltr'><strong><em>in</em></strong></span> <span class='ocrx_word' id='word_1_516' title='bbox 974 3476 1097 3553; x_wconf 91' lang='lat' dir='ltr'><strong><em>papatu</em></strong></span> <span class='ocrx_word' id='word_1_517' title='bbox 1150 3473 1222 3553; x_wconf 89' lang='lat' dir='ltr'><strong><em>quis</em></strong></span> <span class='ocrx_word' id='word_1_518' title='bbox 1243 3473 1429 3551; x_wconf 87' lang='lat' dir='ltr'><strong><em>doctoribus,</em></strong></span> <span class='ocrx_word' id='word_1_519' title='bbox 1458 3493 1590 3554; x_wconf 91' lang='lat' dir='ltr'><strong><em>quorum</em></strong></span> <span class='ocrx_word' id='word_1_520' title='bbox 1616 3473 1718 3537; x_wconf 76' lang='lat' dir='ltr'><strong><em>simih</em></strong></span> <span class='ocrx_word' id='word_1_521' title='bbox 1744 3476 1813 3535; x_wconf 90' lang='lat' dir='ltr'><strong><em>erat</em></strong></span> <span class='ocrx_word' id='word_1_522' title='bbox 1834 3470 1986 3552; x_wconf 69' lang='lat' dir='ltr'><strong><em>osticium,</em></strong></span> <span class='ocrx_word' id='word_1_523' title='bbox 2015 3471 2129 3534; x_wconf 86' lang='lat' dir='ltr'><strong><em>discer-</em></strong></span> 
     </span>
     <span class='ocr_line' id='line_1_38' title="bbox 116 3557 2129 3641; baseline 0 -20"><span class='ocrx_word' id='word_1_524' title='bbox 116 3576 239 3639; x_wconf 87' lang='lat' dir='ltr'><strong><em>quoque</em></strong></span> <span class='ocrx_word' id='word_1_525' title='bbox 264 3558 527 3638; x_wconf 80' lang='lat' dir='ltr'><strong><em>pronuntiantur,</em></strong></span> <span class='ocrx_word' id='word_1_526' title='bbox 566 3558 620 3622; x_wconf 89' lang='lat' dir='ltr'><strong><em>sed</em></strong></span> <span class='ocrx_word' id='word_1_527' title='bbox 651 3558 767 3641; x_wconf 72' lang='lat' dir='ltr'><strong><em>tripide</em></strong></span> <span class='ocrx_word' id='word_1_528' title='bbox 799 3579 853 3622; x_wconf 89' lang='lat' dir='ltr'><strong><em>nee</em></strong></span> <span class='ocrx_word' id='word_1_529' title='bbox 883 3579 997 3641; x_wconf 87' lang='lat' dir='ltr'><strong><em>maqno</em></strong></span> <span class='ocrx_word' id='word_1_530' title='bbox 1028 3578 1099 3621; x_wconf 83' lang='lat' dir='ltr'><strong><em>eune</em></strong></span> <span class='ocrx_word' id='word_1_531' title='bbox 1149 3560 1244 3622; x_wconf 88' lang='lat' dir='ltr'><strong><em>nitar.</em></strong></span> <span class='ocrx_word' id='word_1_532' title='bbox 1279 3559 1381 3639; x_wconf 81' lang='lat' dir='ltr'><strong><em>Atque</em></strong></span> <span class='ocrx_word' id='word_1_533' title='bbox 1403 3558 1453 3622; x_wconf 88' lang='lat' dir='ltr'><strong><em>hic</em></strong></span> <span class='ocrx_word' id='word_1_534' title='bbox 1474 3579 1589 3622; x_wconf 86' lang='lat' dir='ltr'><strong><em>rursus</em></strong></span> <span class='ocrx_word' id='word_1_535' title='bbox 1611 3558 1782 3622; x_wconf 84' lang='lat' dir='ltr'><strong><em>notandum</em></strong></span> <span class='ocrx_word' id='word_1_536' title='bbox 1804 3562 1856 3633; x_wconf 89' lang='lat' dir='ltr'><strong><em>est,</em></strong></span> <span class='ocrx_word' id='word_1_537' title='bbox 1879 3577 1941 3620; x_wconf 90' lang='lat' dir='ltr'><strong><em>uon</em></strong></span> <span class='ocrx_word' id='word_1_538' title='bbox 1962 3557 2022 3620; x_wconf 87' lang='lat' dir='ltr'><strong><em>sibi</em></strong></span> <span class='ocrx_word' id='word_1_539' title='bbox 2040 3557 2129 3622; x_wconf 89' lang='lat' dir='ltr'><strong><em>medo</em></strong></span> 
     </span>
     <span class='ocr_line' id='line_1_39' title="bbox 116 3642 2128 3727; baseline -0.001 -18"><span class='ocrx_word' id='word_1_540' title='bbox 116 3646 237 3726; x_wconf 74' lang='lat' dir='ltr'><strong><em>fructu,</em></strong></span> <span class='ocrx_word' id='word_1_541' title='bbox 265 3642 320 3706; x_wconf 87' lang='lat' dir='ltr'><strong><em>ubi</em></strong></span> <span class='ocrx_word' id='word_1_542' title='bbox 341 3644 477 3707; x_wconf 87' lang='lat' dir='ltr'><strong><em>nescit-ur</em></strong></span> <span class='ocrx_word' id='word_1_543' title='bbox 498 3644 575 3724; x_wconf 89' lang='lat' dir='ltr'><strong><em>quid</em></strong></span> <span class='ocrx_word' id='word_1_544' title='bbox 596 3645 631 3707; x_wconf 89' lang='lat' dir='ltr'><strong><em>in</em></strong></span> <span class='ocrx_word' id='word_1_545' title='bbox 653 3665 686 3708; x_wconf 91' lang='lat' dir='ltr'><strong><em>se</em></strong></span> <span class='ocrx_word' id='word_1_546' title='bbox 706 3646 944 3725; x_wconf 80' lang='lat' dir='ltr'><strong><em>urtumquodque</em></strong></span> <span class='ocrx_word' id='word_1_547' title='bbox 966 3644 1098 3727; x_wconf 84' lang='lat' dir='ltr'><strong><em>etoqiurn</em></strong></span> <span class='ocrx_word' id='word_1_548' title='bbox 1148 3646 1323 3708; x_wconf 87' lang='lat' dir='ltr'><strong><em>unctionem</em></strong></span> <span class='ocrx_word' id='word_1_549' title='bbox 1344 3646 1513 3725; x_wconf 79' lang='lat' dir='ltr'><strong><em>accepisse,</em></strong></span> <span class='ocrx_word' id='word_1_550' title='bbox 1546 3651 1582 3708; x_wconf 88' lang='lat' dir='ltr'><strong><em>nt</em></strong></span> <span class='ocrx_word' id='word_1_551' title='bbox 1606 3644 1786 3727; x_wconf 70' lang='lat' dir='ltr'><strong><em>tunqeretur</em></strong></span> <span class='ocrx_word' id='word_1_552' title='bbox 1815 3643 1941 3706; x_wconf 87' lang='lat' dir='ltr'><strong><em>docendi</em></strong></span> <span class='ocrx_word' id='word_1_553' title='bbox 1964 3643 2128 3722; x_wconf 72' lang='lat' dir='ltr'><strong><em>partibas,</em></strong></span> 
     </span>
     <span class='ocr_line' id='line_1_40' title="bbox 118 3727 2129 3812; baseline -0.002 -18"><span class='ocrx_word' id='word_1_554' title='bbox 118 3730 276 3795; x_wconf 90' lang='lat' dir='ltr'><strong><em>cautiueat.</em></strong></span> <span class='ocrx_word' id='word_1_555' title='bbox 330 3727 487 3792; x_wconf 77' lang='lat' dir='ltr'><strong><em>Dicimus</em></strong></span> <span class='ocrx_word' id='word_1_556' title='bbox 519 3735 603 3806; x_wconf 87' lang='lat' dir='ltr'><strong><em>onte,</em></strong></span> <span class='ocrx_word' id='word_1_557' title='bbox 636 3732 781 3812; x_wconf 84' lang='lat' dir='ltr'><strong><em>quamuis</em></strong></span> <span class='ocrx_word' id='word_1_558' title='bbox 813 3730 903 3794; x_wconf 82' lang='lat' dir='ltr'><strong><em>Deus</em></strong></span> <span class='ocrx_word' id='word_1_559' title='bbox 928 3729 1097 3812; x_wconf 77' lang='lat' dir='ltr'><strong><em>propbetas</em></strong></span> <span class='ocrx_word' id='word_1_560' title='bbox 1149 3731 1202 3796; x_wconf 88' lang='lat' dir='ltr'><strong><em>sed</em></strong></span> <span class='ocrx_word' id='word_1_561' title='bbox 1225 3732 1279 3793; x_wconf 88' lang='lat' dir='ltr'><strong><em>toti</em></strong></span> <span class='ocrx_word' id='word_1_562' title='bbox 1300 3751 1356 3793; x_wconf 90' lang='lat' dir='ltr'><strong><em>suo</em></strong></span> <span class='ocrx_word' id='word_1_563' title='bbox 1378 3733 1513 3812; x_wconf 86' lang='lat' dir='ltr'><strong><em>corpori,</em></strong></span> <span class='ocrx_word' id='word_1_564' title='bbox 1542 3736 1577 3794; x_wconf 89' lang='lat' dir='ltr'><strong><em>ut</em></strong></span> <span class='ocrx_word' id='word_1_565' title='bbox 1603 3733 1638 3795; x_wconf 87' lang='lat' dir='ltr'><strong><em>in</em></strong></span> <span class='ocrx_word' id='word_1_566' title='bbox 1660 3731 1807 3793; x_wconf 76' lang='lat' dir='ltr'><strong><em>coritiana</em></strong></span> <span class='ocrx_word' id='word_1_567' title='bbox 1828 3729 1981 3809; x_wconf 84' lang='lat' dir='ltr'><strong><em>eranqctii</em></strong></span> <span class='ocrx_word' id='word_1_568' title='bbox 1996 3728 2129 3806; x_wconf 76' lang='lat' dir='ltr'><strong><em>praedi-</em></strong></span> 
     </span>
     <span class='ocr_line' id='line_1_41' title="bbox 116 3812 2128 3899; baseline -0.001 -20"><span class='ocrx_word' id='word_1_569' title='bbox 116 3815 262 3879; x_wconf 88' lang='lat' dir='ltr'><strong><em>eoutinnu</em></strong></span> <span class='ocrx_word' id='word_1_570' title='bbox 283 3816 364 3878; x_wconf 83' lang='lat' dir='ltr'><strong><em>serie</em></strong></span> <span class='ocrx_word' id='word_1_571' title='bbox 386 3814 465 3878; x_wconf 85' lang='lat' dir='ltr'><strong><em>alios</em></strong></span> <span class='ocrx_word' id='word_1_572' title='bbox 482 3815 558 3877; x_wconf 84' lang='lat' dir='ltr'><strong><em>otiis</em></strong></span> <span class='ocrx_word' id='word_1_573' title='bbox 575 3816 754 3881; x_wconf 87' lang='lat' dir='ltr'><strong><em>submittens</em></strong></span> <span class='ocrx_word' id='word_1_574' title='bbox 770 3817 1097 3898; x_wconf 81' lang='lat' dir='ltr'><strong><em>poputumuunquam</em></strong></span> <span class='ocrx_word' id='word_1_575' title='bbox 1149 3818 1266 3881; x_wconf 87' lang='lat' dir='ltr'><strong><em>catione</em></strong></span> <span class='ocrx_word' id='word_1_576' title='bbox 1287 3817 1389 3879; x_wconf 84' lang='lat' dir='ltr'><strong><em>uirtus</em></strong></span> <span class='ocrx_word' id='word_1_577' title='bbox 1409 3818 1545 3895; x_wconf 88' lang='lat' dir='ltr'><strong><em>spiritus</em></strong></span> <span class='ocrx_word' id='word_1_578' title='bbox 1561 3817 1752 3899; x_wconf 79' lang='lat' dir='ltr'><strong><em>respoudeat.</em></strong></span> <span class='ocrx_word' id='word_1_579' title='bbox 1787 3814 1910 3877; x_wconf 82' lang='lat' dir='ltr'><strong><em>Interea</em></strong></span> <span class='ocrx_word' id='word_1_580' title='bbox 1927 3818 2031 3876; x_wconf 78' lang='lat' dir='ltr'><strong><em>mereret</em></strong></span> <span class='ocrx_word' id='word_1_581' title='bbox 2047 3812 2128 3876; x_wconf 83' lang='lat' dir='ltr'><strong><em>iliud</em></strong></span> 
     </span>
     <span class='ocr_line' id='line_1_42' title="bbox 117 3897 2128 3984; baseline -0.002 -18"><span class='ocrx_word' id='word_1_582' title='bbox 117 3901 290 3966; x_wconf 87' lang='lat' dir='ltr'><strong><em>destituerit</em></strong></span> <span class='ocrx_word' id='word_1_583' title='bbox 311 3901 384 3965; x_wconf 81' lang='lat' dir='ltr'><strong><em>utili</em></strong></span> <span class='ocrx_word' id='word_1_584' title='bbox 406 3899 547 3963; x_wconf 87' lang='lat' dir='ltr'><strong><em>doctriua</em></strong></span> <span class='ocrx_word' id='word_1_585' title='bbox 568 3906 595 3965; x_wconf 91' lang='lat' dir='ltr'><strong><em>et</em></strong></span> <span class='ocrx_word' id='word_1_586' title='bbox 616 3923 694 3981; x_wconf 87' lang='lat' dir='ltr'><strong><em>qnae</em></strong></span> <span class='ocrx_word' id='word_1_587' title='bbox 716 3903 911 3967; x_wconf 78' lang='lat' dir='ltr'><strong><em>adsalutem</em></strong></span> <span class='ocrx_word' id='word_1_588' title='bbox 933 3901 1095 3983; x_wconf 69' lang='lat' dir='ltr'><strong><em>sufficeret,</em></strong></span> <span class='ocrx_word' id='word_1_589' title='bbox 1147 3904 1262 3984; x_wconf 76' lang='lat' dir='ltr'><strong><em>tirum,</em></strong></span> <span class='ocrx_word' id='word_1_590' title='bbox 1295 3901 1354 3965; x_wconf 22' lang='lat' dir='ltr'><strong><em>herae</em></strong></span> <span class='ocrx_word' id='word_1_591' title='bbox 1384 3923 1478 3982; x_wconf 86' lang='lat' dir='ltr'><strong><em>qnam</em></strong></span> <span class='ocrx_word' id='word_1_592' title='bbox 1505 3905 1610 3967; x_wconf 82' lang='lat' dir='ltr'><strong><em>attulit</em></strong></span> <span class='ocrx_word' id='word_1_593' title='bbox 1631 3901 1818 3984; x_wconf 79' lang='lat' dir='ltr'><strong><em>perfectione</em></strong></span> <span class='ocrx_word' id='word_1_594' title='bbox 1849 3900 2007 3963; x_wconf 87' lang='lat' dir='ltr'><strong><em>doetrinae</em></strong></span> <span class='ocrx_word' id='word_1_595' title='bbox 2032 3897 2128 3978; x_wconf 68' lang='lat' dir='ltr'><strong><em>(inan</em></strong></span> 
     </span>
     <span class='ocr_line' id='line_1_43' title="bbox 111 3984 2127 4070; baseline -0.001 -19"><span class='ocrx_word' id='word_1_596' title='bbox 111 3987 240 4068; x_wconf 86' lang='lat' dir='ltr'><strong><em>piarum</em></strong></span> <span class='ocrx_word' id='word_1_597' title='bbox 271 3991 374 4052; x_wconf 81' lang='lat' dir='ltr'><strong><em>taurea</em></strong></span> <span class='ocrx_word' id='word_1_598' title='bbox 407 3991 520 4050; x_wconf 77' lang='lat' dir='ltr'><strong><em>meritas</em></strong></span> <span class='ocrx_word' id='word_1_599' title='bbox 546 3985 604 4050; x_wconf 91' lang='lat' dir='ltr'><strong><em>hac</em></strong></span> <span class='ocrx_word' id='word_1_600' title='bbox 623 3989 829 4069; x_wconf 84' lang='lat' dir='ltr'><strong><em>perscmsione</em></strong></span> <span class='ocrx_word' id='word_1_601' title='bbox 850 4009 970 4070; x_wconf 90' lang='lat' dir='ltr'><strong><em>semper</em></strong></span> <span class='ocrx_word' id='word_1_602' title='bbox 994 3988 1097 4068; x_wconf 79' lang='lat' dir='ltr'><strong><em>fuisse</em></strong></span> <span class='ocrx_word' id='word_1_603' title='bbox 1148 3989 1327 4068; x_wconf 88' lang='lat' dir='ltr'><strong><em>impositum</em></strong></span> <span class='ocrx_word' id='word_1_604' title='bbox 1346 3989 1447 4069; x_wconf 75' lang='lat' dir='ltr'><strong><em>fuisse</em></strong></span> <span class='ocrx_word' id='word_1_605' title='bbox 1465 3990 1606 4054; x_wconf 80' lang='lat' dir='ltr'><strong><em>mnitibus</em></strong></span> <span class='ocrx_word' id='word_1_606' title='bbox 1622 3986 1811 4068; x_wconf 85' lang='lat' dir='ltr'><strong><em>prophetiis:</em></strong></span> <span class='ocrx_word' id='word_1_607' title='bbox 1833 3984 2042 4047; x_wconf 85' lang='lat' dir='ltr'><strong><em>utautoritati</em></strong></span> <span class='ocrx_word' id='word_1_608' title='bbox 2058 3986 2127 4048; x_wconf 85' lang='lat' dir='ltr'><strong><em>eins</em></strong></span> 
     </span>
     <span class='ocr_line' id='line_1_44' title="bbox 116 4070 2127 4157; baseline -0.001 -19"><span class='ocrx_word' id='word_1_609' title='bbox 116 4074 261 4151; x_wconf 89' lang='lat' dir='ltr'><strong><em>imbutas,</em></strong></span> <span class='ocrx_word' id='word_1_610' title='bbox 284 4074 417 4138; x_wconf 89' lang='lat' dir='ltr'><strong><em>aduentu</em></strong></span> <span class='ocrx_word' id='word_1_611' title='bbox 430 4071 569 4136; x_wconf 81' lang='lat' dir='ltr'><strong><em>Messiae</em></strong></span> <span class='ocrx_word' id='word_1_612' title='bbox 591 4073 713 4136; x_wconf 88' lang='lat' dir='ltr'><strong><em>deumm</em></strong></span> <span class='ocrx_word' id='word_1_613' title='bbox 728 4075 858 4153; x_wconf 76' lang='lat' dir='ltr'><strong><em>plectum</em></strong></span> <span class='ocrx_word' id='word_1_614' title='bbox 879 4074 1096 4156; x_wconf 84' lang='lat' dir='ltr'><strong><em>intettiqerdiae</em></strong></span> <span class='ocrx_word' id='word_1_615' title='bbox 1146 4076 1299 4156; x_wconf 86' lang='lat' dir='ltr'><strong><em>deraqeut,</em></strong></span> <span class='ocrx_word' id='word_1_616' title='bbox 1320 4075 1374 4153; x_wconf 89' lang='lat' dir='ltr'><strong><em>qni</em></strong></span> <span class='ocrx_word' id='word_1_617' title='bbox 1396 4076 1552 4157; x_wconf 80' lang='lat' dir='ltr'><strong><em>eoarrqdio</em></strong></span> <span class='ocrx_word' id='word_1_618' title='bbox 1575 4095 1635 4138; x_wconf 81' lang='lat' dir='ltr'><strong><em>rnen</em></strong></span> <span class='ocrx_word' id='word_1_619' title='bbox 1653 4073 1782 4136; x_wconf 77' lang='lat' dir='ltr'><strong><em>amiterni</em></strong></span> <span class='ocrx_word' id='word_1_620' title='bbox 1803 4075 1985 4134; x_wconf 85' lang='lat' dir='ltr'><strong><em>eutraneum</em></strong></span> <span class='ocrx_word' id='word_1_621' title='bbox 2002 4070 2127 4152; x_wconf 82' lang='lat' dir='ltr'><strong><em>aliquid</em></strong></span> 
     </span>
     <span class='ocr_line' id='line_1_45' title="bbox 116 4156 2127 4242; baseline -0.001 -21"><span class='ocrx_word' id='word_1_622' title='bbox 116 4159 214 4224; x_wconf 82' lang='lat' dir='ltr'><strong><em>lucem</em></strong></span> <span class='ocrx_word' id='word_1_623' title='bbox 234 4160 425 4241; x_wconf 78' lang='lat' dir='ltr'><strong><em>spernentem</em></strong></span> <span class='ocrx_word' id='word_1_624' title='bbox 447 4178 519 4223; x_wconf 82' lang='lat' dir='ltr'><strong><em>asse.</em></strong></span> <span class='ocrx_word' id='word_1_625' title='bbox 563 4158 710 4238; x_wconf 75' lang='lat' dir='ltr'><strong><em>Adeoque</em></strong></span> <span class='ocrx_word' id='word_1_626' title='bbox 735 4160 803 4225; x_wconf 88' lang='lat' dir='ltr'><strong><em>eius</em></strong></span> <span class='ocrx_word' id='word_1_627' title='bbox 830 4161 877 4224; x_wconf 90' lang='lat' dir='ltr'><strong><em>rei</em></strong></span> <span class='ocrx_word' id='word_1_628' title='bbox 901 4161 1006 4242; x_wconf 78' lang='lat' dir='ltr'><strong><em>opimo</em></strong></span> <span class='ocrx_word' id='word_1_629' title='bbox 1022 4178 1095 4240; x_wconf 90' lang='lat' dir='ltr'><strong><em>per·</em></strong></span> <span class='ocrx_word' id='word_1_630' title='bbox 1125 4156 1287 4224; x_wconf 76' lang='lat' dir='ltr'><strong><em>&#39;cessrmnt</em></strong></span> <span class='ocrx_word' id='word_1_631' title='bbox 1333 4159 1421 4224; x_wconf 91' lang='lat' dir='ltr'><strong><em>Nam</em></strong></span> <span class='ocrx_word' id='word_1_632' title='bbox 1448 4166 1537 4224; x_wconf 84' lang='lat' dir='ltr'><strong><em>eet-ra</em></strong></span> <span class='ocrx_word' id='word_1_633' title='bbox 1559 4160 1698 4224; x_wconf 87' lang='lat' dir='ltr'><strong><em>omnium</em></strong></span> <span class='ocrx_word' id='word_1_634' title='bbox 1720 4157 1860 4220; x_wconf 86' lang='lat' dir='ltr'><strong><em>ordinem</em></strong></span> <span class='ocrx_word' id='word_1_635' title='bbox 1881 4157 2039 4239; x_wconf 64' lang='lat' dir='ltr'><strong><em>aspecturi</em></strong></span> <span class='ocrx_word' id='word_1_636' title='bbox 2055 4157 2127 4237; x_wconf 89' lang='lat' dir='ltr'><strong><em>pri-</em></strong></span> 
     </span>
     <span class='ocr_line' id='line_1_46' title="bbox 115 4241 2125 4328; baseline -0.002 -20"><span class='ocrx_word' id='word_1_637' title='bbox 115 4251 240 4310; x_wconf 86' lang='lat' dir='ltr'><strong><em>oenerat</em></strong></span> <span class='ocrx_word' id='word_1_638' title='bbox 272 4265 371 4326; x_wconf 90' lang='lat' dir='ltr'><strong><em>usque</em></strong></span> <span class='ocrx_word' id='word_1_639' title='bbox 403 4245 446 4309; x_wconf 88' lang='lat' dir='ltr'><strong><em>ad</em></strong></span> <span class='ocrx_word' id='word_1_640' title='bbox 475 4243 707 4322; x_wconf 83' lang='lat' dir='ltr'><strong><em>Samaritanus,</em></strong></span> <span class='ocrx_word' id='word_1_641' title='bbox 741 4246 854 4326; x_wconf 83' lang='lat' dir='ltr'><strong><em>quibus</em></strong></span> <span class='ocrx_word' id='word_1_642' title='bbox 885 4252 988 4310; x_wconf 89' lang='lat' dir='ltr'><strong><em>tamen</em></strong></span> <span class='ocrx_word' id='word_1_643' title='bbox 1014 4265 1093 4308; x_wconf 92' lang='lat' dir='ltr'><strong><em>nun·</em></strong></span> <span class='ocrx_word' id='word_1_644' title='bbox 1145 4246 1256 4328; x_wconf 81' lang='lat' dir='ltr'><strong><em>oileqio</em></strong></span> <span class='ocrx_word' id='word_1_645' title='bbox 1278 4266 1348 4309; x_wconf 90' lang='lat' dir='ltr'><strong><em>enm</em></strong></span> <span class='ocrx_word' id='word_1_646' title='bbox 1370 4248 1467 4309; x_wconf 70' lang='lat' dir='ltr'><strong><em>errarit</em></strong></span> <span class='ocrx_word' id='word_1_647' title='bbox 1488 4267 1547 4309; x_wconf 80' lang='lat' dir='ltr'><strong><em>oon</em></strong></span> <span class='ocrx_word' id='word_1_648' title='bbox 1569 4246 1627 4310; x_wconf 84' lang='lat' dir='ltr'><strong><em>itta</em></strong></span> <span class='ocrx_word' id='word_1_649' title='bbox 1650 4263 1729 4325; x_wconf 90' lang='lat' dir='ltr'><strong><em>quae</em></strong></span> <span class='ocrx_word' id='word_1_650' title='bbox 1751 4243 1889 4307; x_wconf 88' lang='lat' dir='ltr'><strong><em>detonuit</em></strong></span> <span class='ocrx_word' id='word_1_651' title='bbox 1915 4264 1931 4306; x_wconf 92' lang='lat' dir='ltr'><strong><em>e</em></strong></span> <span class='ocrx_word' id='word_1_652' title='bbox 1953 4242 2048 4306; x_wconf 86' lang='lat' dir='ltr'><strong><em>coeto:</em></strong></span> <span class='ocrx_word' id='word_1_653' title='bbox 2076 4241 2125 4304; x_wconf 87' lang='lat' dir='ltr'><strong><em>hie</em></strong></span> 
     </span>
     <span class='ocr_line' id='line_1_47' title="bbox 115 4325 2124 4413; baseline 0 -24"><span class='ocrx_word' id='word_1_654' title='bbox 115 4352 211 4412; x_wconf 84' lang='lat' dir='ltr'><strong><em>qnam</em></strong></span> <span class='ocrx_word' id='word_1_655' title='bbox 233 4333 409 4396; x_wconf 82' lang='lat' dir='ltr'><strong><em>innotuerat</em></strong></span> <span class='ocrx_word' id='word_1_656' title='bbox 427 4351 502 4394; x_wconf 89' lang='lat' dir='ltr'><strong><em>ocra</em></strong></span> <span class='ocrx_word' id='word_1_657' title='bbox 523 4330 639 4412; x_wconf 85' lang='lat' dir='ltr'><strong><em>reliqio.</em></strong></span> <span class='ocrx_word' id='word_1_658' title='bbox 676 4331 763 4410; x_wconf 74' lang='lat' dir='ltr'><strong><em>Quod</em></strong></span> <span class='ocrx_word' id='word_1_659' title='bbox 780 4336 866 4413; x_wconf 89' lang='lat' dir='ltr'><strong><em>patet</em></strong></span> <span class='ocrx_word' id='word_1_660' title='bbox 887 4352 924 4395; x_wconf 84' lang='lat' dir='ltr'><strong><em>eu</em></strong></span> <span class='ocrx_word' id='word_1_661' title='bbox 945 4352 1013 4395; x_wconf 89' lang='lat' dir='ltr'><strong><em>ooee</em></strong></span> <span class='ocrx_word' id='word_1_662' title='bbox 1034 4330 1094 4395; x_wconf 86' lang='lat' dir='ltr'><strong><em>itta</em></strong></span> <span class='ocrx_word' id='word_1_663' title='bbox 1146 4337 1190 4396; x_wconf 89' lang='lat' dir='ltr'><strong><em>est</em></strong></span> <span class='ocrx_word' id='word_1_664' title='bbox 1208 4333 1298 4413; x_wconf 78' lang='lat' dir='ltr'><strong><em>fitius</em></strong></span> <span class='ocrx_word' id='word_1_665' title='bbox 1317 4352 1403 4395; x_wconf 83' lang='lat' dir='ltr'><strong><em>meres</em></strong></span> <span class='ocrx_word' id='word_1_666' title='bbox 1424 4332 1568 4410; x_wconf 84' lang='lat' dir='ltr'><strong><em>dileetus;</em></strong></span> <span class='ocrx_word' id='word_1_667' title='bbox 1593 4333 1698 4412; x_wconf 84' lang='lat' dir='ltr'><strong><em>ipsam</em></strong></span> <span class='ocrx_word' id='word_1_668' title='bbox 1720 4325 2124 4411; x_wconf 76' lang='lat' dir='ltr'><strong><em>unetitetMatth.3,17).</em></strong></span> 
     </span>
     <span class='ocr_line' id='line_1_48' title="bbox 115 4411 2125 4497; baseline -0.003 -16"><span class='ocrx_word' id='word_1_669' title='bbox 115 4418 273 4482; x_wconf 77' lang='lat' dir='ltr'><strong><em>misturis:</em></strong></span> <span class='ocrx_word' id='word_1_670' title='bbox 306 4417 446 4483; x_wconf 87' lang='lat' dir='ltr'><strong><em>Messias</em></strong></span> <span class='ocrx_word' id='word_1_671' title='bbox 474 4437 571 4496; x_wconf 82' lang='lat' dir='ltr'><strong><em>queem</em></strong></span> <span class='ocrx_word' id='word_1_672' title='bbox 599 4417 731 4489; x_wconf 79' lang='lat' dir='ltr'><strong><em>venerit,</em></strong></span> <span class='ocrx_word' id='word_1_673' title='bbox 764 4417 878 4481; x_wconf 80' lang='lat' dir='ltr'><strong><em>doaebd</em></strong></span> <span class='ocrx_word' id='word_1_674' title='bbox 904 4438 960 4481; x_wconf 89' lang='lat' dir='ltr'><strong><em>uos</em></strong></span> <span class='ocrx_word' id='word_1_675' title='bbox 986 4417 1093 4482; x_wconf 86' lang='lat' dir='ltr'><strong><em>omnia</em></strong></span> <span class='ocrx_word' id='word_1_676' title='bbox 1146 4418 1197 4481; x_wconf 82' lang='lat' dir='ltr'><strong><em>Ab</em></strong></span> <span class='ocrx_word' id='word_1_677' title='bbox 1227 4419 1296 4497; x_wconf 89' lang='lat' dir='ltr'><strong><em>ipse</em></strong></span> <span class='ocrx_word' id='word_1_678' title='bbox 1328 4418 1438 4482; x_wconf 89' lang='lat' dir='ltr'><strong><em>deinde</em></strong></span> <span class='ocrx_word' id='word_1_679' title='bbox 1469 4419 1569 4497; x_wconf 86' lang='lat' dir='ltr'><strong><em>capite</em></strong></span> <span class='ocrx_word' id='word_1_680' title='bbox 1601 4418 1643 4481; x_wconf 89' lang='lat' dir='ltr'><strong><em>ad</em></strong></span> <span class='ocrx_word' id='word_1_681' title='bbox 1669 4416 1806 4479; x_wconf 78' lang='lat' dir='ltr'><strong><em>ermnebra</em></strong></span> <span class='ocrx_word' id='word_1_682' title='bbox 1833 4415 1952 4495; x_wconf 77' lang='lat' dir='ltr'><strong><em>diffusa</em></strong></span> <span class='ocrx_word' id='word_1_683' title='bbox 1978 4417 2023 4475; x_wconf 91' lang='lat' dir='ltr'><strong><em>est</em></strong></span> <span class='ocrx_word' id='word_1_684' title='bbox 2050 4411 2125 4475; x_wconf 88' lang='lat' dir='ltr'><strong><em>haee</em></strong></span> 
     </span>
     <span class='ocr_line' id='line_1_49' title="bbox 116 4500 2125 4587; baseline -0.004 -20"><span class='ocrx_word' id='word_1_685' title='bbox 116 4503 245 4586; x_wconf 86' lang='lat' dir='ltr'><strong><em>(Ioann.</em></strong></span> <span class='ocrx_word' id='word_1_686' title='bbox 265 4508 299 4581; x_wconf 86' lang='grc'><strong><em>4,</em></strong></span> <span class='ocrx_word' id='word_1_687' title='bbox 320 4505 386 4586; x_wconf 79' lang='grc'>25).</span> <span class='ocrx_word' id='word_1_688' title='bbox 432 4503 541 4584; x_wconf 89' lang='lat' dir='ltr'><strong><em>Neque</em></strong></span> <span class='ocrx_word' id='word_1_689' title='bbox 567 4523 638 4565; x_wconf 90' lang='lat' dir='ltr'><strong><em>uero</em></strong></span> <span class='ocrx_word' id='word_1_690' title='bbox 661 4500 715 4564; x_wconf 89' lang='lat' dir='ltr'><strong><em>hoe</em></strong></span> <span class='ocrx_word' id='word_1_691' title='bbox 737 4501 850 4566; x_wconf 89' lang='lat' dir='ltr'><strong><em>Iudaei</em></strong></span> <span class='ocrx_word' id='word_1_692' title='bbox 872 4507 984 4568; x_wconf 74' lang='lat' dir='ltr'><strong><em>unnim</em></strong></span> <span class='ocrx_word' id='word_1_693' title='bbox 998 4523 1093 4583; x_wconf 89' lang='lat' dir='ltr'><strong><em>prae-</em></strong></span> <span class='ocrx_word' id='word_1_694' title='bbox 1145 4505 1264 4581; x_wconf 84' lang='lat' dir='ltr'><strong><em>unetia;</em></strong></span> <span class='ocrx_word' id='word_1_695' title='bbox 1292 4503 1372 4567; x_wconf 89' lang='lat' dir='ltr'><strong><em>sicut</em></strong></span> <span class='ocrx_word' id='word_1_696' title='bbox 1401 4525 1422 4567; x_wconf 90' lang='lat' dir='ltr'><strong><em>a</em></strong></span> <span class='ocrx_word' id='word_1_697' title='bbox 1450 4501 2125 4587; x_wconf 70' lang='lat' dir='ltr'><strong><em>teetet3,l)praedictnmfeeerat1pro</em></strong></span> 
     </span>
     <span class='ocr_line' id='line_1_50' title="bbox 114 4584 2125 4671; baseline -0.002 -18"><span class='ocrx_word' id='word_1_698' title='bbox 114 4594 314 4671; x_wconf 78' lang='lat' dir='ltr'><strong><em>surrepserunt</em></strong></span> <span class='ocrx_word' id='word_1_699' title='bbox 345 4590 480 4668; x_wconf 63' lang='lat' dir='ltr'><strong><em>animi-s·</em></strong></span> <span class='ocrx_word' id='word_1_700' title='bbox 524 4589 593 4666; x_wconf 91' lang='lat' dir='ltr'><strong><em>sed,</em></strong></span> <span class='ocrx_word' id='word_1_701' title='bbox 632 4592 667 4653; x_wconf 86' lang='lat' dir='ltr'><strong><em>ut</em></strong></span> <span class='ocrx_word' id='word_1_702' title='bbox 703 4592 791 4651; x_wconf 88' lang='lat' dir='ltr'><strong><em>eraut</em></strong></span> <span class='ocrx_word' id='word_1_703' title='bbox 829 4590 920 4652; x_wconf 87' lang='lat' dir='ltr'><strong><em>certis</em></strong></span> <span class='ocrx_word' id='word_1_704' title='bbox 957 4588 1093 4652; x_wconf 84' lang='lat' dir='ltr'><strong><em>eruentis</em></strong></span> <span class='ocrx_word' id='word_1_705' title='bbox 1139 4589 1309 4670; x_wconf 87' lang='lat' dir='ltr'><strong><em>phetatmnt</em></strong></span> <span class='ocrx_word' id='word_1_706' title='bbox 1334 4589 1399 4669; x_wconf 79' lang='lat' dir='ltr'><strong><em>filii</em></strong></span> <span class='ocrx_word' id='word_1_707' title='bbox 1426 4592 1535 4667; x_wconf 85' lang='lat' dir='ltr'><strong><em>vestr-i,</em></strong></span> <span class='ocrx_word' id='word_1_708' title='bbox 1570 4595 1596 4652; x_wconf 92' lang='lat' dir='ltr'><strong><em>et</em></strong></span> <span class='ocrx_word' id='word_1_709' title='bbox 1621 4588 1708 4669; x_wconf 75' lang='lat' dir='ltr'><strong><em>filiae</em></strong></span> <span class='ocrx_word' id='word_1_710' title='bbox 1735 4592 1853 4651; x_wconf 86' lang='lat' dir='ltr'><strong><em>uestrae</em></strong></span> <span class='ocrx_word' id='word_1_711' title='bbox 1880 4586 2015 4649; x_wconf 83' lang='lat' dir='ltr'><strong><em>visiones</em></strong></span> <span class='ocrx_word' id='word_1_712' title='bbox 2042 4584 2125 4648; x_wconf 71' lang='lat' dir='ltr'><strong><em>ouh-</em></strong></span> 
     </span>
     <span class='ocr_line' id='line_1_51' title="bbox 114 4669 2122 4756; baseline -0.003 -17"><span class='ocrx_word' id='word_1_713' title='bbox 114 4676 220 4754; x_wconf 90' lang='lat' dir='ltr'><strong><em>edoeti,</em></strong></span> <span class='ocrx_word' id='word_1_714' title='bbox 242 4677 290 4739; x_wconf 89' lang='lat' dir='ltr'><strong><em>itu</em></strong></span> <span class='ocrx_word' id='word_1_715' title='bbox 310 4675 477 4741; x_wconf 85' lang='lat' dir='ltr'><strong><em>credebaut.</em></strong></span> <span class='ocrx_word' id='word_1_716' title='bbox 522 4673 672 4739; x_wconf 77' lang='lat' dir='ltr'><strong><em>[ilustris</em></strong></span> <span class='ocrx_word' id='word_1_717' title='bbox 697 4673 778 4738; x_wconf 89' lang='lat' dir='ltr'><strong><em>iuter</em></strong></span> <span class='ocrx_word' id='word_1_718' title='bbox 798 4673 883 4738; x_wconf 83' lang='lat' dir='ltr'><strong><em>ahias</em></strong></span> <span class='ocrx_word' id='word_1_719' title='bbox 904 4678 947 4738; x_wconf 91' lang='lat' dir='ltr'><strong><em>est</em></strong></span> <span class='ocrx_word' id='word_1_720' title='bbox 969 4673 1093 4739; x_wconf 86' lang='lat' dir='ltr'><strong><em>Iesaiae</em></strong></span> <span class='ocrx_word' id='word_1_721' title='bbox 1145 4676 1232 4752; x_wconf 77' lang='lat' dir='ltr'><strong><em>hrerrt,</em></strong></span> <span class='ocrx_word' id='word_1_722' title='bbox 1262 4680 1313 4739; x_wconf 90' lang='lat' dir='ltr'><strong><em>etc.</em></strong></span> <span class='ocrx_word' id='word_1_723' title='bbox 1362 4676 1449 4756; x_wconf 77' lang='lat' dir='ltr'><strong><em>Quod</em></strong></span> <span class='ocrx_word' id='word_1_724' title='bbox 1476 4681 1578 4739; x_wconf 81' lang='lat' dir='ltr'><strong><em>aedem</em></strong></span> <span class='ocrx_word' id='word_1_725' title='bbox 1604 4676 1680 4738; x_wconf 87' lang='lat' dir='ltr'><strong><em>dicit</em></strong></span> <span class='ocrx_word' id='word_1_726' title='bbox 1703 4673 1827 4736; x_wconf 81' lang='lat' dir='ltr'><strong><em>Paetus</em></strong></span> <span class='ocrx_word' id='word_1_727' title='bbox 1849 4670 1880 4753; x_wconf 91' lang='lat' dir='ltr'><strong><em>(l</em></strong></span> <span class='ocrx_word' id='word_1_728' title='bbox 1905 4669 1979 4734; x_wconf 78' lang='lat' dir='ltr'><strong><em>Cor.</em></strong></span> <span class='ocrx_word' id='word_1_729' title='bbox 2003 4673 2036 4750; x_wconf 95' lang='lat' dir='ltr'><strong><em>l,</em></strong></span> <span class='ocrx_word' id='word_1_730' title='bbox 2056 4673 2122 4748; x_wconf 87' lang='lat'><strong><em>30,</em></strong></span> 
     </span>
    </p>

    <p class='ocr_par' dir='ltr' id='par_1_12' title="bbox 116 4755 2124 4912">
     <span class='ocr_line' id='line_1_52' title="bbox 1144 4755 2122 4843; baseline -0.01 -16"><span class='ocrx_word' id='word_1_731' title='bbox 1144 4764 1254 4827; x_wconf 87' lang='lat' dir='ltr'><strong><em>datum</em></strong></span> <span class='ocrx_word' id='word_1_732' title='bbox 1275 4782 1340 4825; x_wconf 93' lang='lat' dir='ltr'><strong><em>esse</em></strong></span> <span class='ocrx_word' id='word_1_733' title='bbox 1361 4761 1450 4825; x_wconf 88' lang='lat' dir='ltr'><strong><em>nobis</em></strong></span> <span class='ocrx_word' id='word_1_734' title='bbox 1470 4763 1505 4824; x_wconf 90' lang='lat' dir='ltr'><strong><em>iu</em></strong></span> <span class='ocrx_word' id='word_1_735' title='bbox 1527 4762 1737 4843; x_wconf 87' lang='lat' dir='ltr'><strong><em>sapientiam,·</em></strong></span> <span class='ocrx_word' id='word_1_736' title='bbox 1764 4763 1791 4822; x_wconf 91' lang='lat' dir='ltr'><strong><em>et</em></strong></span> <span class='ocrx_word' id='word_1_737' title='bbox 1819 4758 1895 4821; x_wconf 80' lang='lat' dir='ltr'><strong><em>odibi</em></strong></span> <span class='ocrx_word' id='word_1_738' title='bbox 1918 4755 2002 4841; x_wconf 76' lang='lat'>(001.</span> <span class='ocrx_word' id='word_1_739' title='bbox 2023 4760 2057 4832; x_wconf 82' lang='lat'><strong><em>2,</em></strong></span> <span class='ocrx_word' id='word_1_740' title='bbox 2078 4759 2122 4834; x_wconf 90' lang='lat'><strong><em>3,</em></strong></span> 
     </span>
     <span class='ocr_line' id='line_1_53' title="bbox 116 4842 2124 4912; baseline -0.004 0"><span class='ocrx_word' id='word_1_741' title='bbox 116 4868 318 4875; x_wconf 43' lang='grc' dir='ltr'><strong><em>ψ*-</em></strong></span> <span class='ocrx_word' id='word_1_742' title='bbox 364 4864 367 4869; x_wconf 89' lang='grc'><strong><em>·</em></strong></span> <span class='ocrx_word' id='word_1_743' title='bbox 1145 4850 1180 4912; x_wconf 90' lang='lat' dir='ltr'><strong><em>in</em></strong></span> <span class='ocrx_word' id='word_1_744' title='bbox 1201 4869 1234 4912; x_wconf 94' lang='lat' dir='ltr'><strong><em>eo</em></strong></span> <span class='ocrx_word' id='word_1_745' title='bbox 1256 4847 1448 4911; x_wconf 88' lang='lat' dir='ltr'><strong><em>absconditos</em></strong></span> <span class='ocrx_word' id='word_1_746' title='bbox 1469 4867 1534 4910; x_wconf 90' lang='lat' dir='ltr'><strong><em>esso</em></strong></span> <span class='ocrx_word' id='word_1_747' title='bbox 1554 4847 1715 4910; x_wconf 77' lang='lat' dir='ltr'><strong><em>thesauros</em></strong></span> <span class='ocrx_word' id='word_1_748' title='bbox 1736 4864 1839 4907; x_wconf 80' lang='lat' dir='ltr'><strong><em>murres</em></strong></span> <span class='ocrx_word' id='word_1_749' title='bbox 1861 4844 2009 4907; x_wconf 85' lang='lat' dir='ltr'><strong><em>scientiae</em></strong></span> <span class='ocrx_word' id='word_1_750' title='bbox 2029 4847 2055 4905; x_wconf 91' lang='lat' dir='ltr'><strong><em>et</em></strong></span> <span class='ocrx_word' id='word_1_751' title='bbox 2075 4842 2124 4904; x_wconf 87' lang='lat' dir='ltr'><strong><em>in·</em></strong></span> 
     </span>
    </p>

    <p class='ocr_par' dir='ltr' id='par_1_13' title="bbox 1143 4930 2124 5017">
     <span class='ocr_line' id='line_1_54' title="bbox 1143 4930 2124 5017; baseline -0.006 -19"><span class='ocrx_word' id='word_1_752' title='bbox 1143 4934 1337 5017; x_wconf 81' lang='lat' dir='ltr'><strong><em>tettiqeutiae,</em></strong></span> <span class='ocrx_word' id='word_1_753' title='bbox 1354 4932 1454 5014; x_wconf 86' lang='lat' dir='ltr'><strong><em>panto</em></strong></span> <span class='ocrx_word' id='word_1_754' title='bbox 1471 4932 1628 4996; x_wconf 87' lang='lat' dir='ltr'><strong><em>diuersum</em></strong></span> <span class='ocrx_word' id='word_1_755' title='bbox 1645 4950 1770 4995; x_wconf 74' lang='lat' dir='ltr'><strong><em>seinaim</em></strong></span> <span class='ocrx_word' id='word_1_756' title='bbox 1787 4930 1890 5010; x_wconf 86' lang='lat' dir='ltr'><strong><em>habet;</em></strong></span> <span class='ocrx_word' id='word_1_757' title='bbox 1912 4949 2018 5010; x_wconf 75' lang='lat' dir='ltr'><strong><em>neuma</em></strong></span> <span class='ocrx_word' id='word_1_758' title='bbox 2034 4932 2124 4993; x_wconf 79' lang='lat' dir='ltr'><strong><em>cetra</em></strong></span> 
     </span>
    </p>
   </div>
   <div class='ocr_carea' id='block_1_9' title="bbox 113 4999 2123 5209">
    <p class='ocr_par' dir='ltr' id='par_1_14' title="bbox 113 4999 2124 5209">
     <span class='ocr_line' id='line_1_55' title="bbox 232 4999 2033 5139; baseline -0.005 -15.592"><span class='ocrx_word' id='word_1_759' title='bbox 113 4999 706 5139; x_wconf 62' lang='lat' dir='ltr'><strong><em>renerum</em></strong></span> <span class='ocrx_word' id='word_1_760' title='bbox 878 4999 995 5133; x_wconf 79' lang='lat' dir='ltr'><strong><em>nrn</em></strong></span> <span class='ocrx_word' id='word_1_761' title='bbox 1011 5015 1092 5122; x_wconf 76' lang='lat' dir='ltr'><strong><em>cs</em></strong></span> <span class='ocrx_word' id='word_1_762' title='bbox 1144 5021 1250 5118; x_wconf 49' lang='lat' dir='ltr'><strong><em>usin</em></strong></span> <span class='ocrx_word' id='word_1_763' title='bbox 1271 5019 1353 5083; x_wconf 54' lang='lat' dir='ltr'><strong><em>einr</em></strong></span> <span class='ocrx_word' id='word_1_764' title='bbox 1460 5019 1537 5083; x_wconf 66' lang='lat' dir='ltr'><strong><em>ern</em></strong></span> <span class='ocrx_word' id='word_1_765' title='bbox 1558 5018 1695 5101; x_wconf 60' lang='lat' dir='ltr'><strong><em>„nu</em></strong></span> <span class='ocrx_word' id='word_1_766' title='bbox 1724 5021 1752 5081; x_wconf 67' lang='lat' dir='ltr'><strong><em>n</em></strong></span> <span class='ocrx_word' id='word_1_767' title='bbox 1779 5019 1953 5115; x_wconf 72' lang='lat' dir='ltr'><strong><em>ome</em></strong></span> <span class='ocrx_word' id='word_1_768' title='bbox 1972 5015 2033 5114; x_wconf 80' lang='lat' dir='ltr'><strong><em>u</em></strong></span> 
     </span>
     <span class='ocr_line' id='line_1_56' title="bbox 113 5103 2123 5209; baseline -0.006 -34"><span class='ocrx_word' id='word_1_769' title='bbox 113 5139 176 5192; x_wconf 56' lang='lat'><strong><em>14„</em></strong></span> <span class='ocrx_word' id='word_1_770' title='bbox 198 5140 291 5203; x_wconf 58' lang='lat' dir='ltr'><strong><em>sm,</em></strong></span> <span class='ocrx_word' id='word_1_771' title='bbox 311 5145 338 5193; x_wconf 82' lang='lat' dir='ltr'><strong><em>et</em></strong></span> <span class='ocrx_word' id='word_1_772' title='bbox 360 5140 396 5194; x_wconf 62' lang='lat' dir='ltr'><strong><em>ab</em></strong></span> <span class='ocrx_word' id='word_1_773' title='bbox 416 5140 523 5209; x_wconf 59' lang='lat' dir='ltr'><strong><em>,mm</em></strong></span> <span class='ocrx_word' id='word_1_774' title='bbox 540 5138 633 5195; x_wconf 56' lang='lat' dir='ltr'><strong><em>m,</em></strong></span> <span class='ocrx_word' id='word_1_775' title='bbox 650 5108 805 5207; x_wconf 34' lang='lat' dir='ltr'><strong><em>with,</em></strong></span> <span class='ocrx_word' id='word_1_776' title='bbox 852 5108 1038 5205; x_wconf 42' lang='lat' dir='ltr'><strong><em>&#39;2)q}„,1&#39;,5,‚</em></strong></span> <span class='ocrx_word' id='word_1_777' title='bbox 1057 5110 1093 5191; x_wconf 59' lang='lat' dir='ltr'><strong><em>,d</em></strong></span> <span class='ocrx_word' id='word_1_778' title='bbox 1144 5113 1264 5188; x_wconf 79' lang='lat' dir='ltr'><strong><em>reperent</em></strong></span> <span class='ocrx_word' id='word_1_779' title='bbox 1285 5105 1390 5186; x_wconf 82' lang='lat' dir='ltr'><strong><em>quates</em></strong></span> <span class='ocrx_word' id='word_1_780' title='bbox 1414 5109 1470 5182; x_wconf 86' lang='lat' dir='ltr'><strong><em>snt,</em></strong></span> <span class='ocrx_word' id='word_1_781' title='bbox 1500 5109 1595 5168; x_wconf 90' lang='lat' dir='ltr'><strong><em>tetam</em></strong></span> <span class='ocrx_word' id='word_1_782' title='bbox 1621 5103 1769 5168; x_wconf 78' lang='lat' dir='ltr'><strong><em>buterum</em></strong></span> <span class='ocrx_word' id='word_1_783' title='bbox 1796 5104 1968 5168; x_wconf 80' lang='lat' dir='ltr'><strong><em>coelestium</em></strong></span> <span class='ocrx_word' id='word_1_784' title='bbox 1997 5120 2123 5164; x_wconf 79' lang='lat' dir='ltr'><strong><em>immae-</em></strong></span> 
     </span>
    </p>
   </div>
   <div class='ocr_carea' id='block_1_10' title="bbox 111 5185 2123 5277">
    <p class='ocr_par' dir='ltr' id='par_1_15' title="bbox 111 5185 2123 5277">
     <span class='ocr_line' id='line_1_57' title="bbox 111 5185 2123 5277; baseline -0.005 -16"><span class='ocrx_word' id='word_1_785' title='bbox 111 5209 241 5262; x_wconf 76' lang='lat' dir='ltr'><strong><em>Lenrent.</em></strong></span> <span class='ocrx_word' id='word_1_786' title='bbox 258 5223 280 5260; x_wconf 79' lang='lat' dir='ltr'><strong><em>e.</em></strong></span> <span class='ocrx_word' id='word_1_787' title='bbox 299 5205 316 5261; x_wconf 79' lang='lat'><strong>5</strong></span> <span class='ocrx_word' id='word_1_788' title='bbox 332 5207 384 5277; x_wconf 90' lang='lat'>(1).</span> <span class='ocrx_word' id='word_1_789' title='bbox 990 5241 993 5245; x_wconf 28' lang='grc' dir='ltr'>ψ</span> <span class='ocrx_word' id='word_1_790' title='bbox 1144 5193 1268 5256; x_wconf 91' lang='lat' dir='ltr'><strong><em>sitatem</em></strong></span> <span class='ocrx_word' id='word_1_791' title='bbox 1300 5190 1472 5272; x_wconf 82' lang='lat' dir='ltr'><strong><em>compleres</em></strong></span> <span class='ocrx_word' id='word_1_792' title='bbox 1510 5210 1582 5254; x_wconf 88' lang='lat' dir='ltr'><strong><em>esse.</em></strong></span> <span class='ocrx_word' id='word_1_793' title='bbox 1640 5189 1709 5271; x_wconf 77' lang='lat' dir='ltr'><strong><em>Qua</em></strong></span> <span class='ocrx_word' id='word_1_794' title='bbox 1747 5192 1867 5254; x_wconf 87' lang='lat' dir='ltr'><strong><em>ratione</em></strong></span> <span class='ocrx_word' id='word_1_795' title='bbox 1905 5188 1982 5252; x_wconf 86' lang='lat' dir='ltr'><strong><em>alibi</em></strong></span> <span class='ocrx_word' id='word_1_796' title='bbox 2015 5185 2123 5251; x_wconf 85' lang='lat' dir='ltr'><strong><em>scribit</em></strong></span> 
     </span>
    </p>
   </div>
   <div class='ocr_carea' id='block_1_11' title="bbox 603 5432 666 5497">
    <p class='ocr_par' dir='ltr' id='par_1_16' title="bbox 603 5432 666 5497">
     <span class='ocr_line' id='line_1_58' title="bbox 603 5432 666 5497; baseline 0 0"><span class='ocrx_word' id='word_1_797' title='bbox 603 5432 666 5497; x_wconf 57' lang='lat'><strong><em>¹1.</em></strong></span> 
     </span>
    </p>
   </div>
   <div class='ocr_carea' id='block_1_12' title="bbox 624 5546 743 5631">
    <p class='ocr_par' dir='ltr' id='par_1_17' title="bbox 624 5546 743 5631">
     <span class='ocr_line' id='line_1_59' title="bbox 624 5546 743 5631; baseline 0 0"><span class='ocrx_word' id='word_1_798' title='bbox 624 5546 743 5631; x_wconf 46' lang='grc' dir='ltr'><strong><em>ν’</em></strong></span> 
     </span>
    </p>
   </div>
   <div class='ocr_carea' id='block_1_13' title="bbox 0 0 2340 5842">
    <p class='ocr_par' dir='ltr' id='par_1_18' title="bbox 0 0 2340 5842">
     <span class='ocr_line' id='line_1_60' title="bbox 0 0 2340 5842; baseline 0 2"><span class='ocrx_word' id='word_1_799' title='bbox 0 0 2340 5842; x_wconf 95' lang='lat' dir='ltr'><strong><em> </em></strong></span> 
     </span>
    </p>
   </div>
  </div>
 </body>
</html>
