4672 5842
165 287 228 348 943
810 275 1074 346 LvSTITUTIO
1096 276 1200 340 REL.
1223 273 1404 341 CHRIST.
1430 281 1520 340 1559.
2106 286 2169 346 944

167 471 369 556 ignorantiae
398 489 434 531 oc
461 468 606 531 tarditati
626 470 785 549 parmam,
815 470 925 532 deirtde
953 464 1165 555 infirmitatij
1189 463 1293 527 Vides
1331 475 1369 529 ut
1406 465 1681 548 praedicationem
1714 474 1860 547 requirat
1890 465 1978 529 unde
2013 478 2171 530 nascanrr

166 579 246 640 opus
268 576 337 618 esse
360 552 453 616 Deus
481 553 644 634 providet;
672 577 778 636 neque
801 565 911 617 tarmen
934 555 1075 639 (proprie
1095 553 1137 615 le
1162 548 1279 613 1fides.
1324 550 1393 616 Nec
1417 551 1573 633 estquod
1600 553 1633 614 in
1663 552 1724 617 hae
1752 553 1942 634 probatione
1969 551 2168 623 laboremus,

162 641 295 723 queudol
316 651 382 702 tam
403 651 440 700 ut
462 660 588 703 sacram
605 660 698 703 sauri
717 661 885 704 semnortem
904 643 1021 713 firmet,
1062 660 1137 702 uam
1189 636 1312 715 quarvdo
1340 639 1475 701 minime
1496 638 1669 702 obscurum
1692 643 1736 701 est
1765 636 1841 719 quid
1864 635 2019 702 Christus
2041 638 2167 713 facerit,

163 737 200 791 ut
223 747 282 789 nos
305 726 339 788 in
364 724 466 805 ipsius
489 724 553 787 fide
576 724 726 789 stabiliat.
773 724 942 808 Siquidem
965 726 1029 788 Dei
1053 725 1137 787 veri·
1189 720 1266 802 quid
1290 722 1382 787 nobis
1403 723 1508 786 facere
1527 723 1742 799 mandaverit,
1761 723 1839 806 quid
1857 725 1986 804 sequuti
2005 724 2075 787 sint
2092 744 2168 806 apo-

163 821 213 876 tas
236 833 294 894 per
316 832 351 874 se
374 812 454 873 satis
473 809 574 873 solida
593 824 743 893 certaque
761 824 819 888 est,
843 834 902 876 nce
921 811 1051 874 aliunde
1069 832 1137 873 me-
1189 807 1273 879 stoli,
1296 808 1374 889 quid
1396 810 1508 889 purior
1530 810 1665 874 ecelesia
1687 809 1917 874 observaverit
1953 809 2024 873 lmo
2046 808 2089 871 ab
2111 811 2169 873 iai-

162 898 276 961 liorem
310 898 587 961 confirmationem
626 918 725 978 quam
763 919 782 961 a
821 920 854 961 se
888 900 958 979 ipsa
993 897 1137 977 accipere
1162 916 1165 993 ι
1189 893 1232 955 lio
1259 914 1355 973 usque
1382 896 1493 957 mrradi
1522 901 1626 958 oolam
1654 901 1711 973 est,
1739 897 1856 975 quoties
1882 896 2009 976 είφιιιιιι
2037 896 2169 976 aliquod

162 998 277 1066 potest.
323 983 450 1045 Verum
483 987 516 1044 al
547 983 667 1064 exigna
695 994 744 1046 est
774 992 807 1046 et
834 981 997 1046 imbecilla
1025 991 1138 1046 nostra
1161 1008 1165 1067 ι
1189 978 1296 1042 obtulit
1328 978 1419 1042 Deus
1449 981 1568 1044 sordis
1595 981 1756 1061 patribus,
1792 980 2032 1061 impartibilem
2066 981 2169 1060 faisse

163 1068 254 1140 fides,
278 1069 341 1131 nisi
365 1067 506 1148 undiquc
528 1067 682 1130 fulciatur
705 1091 741 1132 ac
765 1068 869 1131 modis
892 1069 1043 1132 omnibus
1066 1090 1137 1131 sus-
1161 1100 1164 1147 ξ
1189 1064 1345 1128 doetrinae
1366 1067 1516 1147 caprilem,
1537 1067 1605 1130 siae
1627 1088 1689 1147 qua
1711 1068 1833 1130 odouili
1855 1065 1939 1130 rado
1955 1073 2086 1146 aspecta
2104 1087 2169 1131 se»

163 1163 323 1223 tentetur,
364 1155 473 1216 statim
511 1154 711 1230 concutitur,
752 1155 946 1227 fluctuatur,
995 1154 1135 1227 vacillat,
1161 1158 1164 1210 ι
1188 1171 1244 1213 sus
1267 1152 1366 1213 nostri
1386 1152 1590 1215 redderemur.
1624 1153 1723 1234 Ergo.
1746 1174 1849 1234 quum
1871 1152 1911 1216 do
1933 1152 2035 1215 verbo
2059 1174 2167 1217 sacra·

163 1242 299 1320 adeoque
324 1239 459 1302 labascit
508 1241 616 1319 Atque
650 1241 695 1302 ita
724 1237 854 1321 quidem
883 1240 936 1304 hie
965 1262 999 1302 so
1026 1240 1135 1321 captui
1161 1228 1164 1285 l
1188 1235 1322 1298 mentali
1344 1237 1414 1299 fieri
1435 1239 1633 1302 mentionem
1657 1238 1821 1316 audimus,
1844 1239 2096 1319 promissionem
2116 1241 2167 1302 in·

164 1335 275 1389 nostro
296 1345 358 1404 pro
380 1325 531 1387 *imma
554 1345 613 1387 aaa
641 1326 833 1408 iadalprrlio
858 1335 1053 1407 attemperat
1075 1326 1136 1387 mi-
1160 1338 1164 1407 !
1190 1320 1393 1403 telligermus,
1423 1345 1504 1404 qnae
1534 1323 1622 1388 clara
1651 1345 1730 1388 voce
1759 1346 1779 1387 a
1806 1325 1955 1387 ministro
1977 1323 2167 1405 praedicata

164 1413 300 1474 sericors
328 1410 502 1483 Dominus,
532 1423 567 1471 ιιι
588 1409 718 1490 quando
742 1411 900 1474 animales
927 1433 1055 1484 sanius,
1079 1412 1135 1491 qni
1160 1412 1163 1507 j
1188 1407 1316 1488 plebem
1338 1428 1376 1472 eo
1404 1430 1506 1472 manu
1529 1407 1627 1474 ducat
1652 1431 1716 1491 quo
1743 1411 1876 1492 siguum
1902 1409 2011 1473 tendit
2038 1432 2078 1475 ac
2108 1433 2166 1474 nos

165 1497 257 1560 humi
279 1516 406 1576 semper
429 1494 622 1575 adrepentes
644 1510 676 1558 et
699 1499 852 1561 incarne
875 1497 1062 1571 haerentes,
1086 1497 1136 1558 ni·
1160 1556 1163 1563 ,
1189 1492 1309 1575 dirigit

163 1582 210 1645 hil
231 1581 398 1662 spirituale
420 1582 615 1663 cogitamus,
646 1604 682 1645 ac
712 1603 753 1644 ne
775 1584 973 1663 concipimus
995 1582 1135 1663 quidem,
1160 1578 1163 1636 l
1276 1584 1303 1640 ι’).
1348 1579 1417 1643 Nec
1439 1578 1593 1643 audiendi
1616 1591 1694 1644 sunt
1714 1581 1848 1662 quidam
1870 1581 1925 1662 qui
1946 1592 2065 1646 contra
2082 1603 2165 1665 pag·

162 1667 331 1730 elementis
354 1667 452 1729 etiam
475 1667 546 1729 istis
563 1668 693 1730 terrenis
715 1690 773 1732 nos
792 1668 833 1731 ad
851 1690 885 1732 sc
904 1667 1054 1731 deducere
1077 1689 1136 1730 noa
1160 1656 1163 1735 l
1188 1686 1268 1727 nare
1300 1674 1461 1728 conantur
1493 1678 1609 1747 arguto
1641 1668 1747 1749 magis
1778 1687 1876 1748 quam
1909 1665 2013 1730 solido
2047 1667 2164 1731 dilem-

160 1758 316 1836 prarelur,
340 1760 435 1833 atque
457 1753 491 1814 in
514 1752 584 1832 ipsa
607 1774 704 1816 carne
721 1775 893 1834 proponere
910 1755 1056 1817 botrorum
1072 1755 1137 1834 spi·
1160 1774 1162 1779 ·
1188 1759 1283 1813 mate.
1329 1755 1396 1813 Aut
1419 1751 1566 1826 verbum,
1589 1752 1752 1833 inquiunt,
1774 1753 1848 1829 Dei,
1871 1751 1957 1833 quod
1977 1773 2164 1817 sacramen·

161 1838 326 1901 ritualium
348 1837 513 1919 speculum.
557 1837 643 1901 Nam
671 1839 698 1901 si
720 1841 899 1920 incorporei
923 1861 1077 1909 essemus,
1100 1853 1137 1902 ut
1160 1836 1163 1884 l
1188 1844 1259 1898 tum
1280 1835 1460 1916 praecedit,
1488 1837 1608 1900 scimus
1636 1859 1706 1902 esse
1728 1859 1840 1902 veram
1862 1838 1927 1901 Dei
1947 1838 2162 1912 voluntatem,

162 1923 418 2006 Chrysostomns
433 1923 457 2005 ¹)
481 1925 541 1993 ait,
566 1923 653 1986 nuda
675 1936 707 1987 et
730 1925 916 2007 incorporea
941 1925 1033 1989 nobis
1056 1926 1136 1989 haec
1161 1926 1164 1983 ι
1189 1931 1246 1984 aut
1269 1922 1440 1985 nescimus.
1471 1920 1509 1986 Si
1533 1923 1662 1997 scimus,
1686 1924 1769 1987 nihil
1791 1945 1832 1987 ex
1855 1935 2063 1988 sacramento
2083 1924 2166 2006 quod

163 2010 232 2091 ipsa
256 2007 357 2071 daret.
392 2009 488 2072 Nunc
509 2011 585 2089 quia
607 2010 795 2091 corporibus
817 2012 956 2074 insertas
979 2011 1137 2075 habemus
1161 1986 1164 2083 l
1189 2017 1300 2088 postea
1323 2006 1469 2088 sequitur
1492 2029 1613 2071 novum
1636 2009 1798 2073 discimus.
1843 2007 1882 2074 si
1904 2010 2088 2083 nescimus,
2111 2032 2165 2074 ne·

164 2095 300 2163 animas.
324 2095 383 2158 sub
407 2093 587 2158 visibilibus
609 2096 789 2176 spiritualia
813 2096 921 2159 tradit.
964 2096 1137 2177 Nonquia
1162 2124 1165 2221 Ι
1190 2114 1253 2174 que
1280 2092 1314 2156 id
1347 2090 1474 2157 docebit
1504 2106 1759 2171 sacramentum,
1794 2096 1888 2159 cuius
1915 2097 1967 2158 vis
1997 2098 2106 2159 omnis
2131 2098 2165 2159 in

163 2181 246 2244 talos
273 2178 604 2243 inditaesuntdotes
627 2183 752 2244 natiuis
779 2204 994 2263 rerumquae
1022 2182 1058 2244 in
1085 2205 1136 2246 sa-
1191 2177 1288 2242 verbo
1311 2180 1372 2241 sita
1400 2189 1458 2242 est.
1504 2177 1633 2259 Quibus
1655 2180 1799 2245 breviter
1821 2202 2017 2263 responsum
2039 2184 2096 2246 sit:
2124 2184 2165 2246 si-

163 2268 340 2331 cramentis
362 2265 454 2328 nobis
466 2267 688 2346 proferantur:
710 2267 766 2331 scd
785 2269 861 2350 quia
880 2269 914 2330 in
933 2267 1018 2332 hano
1036 2270 1137 2351 signi·
1190 2265 1282 2347 gilla,
1311 2286 1395 2346 quae
1424 2264 1656 2347 diplomatibus
1678 2267 1814 2349 aliisque
1836 2267 1976 2348 publicis
2000 2269 2082 2332 actis
2110 2289 2165 2350 ap-

163 2353 347 2415 fieationem
371 2372 389 2412 a
412 2349 483 2413 Deo
506 2353 652 2434 signatae
674 2364 758 2415 sunt.
1189 2350 1393 2431 penduntur,
1424 2371 1482 2431 per
1509 2372 1543 2414 se
1566 2362 1697 2434 accepta
1724 2352 1806 2416 nihil
1829 2364 1922 2427 sunt,
1946 2362 2060 2435 utpote
2083 2375 2165 2436 quae

251 2444 280 2499 4.
327 2438 434 2516 Atque
453 2437 513 2500 hoc
535 2437 691 2518 estquod
714 2438 814 2520 vulgo
837 2439 965 2512 dicunt,
988 2450 1136 2504 constare
1161 2464 1165 2525 ι
1190 2436 1312 2498 frustra
1340 2457 1482 2517 appensa
1510 2437 1616 2501 forent·
1637 2440 1664 2502 si
1695 2439 1886 2502 membrana
1914 2439 1995 2502 nihil
2031 2439 2166 2504 baberet

163 2535 406 2587 sacramentum
428 2522 527 2587 verbo
550 2534 583 2585 ct
600 2533 735 2587 externo
753 2526 855 2606 signo.
884 2524 1031 2588 Verbum
1049 2527 1136 2588 enim
1161 2532 1164 2609 ζ
1189 2516 1388 2603 descriptum
1394 2546 1402 2600 ;
1436 2543 1541 2603 neque
1570 2537 1680 2588 tamen
1708 2523 1779 2588 ideo
1802 2546 1867 2588 non
1890 2526 2085 2588 confirmant
2115 2536 2165 2588 at»

164 2608 346 2690 intelligere
366 2607 529 2681 debemus,
552 2631 617 2671 non
640 2609 725 2690 quod
743 2611 812 2672 sine
835 2633 931 2674 sensu
950 2621 983 2674 ct
1000 2609 1063 2674 fide
1086 2612 1136 2674 in·
1161 2612 1165 2697 l
1189 2630 1251 2689 que
1274 2605 1449 2690 obsignant
1472 2607 1558 2688 quod
1581 2611 1738 2691 scriptum
1763 2622 1827 2685 est,
1853 2609 1931 2674 dum
1953 2611 2080 2690 scriptis
2104 2610 2165 2673 ad·

163 2708 378 2769 susurratum,
402 2693 469 2757 solo
488 2695 635 2775 strepitu,
655 2695 746 2758 velut
762 2698 889 2778 magica
907 2698 1135 2773 incantatione,
1161 2702 1164 2763 Ι
1189 2693 1320 2757 duntur.
1370 2694 1483 2775 Neque
1512 2694 1595 2758 hanc
1623 2694 1872 2759 similitudinem
1899 2715 2039 2777 nupera
2064 2696 2163 2759 nobis

162 2778 371 2845 consecrandi
394 2779 546 2843 clementi
570 2781 637 2843 vim
660 2779 792 2860 habeat;
822 2782 879 2845 sed
901 2782 986 2863 quod
1008 2781 1136 2864 praedi·
1161 2766 1164 2849 ἶ
1188 2780 1358 2844 confictam
1391 2781 1511 2842 iactare
1533 2791 1682 2861 possunt,
1706 2803 1805 2863 quam
1828 2781 1947 2846 Paulus
1968 2781 2037 2862 ipse
2060 2801 2161 2844 usur·

161 2879 273 2930 catum
308 2865 491 2948 intelligere
524 2889 583 2929 nos
611 2867 710 2931 faciat
736 2866 813 2948 quid
847 2868 973 2931 visibile
1004 2869 1135 2950 signum
1160 2864 1163 2945 ξ
1187 2867 1286 2947 pavit,
1305 2866 1583 2930 circumcisionem
1601 2888 1722 2931 vocaus
1743 2865 1894 2951 σφραγίδιι
1913 2866 2022 2948 (Rom
2042 2871 2073 2941 4,
2093 2866 2162 2949 ll).

162 2952 223 3015 sibi
247 2951 334 3014 velit.
379 2950 474 3031 Quod
498 2973 576 3035 crgo
598 2952 658 3016 sub
681 2972 783 3034 papae
811 2954 986 3036 tyrannide
1008 2954 1136 3017 bonta-
1160 2974 1163 2981 ·
1187 2950 1252 3016 Ubi
1280 2973 1321 3015 ex
1348 2951 1493 3034 professo
1514 2952 1696 3030 contendit,
1725 2975 1792 3016 non
1825 2954 1921 3018 fuisse
1942 2951 2164 3017 circumcisio-

163 3046 234 3099 tum
263 3053 329 3106 cst,
359 3058 423 3099 non
450 3039 555 3101 caruit
577 3038 702 3120 ingenti
724 3041 956 3122 mysteriorum
984 3040 1135 3123 profana-
1160 3002 1163 3113 l
1188 3058 1264 3100 nem
1287 3035 1441 3101 Abrahae
1470 3038 1503 3100 in
1532 3039 1706 3116 iustitiam,
1730 3038 1786 3102 sed
1809 3040 1879 3104 eius
1901 3039 1988 3122 pacti
2009 3038 2163 3118 obsigna·

162 3123 259 3185 tione.
311 3122 478 3186 Putarunt
505 3124 593 3187 enirn
626 3125 705 3187 satis
728 3144 798 3188 esso
826 3127 852 3190 si
882 3126 1047 3195 sacerdos,
1079 3148 1135 3207 po-
1160 3124 1163 3133 '
1188 3125 1327 3200 tionem,
1350 3124 1442 3188 euius
1471 3122 1534 3186 fide
1557 3124 1663 3187 fuerat
1683 3125 1749 3188 iam
1772 3138 1848 3188 ante
1870 3126 2074 3190 iustificat-us
2120 3125 2163 3187 Et

162 3207 239 3289 pulo
257 3208 328 3271 sine
347 3207 562 3290 intelligentia
579 3208 781 3292 obstupente,
801 3214 1051 3276 consecrationis
1070 3212 1134 3275 for·
1160 3200 1162 3247 ¹
1188 3207 1266 3292 quid
1293 3217 1359 3286 est,
1382 3209 1530 3282 obsecro,
1555 3209 1641 3291 quod
1664 3211 1805 3293 aliquem
1831 3231 2032 3294 magnopere
2062 3211 2163 3274 offen·

160 3293 284 3357 mulam
319 3292 589 3357 dcmurmnraret.
646 3296 717 3359 Imo
750 3295 782 3358 id
811 3297 888 3360 data
917 3319 1014 3380 opera
1039 3318 1134 3362 cave·
1160 3296 1163 3311 '
1187 3294 1253 3372 dat,
1276 3295 1573 3376 si'promissionem
1596 3294 1768 3361 doceamus
1791 3297 1960 3380 obsignari
1978 3318 2162 3361 sacramen-

162 3393 248 3451 runt,
272 3378 413 3459 nequid
436 3378 700 3444 doctrinaeindc
723 3382 764 3444 ad
787 3382 915 3464 plebem
938 3386 1132 3466 perveniret.
1160 3426 1161 3433 ι
1186 3383 1245 3458 tis,
1273 3402 1373 3461 qutun
1402 3402 1443 3442 ex
1471 3381 1551 3461 ipsis
1578 3381 1848 3462 promissionibus
1875 3383 1986 3464 palam
2013 3384 2058 3447 sit
2086 3383 2162 3446 alte·

162 3462 285 3527 Omnia
307 3466 394 3527 enim
417 3463 517 3527 latine
540 3468 793 3546 pronuntiarunt
815 3468 901 3550 apud
924 3470 1073 3534 homines
1095 3470 1134 3533 il-
1159 3496 1161 3501 ⁴
1187 3488 1258 3530 ram
1280 3466 1383 3530 altera
1404 3467 1612 3531 confirmari?
1651 3468 1777 3549 Nempe
1800 3483 1837 3530 ιιι
1859 3489 2008 3550 quaeque
2028 3484 2080 3533 est
2098 3489 2162 3532 ma·

162 3548 317 3613 literatos.
352 3550 472 3613 Postea
493 3572 633 3632 cousque
655 3553 762 3634 erupit
783 3557 980 3636 superstitio,
1004 3569 1039 3619 ut
1058 3578 1134 3620 eon·
1186 3552 1344 3627 nilcstior,
1369 3554 1414 3615 ita
1435 3551 1547 3616 estad
1569 3552 1765 3618 fulciendam
1783 3553 1881 3617 fidem
1904 3556 2012 3638 magis
2036 3555 2158 3619 idonea

162 3636 377 3699 sectationem
406 3638 555 3699 nonnisi
580 3659 676 3700 rauco
698 3659 881 3718 murmure,
904 3642 990 3722 quod
1013 3665 1032 3706 a
1055 3663 1135 3723 pau·
1160 3660 1162 3695 t
1187 3637 1402 3703 Sacramenta
1429 3659 1507 3702 vero
1529 3648 1562 3702 ct
1588 3641 1820 3721 promissiones
1848 3641 1994 3704 afferunt
2023 3640 2160 3706 clansi-

161 3721 208 3786 cis
231 3719 456 3798 exaudiretur,
487 3723 548 3786 rite
576 3724 689 3806 peragi
710 3723 888 3789 crederent
933 3729 1017 3811 At2)
1039 3729 1135 3810 longe
1187 3746 1267 3801 mas,
1291 3735 1323 3788 et
1345 3723 1406 3789 hoo
1428 3723 1550 3787 habent
1572 3746 1651 3807 prae
1672 3726 1772 3789 verbo
1793 3726 1977 3808 peculiare,
2000 3727 2086 3809 quod
2108 3747 2160 3789 eas

161 3808 256 3870 aliter
288 3806 328 3869 de
360 3808 460 3871 verbo
494 3810 721 3873 sacramentali
758 3811 850 3875 docet
878 3814 1094 3895 Augustinus.
1106 3813 1135 3895 ³)
1160 3864 1162 3892 .
1187 3810 1289 3874 veluti
1316 3811 1350 3872 in
1377 3810 1490 3873 tabula
1518 3809 1661 3892 depictas
1696 3813 1789 3876 nobis
1817 3811 1859 3876 ad
1888 3814 2003 3876 vivum
2035 3833 2161 3895 reprae-

162 3891 321 3967 Accedat,
346 3894 465 3975 inquit,
491 3894 625 3958 verbum
647 3894 689 3958 ad
710 3896 924 3975 elementum,
951 3910 984 3962 et
1005 3901 1062 3962 fiet
1083 3920 1134 3962 sa-
1160 3948 1162 3961 .
1187 3906 1328 3959 sentent.
1380 3896 1494 3978 Neque
1522 3918 1580 3959 uos
1610 3918 1741 3961 movere
1774 3897 1869 3961 debet
1891 3919 1976 3979 quae
2005 3900 2092 3963 inter
2111 3917 2162 3961 sa·

162 3992 379 4042 ammentum:
408 3979 496 4044 unde
523 3982 611 4044 enim
639 3983 701 4045 ista
730 3993 822 4045 tanta
844 3984 950 4047 virtus
972 4006 1075 4066 aquae
1098 3994 1135 4047 ut
1160 3978 1163 4035 ἶ
1187 3996 1353 4046 eramenta
1375 3992 1408 4045 et
1436 3980 1652 4062 diplomatum
1681 3984 1788 4066 sigilla
1806 3985 1962 4048 obiectari
1992 3986 2073 4050 solet
2095 3983 2160 4047 dis-

161 4084 280 4145 corpus
306 4075 432 4147 tangat,
467 4078 498 4130 et
529 4088 582 4131 cor
612 4068 739 4146 abluat,
768 4069 830 4132 nisi
853 4069 991 4133 faciente
1013 4069 1134 4134 verbo?
1160 4096 1162 4159 g
1187 4069 1316 4132 tinctio:
1346 4067 1554 4149 quodquam
1584 4075 1720 4151 utraque
1747 4070 1933 4134 carnalibus
1952 4070 2052 4135 huius
2069 4091 2162 4132 mnn-

160 4171 227 4212 non
251 4151 325 4231 quia
348 4151 474 4230 dieitur,
497 4153 554 4216 sed
576 4154 650 4235 quia
673 4154 832 4234 creditum
854 4176 931 4218 nam
953 4169 985 4220 et
1007 4157 1135 4239 inipso
1160 4180 1162 4223 ;
1188 4153 1220 4216 di
1243 4154 1411 4217 elementis
1438 4162 1602 4229 constent,
1627 4155 1681 4218 illa
1704 4154 1745 4218 ad
1768 4157 2001 4237 promissiones
2024 4157 2085 4221 Dei
2106 4155 2164 4219 ob-

160 4235 260 4299 verbo
290 4236 379 4299 aliud
407 4250 455 4303 est
486 4262 584 4303 sonus
614 4241 790 4316 transiens,
819 4242 909 4306 aliud
930 4243 1038 4307 virtus
1065 4264 1131 4306 ma·
1159 4248 1163 4257 '
1187 4239 1364 4322 signandas
1396 4238 1536 4317 adlicere
1566 4240 1609 4303 rel
1635 4242 1737 4320 paria
1769 4262 1834 4305 esse
1868 4251 2050 4324 nequeant,
2083 4262 2163 4324 quae

160 4344 251 4386 nens.
296 4321 369 4385 Hoc
392 4334 442 4388 est
464 4324 601 4388 verbum
624 4323 698 4388 fidei
718 4326 803 4408 quod
825 4328 1061 4408 praedicamus,
1085 4330 1134 4392 in·
1160 4352 1162 4379 ι
1187 4337 1264 4390 sunt
1294 4324 1479 4406 spirituales
1507 4333 1540 4386 et
1575 4338 1740 4404 aetemae;
1775 4326 2055 4408 quemadmodum
2087 4329 2164 4393 haee

159 4409 229 4490 quit
263 4409 441 4491 apostolus3
480 4410 567 4474 unde
599 4410 635 4472 in
670 4412 762 4475 Actis
796 4415 1030 4494 apostolorum:
1070 4414 1134 4479 fide
1160 4470 1163 4483 ,
1188 4412 1228 4476 ad
1251 4409 1453 4493 obsignanda
1483 4412 1667 4494 principum
1688 4411 1797 4477 edicta
1819 4412 1859 4476 de
1886 4414 1986 4478 rebus
2010 4416 2109 4479 fluxis
2129 4436 2163 4478 ac

160 4493 325 4558 mundans
350 4495 446 4559 corda
469 4517 596 4573 eorum;
624 4508 658 4559 et
678 4497 798 4561 Petrus
825 4500 1003 4580 apostolus:
1034 4501 1134 4566 sicet
1188 4497 1319 4562 caducis
1349 4495 1492 4580 appendi
1518 4497 1623 4561 soleat
1674 4496 1844 4580 Siquidem
1867 4500 1918 4561 vir
1941 4499 2068 4575 fidelis,
2091 4501 2164 4564 dum

160 4601 220 4643 nos
251 4580 413 4661 baptisma
440 4582 547 4645 salvos
578 4582 670 4658 facit,
702 4605 770 4646 non
802 4583 960 4666 depositio
991 4586 1134 4651 sordium
1187 4584 1288 4647 oculis
1315 4598 1521 4647 sacramenta
1550 4584 1775 4659 obversantur,
1791 4585 1816 4668 ¹)
1849 4605 1915 4648 non
1942 4587 1978 4649 in
2009 4588 2068 4652 illo
2098 4607 2166 4651 ear·

160 4666 283 4730 carnis.
316 4665 373 4728 sed
406 4668 621 4732 eonscientiae
655 4668 759 4733 bonae
792 4671 1011 4754 interrogatio.
1062 4672 1135 4736 Hoc
1187 4670 1255 4733 nali
1277 4669 1460 4753 spectaculo
1484 4668 1611 4747 haeret;
1638 4669 1695 4735 sed
1726 4669 1791 4733 illis
1813 4691 1893 4752 quos
1919 4672 2071 4738 indicavi
2092 4694 2167 4739 aaa·

160 4761 209 4813 est
239 4751 374 4815 verbum
403 4753 479 4818 fidei
502 4751 586 4834 quod
613 4755 852 4835 praedicamus:
884 4780 947 4839 quo
976 4759 1047 4822 sine
1075 4757 1134 4820 du·
1188 4755 1294 4839 logiae
1320 4755 1475 4839 gradibus
1503 4756 1544 4819 ad
1576 4756 1728 4820 sublimia
1755 4757 1914 4839 mysteria
1937 4780 2024 4840 quae
2055 4764 2091 4824 in
2120 4781 2168 4824 sa·

159 4835 227 4906 bio,
259 4852 293 4899 ut
328 4837 487 4903 mundare
514 4841 629 4920 possit.
653 4855 863 4906 consecratur
885 4856 918 4907 ot
945 4843 1134 4926 baptismus.
1161 4908 1163 4919 ,
1189 4843 1364 4907 oramentis
1387 4842 1489 4906 latent
1512 4843 1566 4924 pia
1588 4841 1848 4906 consideratione
1871 4846 2028 4927 assurgit.

1276 4933 1304 4993 6.
1349 4929 1395 4993 Ει
1416 4928 1547 5010 quando
1567 4927 1733 4992 Dominus
1755 4929 1989 5011 promissiones
2008 4954 2088 4998 suas
2108 4933 2171 4997 foe·

230 5127 259 5190 1)
278 5127 377 5179 Homil.
396 5126 437 5180 60.
457 5129 492 5179 ad
530 5131 647 5198 opulurn.
735 5131 1016 5198 2)a01617.1t354.
1105 5134 1135 5199 3)

160 5191 261 5246 Hbmil.
281 5197 308 5247 iu
327 5198 419 5248 Ioann.
438 5196 480 5251 80.
499 5147 528 5249 dp

1259 5201 1287 5265 l)
1307 5203 1487 5254 observantur
1506 5199 1581 5252 ltil'l.
