4672 5842
238 312 304 374 aaa
620 304 626 313 “
887 303 1281 376 maritumam
1303 281 1484 371 dflalsr.
1511 309 1602 372 1559.
2183 309 2248 372 aco

240 497 390 564 faciendo
417 515 449 560 ec
476 517 562 560 nora
590 496 677 559 dona
703 493 898 560 cumulando
923 516 1093 577 nunquam
1114 497 1221 578 ipsum
1270 493 1457 558 testimonia
1479 514 1636 577 congero,
1665 515 1765 575 quum
1787 496 1955 577 proprium
1978 517 2060 578 opus
2081 495 2249 577 scripserit

240 585 380 666 fatigari.
395 586 419 666 ¹)
1272 586 1405 651 sanctus
1422 579 1478 643 ille
1488 581 1549 657 vir,
1573 580 1625 643 cui
1643 580 1776 644 titulum
1792 581 1880 645 fecit:
1901 581 1940 645 de
1957 582 2075 664 spiritu
2092 590 2127 644 et
2143 581 2246 647 litera

329 673 357 732 8.
404 666 502 748 Quod
531 676 642 730 autem
668 668 814 730 omnium
841 676 990 730 nostrum
1010 667 1163 748 iniquitas
1188 679 1220 731 et
1273 663 1463 729 Secundum
1490 666 1672 748 profectum
1699 687 1765 730 non
1791 675 1860 730 tam
1882 668 2106 751 significanter
2128 667 2248 732 deseri·

242 754 411 819 damnatio
433 753 516 836 legis
538 754 724 817 testimonio
746 751 971 835 consignatur,
999 774 1064 816 non
1089 753 1160 817 ideo
1183 755 1221 816 fit
1271 751 1335 828 bit,
1358 751 1412 815 vel
1432 751 1520 833 quod
1541 750 1724 835 dependere
1747 774 1788 817 ex
1808 753 1865 816 illo
1886 755 1995 836 priore
2016 764 2170 831 noverat,
2196 753 2249 820 vel

243 841 287 925 (si
310 847 423 904 tamen
444 841 507 903 rite
528 840 564 902 in
587 860 625 902 ea
645 837 847 921 proficimus)
876 846 914 900 ut
936 838 1142 903 concidamus
1165 837 1219 903 de-
1272 835 1360 918 quod
1388 857 1455 901 non
1483 837 1531 901 ita
1558 838 1658 919 probe
1687 838 1830 916 tenebat,
1864 839 1917 903 vel
1943 838 2028 920 quod
2055 837 2156 903 verba
2182 861 2249 905 non

243 926 429 1013 speratione
458 948 494 989 ac
518 924 686 1007 desponsis
709 924 825 987 animis
847 923 883 986 in
903 923 1128 1007 praecipitium
1151 947 1220 989 mr·
1272 921 1415 987 habebat
1439 923 1556 1005 quibus
1581 931 1704 988 teottrm
1731 924 1853 1007 alioqui
1873 946 2006 990 sensum
2027 926 2074 988 ita
2096 924 2248 991 dmfinote

242 1033 389 1076 ruamus.
434 1012 476 1075 In
502 1010 589 1074 hune
616 1018 702 1073 certe
724 1006 857 1072 modum
879 1008 970 1072 illine
992 1011 1221 1074 examinantur
1271 1016 1305 1073 et
1329 1009 1499 1091 perspicuo
1527 1007 1714 1091 explicaret.
1759 1011 1873 1092 Neque
1901 1019 2012 1074 tamon
2038 1013 2072 1074 in
2100 1010 2248 1094 reprobis

242 1098 389 1180 reprobi,
424 1095 481 1161 sed
514 1097 553 1161 ob
576 1092 682 1160 'animi
706 1095 967 1159 obstinationem.
1012 1095 1110 1177 Apud
1137 1095 1221 1160 filios
1271 1115 1399 1176 quoque
1438 1095 1517 1176 ipsis
1556 1095 1700 1176 primum
1740 1096 1802 1160 hoo
1835 1096 1915 1178 logis
1954 1098 2099 1160 officium
2131 1108 2245 1162 cessat.

243 1184 310 1248 Dei
331 1183 432 1247 alium
454 1203 523 1246 esse
546 1181 734 1245 eruditionis
751 1182 851 1245 finem
870 1181 1029 1245 convenit.
1063 1181 1132 1244 Nos
1149 1183 1221 1262 qui-
1271 1177 1470 1262 Quanquam
1498 1182 1684 1245 enimcum
1707 1182 1783 1246 filiis
1804 1183 1868 1247 Dei
1896 1204 1963 1246 non
1982 1184 2152 1264 hucusque
2173 1205 2248 1266 per·

244 1264 320 1333 dem
347 1268 467 1334 iudicio
496 1268 576 1349 logis
604 1266 775 1330 damnatos
799 1287 868 1330 esse
896 1273 1034 1331 testatur
1056 1266 1221 1348 apostolus
1272 1277 1365 1348 gunt,
1389 1277 1427 1329 ut
1449 1274 1522 1347 post
1539 1267 1648 1331 carnis
1658 1268 1852 1332 deiectionem
1874 1268 2028 1332 interiore
2046 1269 2179 1334 homine
2196 1291 2248 1334 re-

244 1352 356 1435 (Rom.
377 1358 405 1431 3,
428 1353 496 1433 19),
527 1374 589 1434 quo
612 1374 708 1416 omne
735 1374 771 1416 os
793 1352 983 1417 obstruatur
1005 1362 1038 1416 et
1060 1353 1220 1417 obnoxius
1272 1359 1433 1417 noventur
1455 1374 1492 1417 ao
1514 1354 1740 1431 reflorescant,
1764 1355 1820 1418 sed
1842 1354 1947 1435 primo
1970 1364 2092 1418 terrore
2115 1357 2249 1420 attoniti

243 1439 401 1505 reddatur
433 1441 540 1503 omnis
570 1438 715 1503 mundus
741 1438 822 1502 Deo.
872 1438 967 1502 Idem
999 1447 1109 1502 tamen
1143 1438 1220 1503 alibi
1271 1436 1306 1500 in
1329 1437 1554 1520 desperatione
1577 1440 1691 1516 iacent,
1715 1440 1891 1521 pertinet¹)
1913 1449 2025 1504 tamon
2046 1440 2088 1504 ad
2109 1443 2248 1506 manile·

245 1525 336 1611 (ibid.
359 1528 487 1607 usar)
510 1523 617 1603 docet,
645 1524 755 1588 Deum
776 1546 890 1589 omnes
911 1524 972 1589 sub
993 1524 1220 1589 incredulitate
1272 1523 1422 1588 standam
1446 1523 1549 1588 divini
1571 1524 1684 1590 iudicii
1702 1528 1898 1607 aequitatem
1917 1527 2076 1590 eiusmodi
2095 1526 2248 1592 fluetibus

238 1610 451 1688 conclusisse,
474 1631 542 1673 non
565 1617 602 1673 ut
623 1608 753 1691 perdat,
784 1618 841 1674 aut
862 1631 975 1675 onmes
995 1612 1102 1694 perire
1125 1612 1220 1686 siriat,
1272 1628 1386 1672 eorum
1424 1611 1637 1675 conscientias
1676 1613 1844 1695 exergitari.
1900 1609 2071 1693 Siquidem
2110 1612 2249 1677 libenter

242 1695 301 1762 sed
324 1703 362 1758 ut
383 1696 530 1759 omnium
548 1698 750 1759 misereatur.
783 1696 910 1777 Nempe
932 1703 978 1774 ut,
1002 1696 1123 1760 omissa
1144 1717 1222 1760 suae
1273 1713 1401 1774 semper
1422 1697 1559 1779 eupiunt
1581 1696 1738 1762 adversus
1761 1698 1825 1762 Dei
1847 1696 2004 1761 iudicium
2022 1699 2247 1782 torgIversari;

242 1782 374 1847 virtutis
395 1780 515 1845 stolida
536 1782 702 1862 opinione,
725 1781 795 1846 sola
816 1782 879 1846 Dei
901 1803 1002 1846 manu
1024 1790 1111 1846 stare
1133 1803 1167 1846 se
1190 1790 1223 1846 et
1274 1801 1361 1843 nunc
1394 1780 1450 1844 illo
1478 1780 1625 1846 nondum
1651 1784 1827 1865 patefacto,
1861 1784 1943 1863 legis
1971 1792 2083 1849 tamen
2109 1794 2144 1849 et
2169 1807 2249 1852 eon·

242 1868 421 1934 consistere
442 1866 645 1949 intelligant,
674 1874 711 1930 ut
732 1867 813 1931 nudi
835 1875 869 1931 et
889 1869 983 1933 vacui
1007 1867 1048 1931 ad
1070 1870 1140 1932 eius
1160 1869 1221 1931 mi·
1273 1866 1427 1930 scientiae
1448 1868 1631 1933 testimonio
1654 1870 1700 1933 sio
1721 1871 1934 1948 consternati,
1957 1870 1992 1933 in
2013 1892 2049 1935 se
2070 1871 2152 1952 ipsis
2171 1890 2249 1954 pro·

242 1952 453 2020 sericordiam
475 1954 673 2036 confugiant,
696 1953 731 2015 in
753 1952 838 2018 hano
859 1974 895 2017 se
917 1955 977 2017 toti
996 1953 1163 2031 reclinent,
1187 1955 1222 2017 in
1274 1950 1358 2014 dunt
1379 1950 1457 2032 quid
1479 1953 1586 2017 meriti
1608 1954 1683 2018 sint.

243 2041 330 2107 hanc
352 2041 484 2120 penitus
507 2059 542 2102 se
566 2038 701 2117 abdant,
730 2038 815 2103 hano
840 2060 940 2103 unam
962 2061 1021 2121 pro
1041 2040 1166 2104 iustitia
1189 2047 1222 2103 et
1364 2041 1410 2099 10.
1456 2034 1648 2102 Secundum
1663 2040 1745 2123 legis
1767 2042 1911 2104 officium
1933 2049 1990 2118 est,
2021 2052 2059 2105 ut
2081 2043 2138 2124 qui
2158 2043 2250 2108 nulla

244 2125 372 2190 moritis
396 2125 565 2205 arripiant,
584 2145 668 2206 quae
691 2123 840 2189 omnibus
862 2126 896 2188 in
919 2123 1051 2190 Christo
1076 2126 1223 2208 exposita
1274 2123 1353 2186 iusti
1385 2123 1530 2204 rectique
1560 2144 1654 2203 cura,
1688 2127 1752 2190 nisi
1789 2127 1904 2205 eoacti,
1939 2136 2137 2211 tanguntur,
2171 2127 2250 2193 dum

241 2220 302 2291 est,
325 2211 509 2292 quicunque
531 2230 604 2273 eam
627 2231 705 2275 vera
725 2208 790 2274 fide
808 2219 842 2274 et
859 2218 1020 2292 expetunt
1036 2220 1070 2274 et
1088 2233 1221 2294 exspec-
1274 2207 1415 2273 audiunt
1440 2207 1528 2272 dirae
1552 2209 1586 2271 in
1612 2232 1651 2275 ea
1673 2211 1871 2290 sanctiones,
1900 2222 2112 2278 coerceantur
2133 2215 2250 2280 saltem

240 2303 324 2362 tent.
369 2297 461 2360 Deus
494 2296 583 2359 enim
615 2296 649 2359 in
674 2296 758 2379 legia
784 2298 960 2378 praeceptis
991 2297 1121 2362 nonnisi
1146 2319 1221 2380 per·
1272 2315 1453 2377 poenarum
1475 2292 1655 2361 formidine.
1701 2297 1903 2363 coercentur
1925 2308 2049 2378 autem,
2075 2321 2141 2363 non
2163 2300 2250 2382 quod

238 2384 345 2449 fectae
372 2381 525 2458 iustitiae,
554 2401 617 2463 qua
643 2403 703 2446 nos
725 2403 837 2446 omnes
860 2382 1007 2447 destituti
1025 2404 1148 2461 sumus,
1170 2405 1221 2447 re·
1273 2380 1409 2444 interior
1435 2400 1550 2444 eorum
1579 2380 1706 2447 animus
1732 2395 1963 2465 permoveatur
1991 2392 2049 2450 aut
2076 2386 2247 2465 afficiatur,

241 2475 446 2540 munerator,
481 2476 595 2531 eontra
625 2476 733 2532 autem
767 2489 901 2533 severus
933 2469 1093 2534 scelerum
1121 2468 1220 2533 iudex
1272 2465 1330 2529 sed
1351 2466 1442 2548 quia,
1471 2472 1627 2547 tanquam
1650 2466 1767 2534 iniecto
1788 2471 1916 2546 fraeno,
1945 2491 2065 2535 manus
2094 2472 2135 2537 ab
2158 2482 2248 2537 exte-

242 2561 386 2637 apparet
441 2554 483 2617 In
510 2552 643 2618 Christo
672 2563 781 2619 autem
807 2555 905 2619 facies
933 2555 1004 2618 eius
1030 2555 1155 2638 gratiae
1183 2577 1220 2620 ac
1272 2552 1352 2615 riori
1380 2571 1478 2634 opere
1500 2551 1677 2629 continent,
1703 2560 1841 2620 etsuam
1864 2557 2063 2639 pravitatem
2083 2558 2174 2621 intus
2196 2578 2248 2622 oo-

236 2640 385 2705 ·lenitatis
406 2638 513 2721 plena,
537 2660 616 2722 erga
637 2641 773 2705 miseros
795 2641 896 2704 etiam
918 2661 956 2705 ao
973 2640 1124 2724 indignos
1145 2662 1220 2723 pec-
1273 2634 1396 2716 hibent,
1419 2657 1517 2719 quam
1540 2635 1661 2718 alioqui
1683 2641 1868 2718 petulanter
1889 2642 2026 2706 effusuri
2048 2654 2149 2708 erant
2192 2643 2248 2706 Ex

240 2734 365 2792 catores
387 2724 518 2789 relucet.
1272 2745 1310 2788 eo
1338 2744 1398 2788 neo
1425 2722 1576 2787 meliores
1598 2721 1731 2802 quidem
1754 2738 1842 2805 sunt,
1872 2749 1933 2794 nec
1955 2726 2044 2811 apud
2064 2729 2175 2793 Deum
2195 2730 2248 2793 iu-

328 2815 356 2875 9.
392 2812 445 2875 De
467 2811 613 2893 profectu
634 2809 675 2873 ad
693 2810 931 2892 implorandam
949 2811 1061 2877 auxilii
1140 2813 1221 2877 tiam
1272 2810 1398 2874 stiores.
1442 2808 1530 2872 Nam
1552 2808 1685 2872 tametsi
1706 2807 1759 2872 vel
1781 2816 1903 2878 terrere
1925 2814 1979 2879 vel
1998 2813 2124 2897 pudore
2144 2815 2248 2897 impe·

240 2918 337 2981 saepe
359 2897 582 2980 Augustinus3
606 2905 643 2959 ut
664 2917 765 2977 quum
787 2898 899 2962 scribit
920 2832 1221 2981 Hilariozffiubet
1273 2894 1333 2959 diti
1353 2915 1505 2960 exercere
1525 2915 1590 2957 non
1614 2893 1752 2972 audent,
1783 2900 1866 2976 quod
1889 2901 1998 2965 animo
2019 2909 2248 2984 conceperunt,

239 2983 295 3049 lex
323 2992 361 3048 ut
387 2984 493 3048 facere
514 2984 604 3047 iussa
625 2983 748 3060 conati,
777 2991 809 3046 et
835 2983 869 3047 in
893 2991 1006 3048 nostra
1029 2984 1220 3048 infirmitate
1273 3002 1333 3046 neo
1362 3001 1441 3046 suae
1469 2978 1616 3044 libidinis
1644 2980 1746 3044 furias
1767 2981 1877 3063 palam
1897 2986 2023 3065 efflare,
2052 3008 2108 3052 oor
2135 2995 2248 3052 tamen

238 3071 302 3134 sub
325 3070 397 3152 lege
419 3069 562 3151 fatigati,
592 3066 790 3132 adiutorium
817 3069 942 3152 gratiae
964 3090 1097 3152 poscere
1120 3091 1220 3135 nove·
1272 3088 1339 3130 non
1361 3067 1485 3131 habent
1506 3066 1725 3149 compositum
1746 3065 1789 3131 ad
1806 3068 1955 3137 timorem
1973 3081 2007 3138 et
2029 3071 2248 3137 obedientiam

240 3155 353 3220 rimus.
385 3153 470 3218 Item
488 3152 663 3237 Aselliozss)
685 3153 809 3218 utilitas
831 3155 913 3238 legis
931 3164 982 3220 est
999 3163 1037 3219 ut
1053 3155 1221 3221 hominem
1272 3153 1350 3232 Dei;
1380 3154 1446 3216 lmo
1473 3172 1537 3234 quo
1560 3152 1666 3236 magis
1687 3173 1758 3217 sese
1780 3152 1942 3233 retinent,
1960 3179 1998 3224 ee
2019 3158 2136 3222 fortius
2157 3158 2248 3222 intus

240 3240 282 3306 de
315 3261 376 3306 sua
395 3240 586 3304 infirmitate
607 3240 779 3305 convineat
804 3248 838 3306 et
865 3242 990 3325 gratiae
1012 3242 1218 3322 medicinam,
1272 3237 1504 3314 accenduntur,
1526 3238 1665 3316 fervent,
1687 3238 1840 3317 bulliunt,
1863 3241 1971 3323 parati
2005 3242 2112 3308 uidvis
2128 3244 2247 3323 faeere,

239 3348 322 3410 quae
344 3328 380 3391 in
400 3326 534 3391 Christo
556 3334 619 3405 est,
647 3326 823 3409 implorare
844 3327 1027 3409 compellat.
1069 3328 1154 3393 Item
1177 3328 1219 3392 ad
1272 3332 1305 3388 et
1326 3325 1441 3406 quovis
1461 3344 1683 3406 prorumpere,
1707 3324 1772 3388 nisi
1794 3324 1847 3390 hic
1869 3265 2075 3414 terrorlegis
2092 3328 2246 3395 obstaret

238 3413 470 3481 Innocentium
494 3411 736 3497 Romanum:⁴)
768 3413 859 3478 iubet
891 3413 959 3492 lex;
993 3416 1099 3497 gratia
1132 3415 1219 3479 vires
1271 3410 1341 3476 Nec
1373 3408 1406 3473 id
1436 3409 1558 3489 solum,
1593 3408 1651 3475 sed
1679 3409 1786 3494 legem
1813 3432 1941 3492 quoque
1972 3412 2075 3493 ipsam
2107 3416 2248 3500 pessime

238 3499 358 3583 agendi
380 3499 614 3564 subministrat
659 3498 743 3564 Item
766 3498 999 3650 Valentinofig
1021 3500 1110 3566 iubet
1127 3501 1219 3565 Deus
1271 3495 1420 3573 oderunt,
1444 3503 1477 3560 et
1493 3496 1604 3560 Deum
1626 3496 1847 3580 legislatorem
1864 3508 2084 3578 exsecrantur,
2106 3512 2144 3567 ιιι
2161 3516 2246 3580 eum',

240 3607 323 3669 quae
346 3606 411 3649 non
430 3604 620 3667 possumus,
649 3593 688 3648 ut
709 3586 896 3650 noverimus
920 3586 976 3669 qui
1021 3585 1061 3649 ab
1083 3586 1139 3650 illo
1161 3607 1218 3669 pe-
1271 3583 1468 3664 sipossent,
1496 3583 1640 3646 maxime
1663 3582 1768 3647 velint
1788 3582 1916 3661 tollere,
1945 3604 2045 3666 quem
2073 3606 2130 3654 nee
2157 3595 2247 3653 reeta

238 3678 309 3736 tere
336 3671 519 3736 debeamus.
564 3669 706 3751 Item:⁶)
736 3670 813 3734 data
840 3678 891 3737 est
916 3670 971 3736 lex
1002 3680 1039 3736 ut
1060 3693 1118 3737 vos
1147 3693 1220 3737 reos
1270 3667 1452 3744 iubentem,
1483 3689 1543 3733 nec
1572 3689 1652 3732 suae
1677 3668 1858 3733 maiestatis
1885 3678 2125 3751 contemptores
2149 3673 2246 3738 ulcis·

239 3759 376 3830 faeerea
404 3759 452 3821 rei
474 3757 565 3833 facti,
588 3757 746 3820 timeretis
753 3781 761 3835 ;
790 3758 958 3835 timentes,
981 3757 1220 3841 indulgentiam
1271 3760 1399 3818 centem
1421 3754 1507 3817 ferre
1528 3762 1674 3836 possunt.
1714 3754 1800 3819 Aliis
1822 3755 1954 3836 quidem
1976 3755 2155 3833 obscurius,
2173 3759 2248 3824 aliis

239 3845 417 3928 peteretis;
457 3841 498 3906 de
538 3842 663 3906 viribus
703 3843 820 3908 vestris
859 3865 925 3908 non
958 3845 1218 3925 praesumeretis.
1272 3839 1408 3917 elarius,
1449 3839 1600 3904 omnibus
1638 3848 1749 3905 tamen
1783 3840 1929 3904 nondum
1962 3841 2162 3924 regeneratis
2193 3845 2247 3910 hio

241 3929 380 4012 Itemfi)
402 3927 525 3992 adhoc
549 3927 625 3991 data
647 3935 697 3991 est
716 3928 771 3992 lex
793 3936 830 3992 ut
847 3929 887 3993 de
904 3950 1025 4012 magno
1044 3929 1219 4013 parvulum
1272 3945 1388 3990 sensus
1415 3925 1516 4002 inest,
1552 3934 1589 3988 ut
1616 3947 1683 3990 non
1712 3926 1900 3992 voluntaria
1927 3926 2158 4003 submissione,
2192 3929 2248 3992 sed

242 4016 378 4092 laceret;
406 4021 496 4077 utto
518 4012 740 4079 adjustitiam
760 4016 847 4080 vires
869 4014 910 4079 de
932 4024 988 4079 tuo
1009 4037 1078 4079 non
1099 4016 1220 4080 habere
1271 4011 1368 4076 inviti
1400 4030 1438 4074 ac
1465 4011 1669 4089 restitantes,
1703 4020 1835 4076 tantum
1868 4013 1996 4077 timoris
2023 4012 2178 4079 violentia
2208 4012 2250 4075 ad

242 4107 456 4176 monstraret,
486 4122 523 4166 ae
546 4099 631 4184 siefl)
654 4099 763 4182 inops,
790 4101 945 4185 indignus
973 4122 1011 4167 ao
1033 4122 1156 4184 egenus
1178 4100 1220 4163 ad
1272 4096 1354 4181 legis
1383 4096 1531 4160 studium
1557 4097 1742 4162 trahantur.
1793 4096 1861 4163 Sed
1889 4107 2000 4164 tamen
2027 4098 2109 4163 haee
2140 4107 2250 4163 eoaota

304 4187 383 4249 tiam
417 4186 615 4268 confugeres.
665 4188 786 4251 Postea
818 4208 1002 4251 sermonem
1036 4186 1078 4250 ad
1109 4187 1220 4252 Deum
1273 4202 1491 4265 expressaque
1521 4183 1647 4248 iustitia
1675 4185 1859 4250 necessaria
1892 4193 1943 4248 est
1969 4182 2118 4267 publicae
2144 4185 2250 4249 homi·

242 4208 369 4357 ffigit:
398 4273 444 4335 ita
464 4272 516 4337 fao
537 4272 693 4351 Domine,
717 4273 763 4336 ita
784 4274 835 4336 lac
856 4273 1040 4338 misericors
1059 4274 1219 4337 Domine:
1272 4289 1354 4332 num
1372 4269 1611 4347 communita-ti,
1630 4270 1724 4335 cuius
1742 4271 1795 4336 hio
1813 4270 2044 4352 tranquillitati
2060 4271 2248 4347 consulitur,

240 4361 368 4442 impera
412 4358 498 4440 quod
542 4380 608 4422 non
653 4360 756 4440 possit
796 4357 944 4441 impleri;
990 4359 1056 4420 imo
1095 4359 1141 4421 im
1164 4380 1221 4423 era
1273 4353 1353 4419 dum
1392 4360 1528 4419 cavetur
1566 4377 1609 4419 ne
1653 4357 1764 4421 omnia
1802 4357 2063 4439 permisceantur
2094 4356 2249 4434 tumultu,

242 4445 328 4529 quod
362 4467 427 4510 non
459 4444 523 4509 nisi
555 4465 614 4526 per
646 4446 787 4528 gratiam
821 4452 912 4508 tuam
945 4444 1048 4527 possit
1072 4381 1219 4527 impleri;
1272 4439 1395 4525 qu0d2)
1414 4440 1508 4504 fieret
1526 4441 1554 4505 si
1574 4441 1685 4507 omnia
1702 4440 1855 4507 omnibus
1871 4443 2017 4508 licerent.
2046 4441 2250 4523 Quinetiam

241 4540 281 4598 ut
308 4554 409 4614 quum
436 4532 587 4596 homines
615 4528 649 4594 id
679 4530 817 4614 implere
848 4551 908 4612 per
940 4550 1018 4596 suas
1044 4530 1133 4594 vires
1161 4552 1220 4594 ne·
1271 4526 1349 4592 filiis
1374 4527 1440 4591 Dei
1466 4548 1532 4590 non
1562 4536 1614 4592 est
1640 4529 1756 4593 inutile
1784 4530 1846 4593 hac
1871 4527 2073 4612 paedagogia
2094 4528 2248 4604 exerceri,

241 4618 422 4702 quiverint,
450 4640 546 4683 omno
573 4639 609 4682 os
638 4617 841 4693 obstruatur,
871 4623 905 4680 et
925 4637 1022 4681 nemo
1043 4615 1106 4681 sibi
1128 4638 1220 4700 mag-
1271 4613 1463 4695 quantisper
1494 4622 1572 4678 ante
1594 4615 1807 4693 vocationem,
1837 4616 1956 4698 spiritu
1983 4614 2248 4680 sanctificationis

241 4726 306 4770 nus
325 4705 488 4783 videatur;
510 4704 579 4769 sint
598 4724 711 4768 omnes
729 4701 868 4785 parvuli,
890 4710 925 4766 et
947 4724 1022 4768 reus
1039 4705 1098 4768 fiat
1114 4704 1220 4768 omnis
1272 4696 1434 4778 destituti,
1463 4699 1652 4781 insipientia
1679 4702 1786 4765 carnis
1813 4699 1996 4767 lasciviunt.
2040 4701 2131 4766 Dum
2159 4699 2248 4763 enim

241 4790 386 4855 mundus
408 4811 517 4855 coram
539 4791 620 4854 Deo.
665 4786 733 4853 Sed
761 4809 822 4872 ego
844 4789 976 4871 ineptus
998 4811 1073 4854 sum
1093 4789 1149 4871 qui
1172 4795 1221 4852 tot
1272 4781 1403 4850 divinae
1429 4785 1565 4850 ultionis
1597 4793 1722 4850 terrore
1754 4786 1807 4850 vel
1835 4787 1876 4851 ab
1905 4794 2043 4853 externa
2057 4783 2249 4870 *petulantia

1272 4871 1498 4950 retrahuntur,
1521 4877 1686 4951 utcunque
1703 4870 1850 4936 nondum
1868 4873 1978 4938 animo
1996 4871 2110 4939 domiti
2130 4890 2249 4953 parum

244 4913 436 5026 misli-dd.
458 4966 555 5012 recent.
577 4960 721 5094 defaqigffikri
745 4934 827 5027 (1607'
846 4974 872 5013 ee
890 4977 936 5028 q..
1032 4959 1064 5080 ιζ
1080 4959 1167 5028 Epist
1185 4956 1220 5010 89

242 5024 374 5150 libila
391 5024 658 5163 grillblllllailllo.
677 5028 718 5149 ld.
779 5025 830 5161 6)4
901 5026 1114 5150 illlllllltlleili.
1134 5094 1158 5162 1,
1178 5025 1220 5150 llll
1341 5094 1370 5162 1)
1400 5092 1475 5146 aad.
1504 5092 1653 5171 mellae
1681 5096 1843 5174 ecoeaaoree
1870 5095 1954 5150 mele:
2024 5095 2127 5149 rtinem
2156 5091 2246 5162 (1617.

241 5162 656 5300 Ξὲηῗνξὲξξιᾶὃῃὲῗιιικὲἰῖ,
674 5162 699 5217 3.
796 5164 826 5232 8)
844 5166 884 5218 sio
905 5167 971 5222 bem
990 5164 1052 5220 eda.
1070 5181 1161 5220 omnes
1177 5181 1219 5219 re·
1271 5160 1473 5300 {ffilfflet
1488 5159 1630 5215 walacra
1644 5163 1747 5230 petor).
1807 5163 1837 5229 2)
1850 5162 1924 5219 ΕΜ
1938 5163 1988 5217 161
2007 5161 2112 5219 .1654.·
2129 5165 2247 5218 tumultu
