4672 5842
172 303 234 365 661
416 301 506 367 LIB.
529 302 594 368 ΠΙ.
637 302 702 369 DE
725 301 862 369 MODO
883 302 1235 370 PEROIPOENDAE
1258 304 1688 373 6666616666166.
1734 308 1833 374 OAP.
1858 310 1938 376 XX.
2113 316 2175 376 666

167 491 260 555 dium
279 490 427 573 precibus
452 492 585 555 ianuam
605 492 748 556 claudere
774 492 954 571 admonens,
984 494 1150 557 unanimes
1287 498 1337 557 41.
1357 493 1382 578 ¹)
1420 492 1535 559 Prima
1550 496 1659 575 petitio
1681 501 1733 574 est,
1757 502 1791 560 ut
1811 499 2018 578 sanctificetur
2038 498 2104 564 Dei
2123 521 2176 566 uo

167 582 240 642 uoto
260 597 321 640 sua
343 578 378 640 in
399 596 556 642 commune
575 578 641 641 oult
663 579 806 660 conferre.
861 628 864 633 .
1200 600 1278 657 meu,
1299 580 1390 643 cuius
1411 580 1577 645 mcessitas
1598 601 1710 663 666966
1731 601 1802 646 cum
1821 588 1925 649 nostro
1947 584 2088 649 dedecore
2108 606 2176 651 con-

254 668 306 727 40.
350 661 566 740 Adscribitur,
589 664 698 745 ipsum
719 664 845 728 6666111
867 663 974 728 coelis.
1009 664 1064 727 Ex
1085 686 1148 747 quo
1200 666 1305 729 iuncta
1326 670 1378 729 est.
1430 666 1513 746 Quid
1533 668 1615 730 enim
1634 668 1738 748 166916
1758 668 1923 750 indignum
1945 690 2041 750 quam
2061 677 2096 734 ut
2111 670 2177 736 1161

165 772 234 815 666
253 749 404 832 protinus
421 749 680 813 ratiocinandum
703 758 761 826 666,
783 751 891 831 ipsum
912 749 993 813 coeli
1010 750 1148 814 circum·
1198 752 1332 834 ploriam
1366 750 1504 815 obscuret
1526 753 1650 832 partim
1681 758 1789 817 nostra
1821 755 2026 837 inpratitudc,
2052 759 2176 837 partim

168 837 315 913 16666616,
337 837 429 917 quasi
448 834 600 900 cancellis
622 835 825 917 quibusdam,
848 835 1012 901 inclusum
1035 837 1148 900 66611·-
1200 836 1397 918 molipnitos;
1413 836 1551 901 arrdacia
1567 858 1637 901 cero
1655 838 1821 919 ctfuriosa
1832 842 2002 919 protervia,
2025 847 2176 922 quantum

169 922 405 1003 cumscriptum
427 921 563 1004 alligari
598 918 769 1002 Siquidem
786 931 821 985 66
837 918 993 986 Salomon
1011 922 1042 1004 (l
1063 922 1146 1006 Reg.
1199 924 1234 985 in
1251 943 1285 986 se
1301 922 1489 998 estanar?
1519 920 1657 1002 Orepent,
1674 924 1750 1000 licet,
1767 945 1870 988 omnes
1884 925 1979 1007 impii
1996 929 2175 992 crcmsacri-

171 1013 201 1086 8,
225 1007 280 1092 27)
309 1008 482 1072 confitetur
509 1007 616 1072 coelos
643 1007 807 1071 coelorum
834 1028 909 1070 eum
936 1027 1052 1089 capere
1081 1029 1148 1072 non
1201 1007 1269 1090 1696
1284 1027 1344 1071 sua
1361 1007 1498 1084 libidine,
1520 1007 1652 1090 refulget
1671 1015 1774 1074 tamen
1788 1012 1924 1074 nominis
1937 1010 2002 1076 Dei
2016 1015 2173 1078 sanctitas.

169 1115 272 1179 posse.
318 1091 1147 1178 Ε61966966Ρ6ορ1166616(166.66,11616666·
1201 1094 1268 1157 Nec
1294 1092 1351 1156 abs
1377 1114 1411 1157 re
1437 1094 1589 1157 exclamat
1609 1094 1762 1176 propbeta
1787 1095 1888 1179 (Psal.
1913 1099 1968 1174 46,
1996 1099 2065 1182 11).·
2096 1100 2176 1163 siat

170 1181 239 1244 lum
272 1199 367 1244 suam
398 1177 509 1242 sedem
542 1200 630 1256 esso,
670 1186 793 1244 terram
826 1187 936 1242 autem
969 1178 1147 1243 scabellum
1199 1199 1308 1244 nomeu
1328 1183 1417 1242 tuum
1433 1178 1530 1258 11616,
1558 1181 1605 1242 116
1627 1179 1700 1244 laus
1717 1185 1772 1244 tuo
1795 1182 1832 1244 in
1854 1201 1957 1246 661666
1971 1184 2050 1264 fines
2065 1189 2174 1249 terrae.

168 1265 291 1349 pedum
317 1285 459 1328 suorum.
481 1319 482 1322 ,
505 1263 579 1345 Quo
607 1264 731 1329 66111666
759 1256 936 1348 significat',
966 1286 1033 1328 non
1060 1274 1148 1330 66666
1202 1264 1288 1329 Nam
1309 1263 1482 1346 ubicunque
1503 1266 1670 1329 innotuerit
1690 1265 1962 1346 Deus,1ierinon
1979 1271 2175 1350 9616619616
2264 1296 2268 1303 ·

94 1353 99 1359 ”
169 1352 280 1434 aliqua
306 1349 440 1434 regione
467 1372 502 1414 66
527 1350 677 1427 limitari,
707 1349 764 1414 661
785 1349 924 1414 diffundi
950 1371 1010 1431 per
1036 1352 1148 1416 omnia
1199 1371 1232 1415 66
1247 1351 1412 1432 motmunt
1432 1351 1501 1414 6166
1519 1351 1659 1428 mantes,
1676 1353 1833 1431 potenn'a,
1855 1351 1984 1432 bonitas,
2009 1354 2173 1434 sapientia,

169 1438 258 1521 (Act.
279 1440 312 1514 7,
332 1440 373 1499 48
397 1444 430 1500 66
454 1439 508 1512 17,
530 1435 595 1519 24).
640 1436 768 1500 Verum
792 1437 872 1518 quia
899 1434 1147 1501 611666166666-
1199 1437 1338 1513 iustitio,
1359 1437 1588 1514 misericordia,
1611 1438 1741 1514 ceritas,
1763 1438 1874 1516 quiin
1896 1440 1965 1504 6166
1991 1439 2173 1505 admiratio-

167 1522 307 1587 rabilem
329 1522 398 1586 eius
420 1521 558 1605 gloriam
585 1543 679 1585 mens
700 1527 814 1586 nostra
836 1542 895 1603 pro
918 1543 979 1585 sua
1000 1522 1147 1587 crassitie
1198 1543 1269 1587 nem
1288 1542 1346 1586 nos
1366 1523 1514 1603 rapiant,
1528 1526 1558 1584 et
1576 1523 1699 1586 16611661
1719 1523 1762 1586 61
1783 1523 1995 1589 celebrandam
2016 1528 2085 1591 eins
2105 1526 2173 1590 166·

168 1610 337 1690 concipere
364 1629 430 1671 666
449 1615 593 1690 poterat,
621 1606 716 1671 661116
741 1627 801 1689 por
828 1606 954 1671 coelum
978 1607 1147 1691 designata
1199 1608 1276 1672 dnn.
1324 1609 1407 1688 Quia
1433 1627 1504 1690 erpo
1530 1611 1595 1670 tarn
1621 1607 1748 1689 indigne
1774 1629 1834 1672 sua
1856 1607 1925 1673 Dec
1945 1612 2095 1676 sandius
2114 1613 2173 1675 eri

167 1702 232 1773 est,
263 1714 328 1776 quo
354 1692 438 1756 nihil
460 1694 632 1776 augustius
660 1700 717 1757 666
737 1693 908 1757 maiestate
934 1693 1064 1774 plenius
1086 1692 1148 1758 sub
1192 1695 1287 1774 pitnr
1308 1694 1345 1757 in
1366 1695 1473 1770 terris,
1496 1694 1526 1757 si
1548 1713 1616 1756 cam
1638 1713 1775 1757 asserere
1796 1694 1884 1759 nobis
1905 1716 1966 1759 non
1987 1696 2090 1774 datur,
2112 1697 2173 1761 sal·

167 1789 337 1876 aspcqtum
369 1787 520 1843 nostrum
552 1779 666 1844 vonirc
694 1786 809 1860 potest
866 1776 1007 1858 Quando
1035 1780 1145 1862 igitur,
1197 1785 1257 1843 1616
1277 1779 1419 1843 16161666
1439 1781 1508 1843 6166
1527 1799 1636 1842 curam
1657 1779 1736 1842 cotis
1757 1781 1921 1861 suscipere.
1968 1781 2098 1845 6161666
2119 1787 2172 1861 661,

167 1866 353 1947 ubicunque
373 1886 444 1929 6661
469 1864 656 1947 quampiam
680 1862 932 1946 apprehendunt
955 1885 1146 1929 666666116-
1197 1869 1233 1928 ut
1253 1870 1391 1946 69161666
1411 1884 1505 1928 66616
1525 1863 1632 1928 baberi
1650 1864 1717 1929 Deo
1738 1865 1882 1930 tortorem
1902 1887 1961 1946 quo
1982 1868 2096 1950 119666
2118 1873 2172 1946 est,

167 1953 237 2030 stri,
261 1951 394 2035 affigere
415 1950 483 2014 illic
504 1950 626 2027 solent,
654 1958 749 2014 extra
770 1970 901 2013 omnem
924 1949 1032 2015 locum
1053 1951 1146 2014 Deus
1197 1955 1231 2015 61
1247 1970 1410 2031 nunquam
1427 1951 1464 2014 de
1480 1953 1549 2032 ipso
1566 1949 1732 2030 loquentiu
1748 1951 1796 2015 cel
1812 1952 1937 2033 repitent
1953 1951 2090 2019 tornines
2107 1955 2175 2019 sine

167 2038 336 2102 statuitur:
364 2044 403 2100 ut
428 2036 507 2100 dum
535 2040 692 2117 quaerore
719 2035 872 2101 volumus
892 2037 1016 2116 ipsum,
1045 2056 1146 2119 supra
1197 2057 1322 2101 summa
1339 2037 1545 2114 6666611666,
1562 2037 1792 2116 cuicpponitur
1802 2037 1992 2118 materiatio,
2011 2059 2176 2119 quaesent-

166 2144 296 2188 omnem
318 2122 463 2204 corporis
487 2130 521 2186 66
542 2122 670 2186 6616166
693 2142 826 2186 sensum
848 2121 1045 2186 attollamur.
1077 2122 1145 2186 Ι)6-
1192 2143 1254 2204 per
1270 2123 1405 2185 nimium
1427 2121 1463 2184 in
1488 2121 1603 2184 666116
1628 2121 1770 2204 culparis
1795 2122 1873 2203 fuit,
1895 2128 1931 2187 ut
1957 2123 2047 2189 lodie
2073 2125 2175 2191 adbuc

166 2210 244 2274 indo
271 2209 334 2272 hac
361 2206 515 2290 loquendi
541 2207 684 2272 formula
711 2226 813 2288 supra
838 2227 969 2271 omnem
998 2216 1056 2271 666
1074 2228 1145 2272 cor·
1195 2213 1371 2291 prassatur.
1415 2207 1520 2288 Atque
1541 2206 1613 2272 linc
1630 2208 1790 2289 petitionis
1810 2211 1991 2288 necessitas,
2013 2230 2121 2291 quam,
2143 2213 2175 2276 si

166 2295 328 2377 ruptionis
355 2302 413 2358 aut
439 2293 631 2357 mutationis
658 2292 765 2357 616616
791 2291 950 2357 avehitur.
999 2293 1145 2357 Domum
1197 2294 1361 2358 6161166116
1386 2294 1468 2357 inter
1494 2312 1550 2356 nos
1571 2294 1676 2373 pietas
1696 2294 1823 2375 ciperet,
1856 2314 2082 2376 superuacuam
2109 2317 2174 2362 esse

165 2383 357 2447 6611666616
380 2379 492 2444 6611616
514 2378 685 2461 complecti
705 2384 739 2442 et
760 2379 925 2442 continere
948 2399 1070 2460 suaque
1087 2399 1145 2460 po·
1197 2378 1327 2444 decebat.
1375 2379 1463 2459 11661
1491 2379 1521 2442 61
1548 2377 1613 2442 1161
1639 2380 1760 2443 11616161
1785 2400 1845 2444 sua
1871 2387 1991 2461 constat¹
2014 2384 2173 2461 6611611166,

167 2469 271 2530 tentia
291 2465 453 2531 moderari
474 2464 684 2548 significatur.
721 2461 834 2544 Quare
856 2463 918 2529 hoo
940 2464 1076 2545 perinde
1096 2472 1147 2529 666
1197 2464 1253 2529 ubi
1275 2464 1315 2528 ab
1335 2465 1412 2529 aliis
1433 2464 1575 2528 66161166
1596 2469 1789 2547 6696696166
1809 2486 1929 2530 nnram
1968 2467 2083 2531 loriam
2109 2468 2174 2549 spi-

167 2554 255 2618 acsi
282 2551 387 2617 dictus
416 2557 502 2616 esset
528 2551 677 2615 infinitae
703 2549 940 2632 magnitudinis
964 2559 1022 2614 aut
1044 2550 1145 2615 subli-
1196 2556 1262 2631 rat,
1291 2550 1342 2614 lic
1361 2570 1423 2614 nan
1443 2555 1564 2615 tantum
1580 2555 1683 2630 petere
1703 2551 1855 2633 1616666,
1882 2557 1918 2617 61
2049 2573 2174 2618 socrum
2271 2626 2274 2630 Α

165 2639 298 2716 16166616,
321 2635 659 2718 incomprehensibilis
681 2636 856 2712 essentiae,
885 2637 1065 2701 immensae
1087 2657 1145 2718 po-
1196 2637 1279 2702 illud
1299 2656 1409 2700 nomen
1430 2635 1468 2699 61
1490 2636 1574 2700 omni
1594 2640 1762 2717 cordcnrptu
1782 2643 1810 2701 et
1835 2639 2010 2720 1966161616
2030 2638 2174 2719 6661166,

166 2725 301 2802 6666166,
330 2731 485 2788 aeternas
506 2721 770 2787 immortalitatis.
815 2721 855 2785 Id
876 2742 954 2786 vero
978 2721 1058 2785 dum
1086 2743 1144 2785 au·
1197 2723 1251 2788 sed
1272 2723 1367 2786 etiam
1384 2726 1420 2784 ut
1436 2721 1479 2786 ad
1499 2723 1568 2785 eius
1588 2723 1789 2786 reverentiam
1810 2725 1933 2806 srrbipat
1952 2728 2048 2787 tatmn
2063 2724 2173 2789 116616·

166 2811 286 2889 dimus,
315 2808 498 2874 exserenda
519 2814 570 2873 est
592 2808 690 2872 6161116
712 2814 826 2872 nostra
845 2807 1013 2892 cogitatio,
1041 2827 1145 2889 quum
1196 2827 1397 2890 6611196666.
1431 2807 1505 2871 Iam
1526 2828 1622 2887 quum
1639 2805 1729 2872 Deus
1743 2811 1867 2888 partim
1882 2809 2031 2887 doctrina,
2049 2811 2172 2891 partim

166 2895 206 2961 16
227 2896 300 2960 Deo
322 2915 429 2959 sermo
451 2902 514 2972 est,
536 2890 778 2977 nequidquam
799 2903 967 2958 terrenum
994 2900 1052 2957 aut
1073 2914 1144 2958 661·-
1197 2893 1341 2975 operibns
1361 2914 1394 2958 se
1414 2892 1502 2957 nobis
1522 2893 1710 2973 manifestet,
1731 2914 1794 2959 non
1815 2894 1910 2960 aliter
1930 2917 1952 2959 a
1972 2895 2062 2960 nabis
2081 2915 2171 2960 sauc-

166 2980 239 3047 nale
267 2980 308 3045 16
335 3001 374 3044 co
401 2981 614 3059 somniamus,
649 3001 691 3044 66
719 2980 830 3062 ipsum
855 2979 976 3045 nostris
1003 2978 1144 3044 modulis
1196 2979 1341 3061 titicatm,
1362 2999 1458 3060 quam
1478 2979 1509 3043 si
1529 2983 1662 3059 6116966
1686 2981 1719 3042 16
1732 2985 1826 3061 parte
1842 2979 2019 3045 tribuamus
2040 2981 2070 3045 61
2090 2981 2172 3063 quod

164 3069 351 3147 metiamur,
373 3087 456 3130 nevo
477 3067 548 3132 61116
570 3065 774 3133 voluntatem
795 3062 838 3130 ad
859 3073 989 3130 nostros
1007 3065 1144 3131 affectus
1195 3086 1291 3131 66166
1311 3071 1369 3143 est,
1398 3070 1490 3146 atque
1510 3065 1556 3129 ita
1583 3064 1737 3145 quidquid
1763 3065 1802 3130 ab
1823 3067 1891 3147 ipso
1906 3067 2081 3148 profutura
2101 3067 2170 3144 erit,

164 3155 344 3236 exigamus.
401 3148 508 3216 Simul
542 3152 698 3236 erigenda
728 3158 779 3216 est
810 3160 923 3215 nostra
955 3151 1075 3215 fidncia
1107 3151 1144 3214 in
1195 3150 1423 3233 anrplemmur,
1450 3170 1504 3214 nec
1531 3150 1656 3215 lauaem
1683 3170 1775 3215 suam
1802 3153 1887 3232 apud
1910 3171 1967 3215 nos
1992 3152 2100 3216 minus
2120 3151 2170 3217 ob-

164 3242 288 3319 ipsum,
318 3238 411 3304 cuius
440 3236 646 3320 providentia
667 3237 844 3302 6611661166
871 3235 1000 3303 66611116
1021 3243 1056 3301 et
1077 3243 1143 3300 ter-
1194 3239 1289 3302 1111661
1309 3239 1379 3302 eius
1400 3237 1547 3301 scenitas
1568 3256 1664 3317 quam
1690 3237 1867 3316 currentia,
1892 3237 2016 3319 quando
2035 3238 2073 3302 in
2092 3237 2172 3302 mul·

165 3344 235 3387 6616
258 3322 436 3406 gubernari
456 3322 680 3406 intelligimus.
727 3321 858 3387 Summa
878 3324 933 3400 sit,
962 3322 1020 3388 aab
1035 3324 1144 3404 patris
1193 3323 1295 3405 tiplici
1316 3343 1444 3405 operuere
1464 3322 1642 3386 dicacitate
1656 3322 1776 3404 planiae
1795 3344 1874 3388 suae
1889 3328 1979 3388 notos
1997 3323 2170 3406 inscripsit,

102 3484 108 3489 ¹
164 3408 289 3472 6661166
308 3406 396 3472 66116
416 3409 453 3472 16
474 3408 572 3473 mulio
593 3409 690 3472 statui
706 3406 812 3471 Deum
831 3408 923 3474 illum
940 3409 1048 3489 quiin
1064 3409 1144 3472 iona·
1193 3429 1273 3490 quae
1300 3409 1518 3491 mnfessionem
1544 3407 1652 3471 laudis
1681 3409 1789 3472 meritc
1816 3429 1856 3473 ecc
1883 3408 2025 3474 61661166
2052 3408 2171 3492 1169616

162 3494 236 3577 plne
263 3514 324 3558 suo
351 3491 439 3558 nobis
465 3495 629 3574 apparmt,
652 3498 688 3557 61
708 3499 790 3558 certa
807 3493 870 3574 tide
891 3495 1061 3572 1116666161,
1089 3512 1143 3557 nec
1194 3494 1338 3577 eliciat.²)
1383 3493 1439 3558 116
1457 3493 1510 3574 fiet
1529 3498 1566 3557 ut
1585 3494 1744 3573 scriptura
1764 3494 1883 3559 iustam
1902 3495 1989 3577 apud
2008 3515 2065 3561 nos
2086 3499 2171 3560 6616-

163 3579 408 3661 661οῇ166166
435 3579 542 3659 aptari
567 3579 859 3661 166611666961116
881 3599 1004 3656 nomen,
1033 3598 1143 3643 cerum
1193 3581 1318 3644 ritatem
1344 3579 1489 3657 obtineat,
1517 3600 1572 3644 nec
1597 3579 1683 3644 ultus
1709 3585 1834 3645 mentua
1860 3582 2011 3662 nrrpediat
2036 3580 2171 3646 benedic

163 3667 259 3732 etiam
285 3665 329 3730 ad
355 3665 532 3729 retinendas
559 3670 673 3729 mentes
698 3664 802 3729 661666
828 3685 867 3730 ne
893 3666 936 3729 ad
956 3663 1067 3731 dubios
1093 3665 1143 3730 ccl
1193 3667 1306 3732 tionem
1326 3685 1422 3746 quom
1442 3665 1533 3730 Deus
1553 3666 1590 3728 in
1615 3670 1673 3729 tcto
1692 3666 1926 3748 pubmnationis
1946 3667 2057 3731 mundi
2078 3687 2173 3731 cursu

161 3751 288 3833 fiditios
307 3751 380 3816 deos
402 3749 584 3830 trabuntur,
607 3751 662 3815 sed
678 3751 718 3815 ab
746 3751 905 3834 1161966116
924 3750 992 3832 filio
1008 3751 1052 3815 od
1071 3752 1143 3814 uni·
1193 3757 1335 3817 meretur.
1381 3750 1453 3816 Huc
1479 3752 1573 3816 etiam
1598 3770 1727 3814 numm
1752 3753 1848 3817 166111
1861 3753 1985 3833 pallio,
2013 3756 2049 3815 61
2070 3753 2172 3816 minis

162 3858 234 3904 cum
251 3835 432 3920 6696161616
450 3842 478 3900 et
498 3836 639 3902 66166166
652 3841 777 3919 patrem
793 3837 1011 3917 conscendant,
1031 3836 1142 3902 161616
1193 3839 1339 3920 impietas
1355 3857 1436 3918 quae
1455 3843 1596 3902 sumtum
1613 3836 1667 3901 loc
1687 3857 1794 3901 nomen
1811 3837 1935 3918 polluit,
1952 3841 2064 3916 pereot
2080 3841 2172 3916 atque

160 3925 244 4005 quod
270 3921 385 3987 solium
412 3923 481 3987 eins
507 3922 686 3987 1666161111
706 3922 812 4002 coelis,
840 3944 879 3987 ecc
898 3925 1011 3988 mundi
1035 3922 1143 4005 96166·
1194 3924 1366 4002 aboleatur;
1387 3943 1587 4004 quaecunque
1608 3921 1686 3986 lanc
1706 3922 1979 4002 sanctificationen
1995 3920 2170 4001 obscurant,

161 4010 285 4075 natione
299 4008 585 4089 noscommonqteri
600 4029 663 4075 uon
678 4008 803 4089 1661116
819 4010 863 4075 61
879 4029 949 4074 eum
965 4009 1143 4073 6666611116
1193 4015 1251 4074 aut
1270 4010 1463 4085 diminuunt,
1491 4013 1556 4071 tam
1583 4006 1809 4072 obtrectationes
1834 4027 1929 4088 96661
1956 4007 2096 4082 16111116
2121 4008 2171 4089 fo-

162 4097 219 4177 qui
243 4095 407 4178 praesenti
439 4114 516 4159 arra
544 4099 651 4175 sponte
681 4095 822 4158 ocarrrit
876 4096 939 4176 Qui
965 4095 1008 4158 ad
1035 4093 1142 4159 Deum
1193 4098 1334 4175 cessant,·
1366 4114 1404 4159 ac
1434 4095 1511 4158 dum
1543 4093 1709 4173 sacrilepia
1740 4095 1844 4157 omnia
1877 4094 2039 4176 compescit
2070 4093 2169 4172 Deus,

162 4183 322 4259 66661661,
351 4181 456 4260 inquit
482 4179 640 4262 6916616166
717 4180 782 4245 ebr.
805 4184 857 4259 ll,
883 4179 933 4263 6),
961 4200 1011 4244 eos
1032 4181 1142 4260 primo
1193 4181 1297 4264 616916
1319 4201 1355 4245 ac
1375 4176 1570 4260 1669161166
1592 4177 1738 4240 clarescat
1758 4179 1827 4243 eius
1848 4181 2004 4245 maiestas.
2167 4207 2169 4210 ⁴

163 4267 283 4333 credam
304 4270 419 4347 oportet
441 4264 545 4330 Deum
564 4284 646 4343 esse,·
710 4266 776 4330 'nde
800 4271 1060 4330 remuneratorem
1080 4285 1143 4329 om·
1281 4270 1332 4328 42.
1386 4263 1528 4328 Secundo
1550 4263 1675 4343 petitio,
1703 4269 1739 4326 ut
1768 4264 1914 4330 adveniat
1940 4286 2068 4349 repnum
2095 4264 2169 4343 1161,

163 4352 257 4416 nibus
283 4353 339 4434 qui
367 4351 471 4432 ipsum
503 4355 665 4432 96661661.
721 4347 890 4432 Utrumque
917 4351 967 4416 lic
997 4350 1143 4417 burnus
1194 4372 1273 4432 quae
1298 4351 1357 4415 etsi
1382 4347 1463 4413 nibil
1495 4348 1624 4413 continet
1644 4367 1764 4426 666616,
1792 4370 1814 4413 6
1835 4351 1946 4430 prima
1978 4352 2081 4415 166166
2107 4369 2169 4414 non
2220 4350 2225 4361 '

157 4439 329 4520 patrimo
349 4439 472 4516 asserit,
494 4438 581 4501 utin
602 4437 670 4518 ipsc
691 4436 823 4501 sistatur
837 4436 916 4517 fides
932 4443 1046 4502 666116.
1079 4435 1143 4500 116-
1194 4437 1262 4501 sine
1287 4438 1408 4501 ratione
1434 4434 1655 4517 amimalium
1681 4435 1758 4515 quia
1779 4437 1810 4500 si
1835 4440 1974 4500 nostram
1992 4438 2028 4499 in
2051 4456 2086 4499 re
2107 4454 2168 4499 orn·

163 4524 237 4589 1616
264 4527 299 4587 ut
324 4527 403 4588 certo
423 4525 574 4604 persensi
600 4523 702 4588 simus
728 4522 859 4587 66161616
884 4529 1024 4588 nostram
1047 4521 1087 4586 ab
1107 4543 1142 4586 eo
1194 4523 1283 4586 nium
1304 4521 1447 4586 munima
1467 4520 1701 4585 somnolentiam
1721 4522 1932 4602 mpmdimus,
1955 4520 2038 4603 quod
2053 4541 2113 4602 per
2136 4541 2169 4585 se

162 4631 226 4675 non
252 4608 382 4692 6691191,
416 4609 493 4691 quia
520 4629 613 4675 suam
640 4607 684 4673 ad
708 4628 765 4672 nos
791 4628 890 4690 risque
909 4609 1141 4690 procidentiam
1192 4608 1390 4673 notissimum
1419 4626 1485 4672 esse
1515 4605 1673 4685 16166161,
1701 4606 1852 4688 pluribus
1882 4606 1983 4671 666116
2014 4605 2169 4671 inculcari

163 4695 321 4760 estendam
337 4695 494 4776 11966166.
533 4695 654 4776 Quibus
669 4693 857 4759 nrdimentis
875 4693 1000 4760 Paulus
1020 4713 1076 4758 nos
1098 4694 1142 4759 ad
1193 4712 1304 4777 operae
1318 4693 1460 4773 pretium
1476 4697 1527 4756 est.
1565 4691 1736 4774 Postquam
1752 4692 1943 4776 6196116616
1960 4691 2169 4774 6696616661

166 4781 227 4844 rite
254 4781 408 4845 mondum
436 4786 610 4865 comparat:
642 4800 718 4846 6661
744 4785 909 4861 numnam
935 4780 1039 4845 iubeat
1060 4780 1142 4860 peti-
1192 4800 1312 4858 smnus,
1334 4783 1370 4842 ut
1390 4783 1463 4862 6961
1483 4780 1519 4842 16
1538 4778 1690 4857 crimen,
1719 4797 1756 4842 ac
1776 4778 1900 4843 tandem
1917 4795 2051 4860 prorsrrs
2071 4775 2169 4842 deleat

164 4865 262 4931 tiones
289 4871 413 4930 nostras
438 4887 543 4931 amam
569 4866 639 4935 Deo
666 4868 864 4946 innotescere,
889 4867 1062 4948 praefatur
1088 4865 1143 4929 troc

164 4952 269 5016 modo:
295 4952 334 5016 de
358 4952 449 5017 nullo
475 4974 510 5018 re
536 4954 609 5020 silis
634 4953 775 5032 solliciti,
800 4952 958 5018 Dominus
979 4972 1080 5034 prope
1098 4955 1143 5014 est
1192 4973 1397 4985 -“-··

165 5037 267 5113 (Phil
293 5037 400 5136 4’.6)“
439 5037 542 5136 ,ΜΘ
567 5044 714 5138 ammi
742 5037 920 5104 dubitanter
936 5043 974 5136 ft
994 5036 1143 5119 perplexe
1264 5086 1293 5153 1)
1313 5087 1348 5140 ln
1367 5083 1971 5166 966666166661111666,661661611161161.
1995 5087 2104 5166 omnino
2121 5100 2166 5165 66-

165 5129 235 5188 m
255 5143 368 5190 31111111
388 5143 495 5188 “mm
513 5123 641 5223 3101119191
658 5145 715 5207 W
736 5123 791 5190 1100
811 5123 908 5206 limbi
928 5121 1065 5203 infinum
1081 5139 1142 5184 ''⁰''
1191 5154 1276 5222 plecta
1293 5170 1393 5208 aarum
1410 5161 1491 5208 autor
1509 5154 1654 5220 6616111611,
1676 5154 1799 5222 66196166
1812 5159 1958 5221 petitiones
1974 5168 2033 5207 sues
2048 5155 2167 5208 morus
2235 5201 2237 5206 ,

163 5208 291 5277 babent:
311 5208 433 5282 (1611111111
453 5208 520 5277 Det
539 5229 605 5277 6666
624 5229 721 5294 anper
740 5214 840 5277 6116166
859 5206 963 5289 (Ρεῦ.
983 5209 1034 5287 33,
1056 5202 1119 5288 18)·
1193 5222 1337 5277 1161166166
1354 5224 1474 5290 fumum.
1519 5221 1550 5292 2)
1568 5222 1741 5278 Recmtioree
1756 5223 1905 5277 6611661166
1920 5221 2032 5278 mame.-
2049 5223 2164 5276 6116111111.
