<?xml version="1.0" encoding="UTF-8"?>
<!DOCTYPE html PUBLIC "-//W3C//DTD XHTML 1.0 Transitional//EN"
    "http://www.w3.org/TR/xhtml1/DTD/xhtml1-transitional.dtd">
<html xmlns="http://www.w3.org/1999/xhtml" xml:lang="en" lang="en">
 <head>
  <title>
</title>
<meta http-equiv="Content-Type" content="text/html;charset=utf-8" />
  <meta name='ocr-system' content='tesseract 3.04.00' />
  <meta name='ocr-capabilities' content='ocr_page ocr_carea ocr_par ocr_line ocrx_word'/>
</head>
<body>
  <div class='ocr_page' id='page_1' title='image "./ioanniscalvinii00cunigoog_0127.png"; bbox 0 0 4672 5842; ppageno 0'>
   <div class='ocr_carea' id='block_1_1' title="bbox 229 238 2240 354">
    <p class='ocr_par' dir='ltr' id='par_1_1' title="bbox 229 238 2240 354">
     <span class='ocr_line' id='line_1_1' title="bbox 229 238 2240 354; baseline -0.006 0"><span class='ocrx_word' id='word_1_1' title='bbox 229 290 291 354; x_wconf 79' lang='lat' dir='ltr'>rar</span> <span class='ocrx_word' id='word_1_2' title='bbox 696 321 707 342; x_wconf 81' lang='lat'><strong>·</strong></span> <span class='ocrx_word' id='word_1_3' title='bbox 875 281 1142 352; x_wconf 79' lang='lat' dir='ltr'>memnone</span> <span class='ocrx_word' id='word_1_4' title='bbox 1162 238 1268 349; x_wconf 73' lang='lat' dir='ltr'>anu.</span> <span class='ocrx_word' id='word_1_5' title='bbox 1290 278 1472 348; x_wconf 82' lang='lat' dir='ltr'>onursr.</span> <span class='ocrx_word' id='word_1_6' title='bbox 1497 283 1589 346; x_wconf 79' lang='lat'>1559.</span> <span class='ocrx_word' id='word_1_7' title='bbox 2176 280 2240 343; x_wconf 75' lang='lat' dir='ltr'>aaa</span> 
     </span>
    </p>
   </div>
   <div class='ocr_carea' id='block_1_2' title="bbox 232 467 2245 1161">
    <p class='ocr_par' dir='ltr' id='par_1_2' title="bbox 232 467 2245 1161">
     <span class='ocr_line' id='line_1_2' title="bbox 232 467 2242 562; baseline -0.007 -17"><span class='ocrx_word' id='word_1_8' title='bbox 232 478 312 554; x_wconf 88' lang='lat' dir='ltr'>cari,</span> <span class='ocrx_word' id='word_1_9' title='bbox 335 496 402 541; x_wconf 91' lang='lat' dir='ltr'>non</span> <span class='ocrx_word' id='word_1_10' title='bbox 425 495 508 557; x_wconf 91' lang='lat' dir='ltr'>quae</span> <span class='ocrx_word' id='word_1_11' title='bbox 527 474 653 542; x_wconf 87' lang='lat' dir='ltr'>meritis</span> <span class='ocrx_word' id='word_1_12' title='bbox 683 477 805 541; x_wconf 89' lang='lat' dir='ltr'>uostris</span> <span class='ocrx_word' id='word_1_13' title='bbox 827 474 1021 551; x_wconf 80' lang='lat' dir='ltr'>debeantur,</span> <span class='ocrx_word' id='word_1_14' title='bbox 1051 473 1108 539; x_wconf 88' lang='lat' dir='ltr'>sed</span> <span class='ocrx_word' id='word_1_15' title='bbox 1131 494 1214 556; x_wconf 88' lang='lat' dir='ltr'>quae</span> <span class='ocrx_word' id='word_1_16' title='bbox 1265 473 1473 562; x_wconf 82' lang='lat' dir='ltr'>relinqueret</span> <span class='ocrx_word' id='word_1_17' title='bbox 1517 472 1560 535; x_wconf 90' lang='lat' dir='ltr'>In</span> <span class='ocrx_word' id='word_1_18' title='bbox 1591 492 1654 554; x_wconf 90' lang='lat' dir='ltr'>quo</span> <span class='ocrx_word' id='word_1_19' title='bbox 1681 471 1811 534; x_wconf 87' lang='lat' dir='ltr'>mirum</span> <span class='ocrx_word' id='word_1_20' title='bbox 1843 476 1893 534; x_wconf 86' lang='lat' dir='ltr'>est</span> <span class='ocrx_word' id='word_1_21' title='bbox 1919 475 2027 533; x_wconf 90' lang='lat' dir='ltr'>tantos</span> <span class='ocrx_word' id='word_1_22' title='bbox 2058 467 2146 532; x_wconf 88' lang='lat' dir='ltr'>viros</span> <span class='ocrx_word' id='word_1_23' title='bbox 2178 467 2242 532; x_wconf 91' lang='lat' dir='ltr'>sibi</span> 
     </span>
     <span class='ocr_line' id='line_1_3' title="bbox 235 555 2243 649; baseline -0.005 -22"><span class='ocrx_word' id='word_1_24' title='bbox 235 563 351 649; x_wconf 83' lang='lat' dir='ltr'>gratiis</span> <span class='ocrx_word' id='word_1_25' title='bbox 379 564 443 626; x_wconf 89' lang='lat' dir='ltr'>iam</span> <span class='ocrx_word' id='word_1_26' title='bbox 472 560 600 626; x_wconf 89' lang='lat' dir='ltr'>collatis</span> <span class='ocrx_word' id='word_1_27' title='bbox 629 561 885 626; x_wconf 84' lang='lat' dir='ltr'>retribuantur?&#39;</span> <span class='ocrx_word' id='word_1_28' title='bbox 918 563 1024 626; x_wconf 88' lang='lat' dir='ltr'>Acute</span> <span class='ocrx_word' id='word_1_29' title='bbox 1051 580 1132 623; x_wconf 89' lang='lat' dir='ltr'>sane</span> <span class='ocrx_word' id='word_1_30' title='bbox 1153 560 1215 623; x_wconf 93' lang='lat' dir='ltr'>hoc</span> <span class='ocrx_word' id='word_1_31' title='bbox 1265 559 1433 624; x_wconf 81' lang='lat' dir='ltr'>excidisse.</span> <span class='ocrx_word' id='word_1_32' title='bbox 1478 556 1650 637; x_wconf 80' lang='lat' dir='ltr'>Quomodo</span> <span class='ocrx_word' id='word_1_33' title='bbox 1671 557 1759 620; x_wconf 88' lang='lat' dir='ltr'>euim</span> <span class='ocrx_word' id='word_1_34' title='bbox 1782 555 2016 639; x_wconf 70' lang='lat' dir='ltr'>chrysostomo</span> <span class='ocrx_word' id='word_1_35' title='bbox 2038 555 2076 617; x_wconf 92' lang='lat' dir='ltr'>in</span> <span class='ocrx_word' id='word_1_36' title='bbox 2096 562 2243 617; x_wconf 87' lang='lat' dir='ltr'>mentem</span> 
     </span>
     <span class='ocr_line' id='line_1_4' title="bbox 236 638 2243 729; baseline -0.006 -14"><span class='ocrx_word' id='word_1_37' title='bbox 236 647 511 722; x_wconf 81' lang='lat' dir='ltr'>anhuadvertnnt,</span> <span class='ocrx_word' id='word_1_38' title='bbox 535 646 664 710; x_wconf 91' lang='lat' dir='ltr'>nullum</span> <span class='ocrx_word' id='word_1_39' title='bbox 686 647 752 710; x_wconf 93' lang='lat' dir='ltr'>iam</span> <span class='ocrx_word' id='word_1_40' title='bbox 775 667 944 729; x_wconf 77' lang='lat' dir='ltr'>superesse</span> <span class='ocrx_word' id='word_1_41' title='bbox 962 646 1068 712; x_wconf 92' lang='lat' dir='ltr'>locum</span> <span class='ocrx_word' id='word_1_42' title='bbox 1087 646 1215 709; x_wconf 89' lang='lat' dir='ltr'>meritis</span> <span class='ocrx_word' id='word_1_43' title='bbox 1267 667 1332 710; x_wconf 92' lang='lat' dir='ltr'>non</span> <span class='ocrx_word' id='word_1_44' title='bbox 1355 645 1450 720; x_wconf 83' lang='lat' dir='ltr'>venit,</span> <span class='ocrx_word' id='word_1_45' title='bbox 1474 643 1666 708; x_wconf 81' lang='lat' dir='ltr'>electionem</span> <span class='ocrx_word' id='word_1_46' title='bbox 1695 644 1759 706; x_wconf 91' lang='lat' dir='ltr'>Dei</span> <span class='ocrx_word' id='word_1_47' title='bbox 1787 663 1857 706; x_wconf 89' lang='lat' dir='ltr'>esse</span> <span class='ocrx_word' id='word_1_48' title='bbox 1879 662 1963 722; x_wconf 88' lang='lat' dir='ltr'>qnae</span> <span class='ocrx_word' id='word_1_49' title='bbox 1985 643 2071 704; x_wconf 90' lang='lat' dir='ltr'>inter</span> <span class='ocrx_word' id='word_1_50' title='bbox 2093 638 2243 703; x_wconf 87' lang='lat' dir='ltr'>homines</span> 
     </span>
     <span class='ocr_line' id='line_1_5' title="bbox 235 726 2243 813; baseline -0.005 -12"><span class='ocrx_word' id='word_1_51' title='bbox 235 735 354 801; x_wconf 79' lang='lat' dir='ltr'>sinon</span> <span class='ocrx_word' id='word_1_52' title='bbox 376 755 415 797; x_wconf 85' lang='lat' dir='ltr'>ox</span> <span class='ocrx_word' id='word_1_53' title='bbox 447 731 540 797; x_wconf 89' lang='lat' dir='ltr'>liberi</span> <span class='ocrx_word' id='word_1_54' title='bbox 568 731 695 796; x_wconf 87' lang='lat' dir='ltr'>arbitrii</span> <span class='ocrx_word' id='word_1_55' title='bbox 720 733 809 797; x_wconf 84' lang='lat' dir='ltr'>fonte</span> <span class='ocrx_word' id='word_1_56' title='bbox 860 733 1014 812; x_wconf 90' lang='lat' dir='ltr'>rodeunt;</span> <span class='ocrx_word' id='word_1_57' title='bbox 1047 729 1104 797; x_wconf 89' lang='lat' dir='ltr'>sed</span> <span class='ocrx_word' id='word_1_58' title='bbox 1126 729 1214 813; x_wconf 92' lang='lat' dir='ltr'>quod</span> <span class='ocrx_word' id='word_1_59' title='bbox 1267 733 1313 796; x_wconf 86' lang='lat' dir='ltr'>sic</span> <span class='ocrx_word' id='word_1_60' title='bbox 1335 730 1520 796; x_wconf 75' lang='lat' dir='ltr'>‹liscernatl</span> <span class='ocrx_word' id='word_1_61' title='bbox 1564 730 1634 794; x_wconf 83' lang='lat' dir='ltr'>Nos</span> <span class='ocrx_word' id='word_1_62' title='bbox 1661 728 1792 812; x_wconf 91' lang='lat' dir='ltr'>quidem</span> <span class='ocrx_word' id='word_1_63' title='bbox 1818 726 1993 792; x_wconf 87' lang='lat' dir='ltr'>concedere</span> <span class='ocrx_word' id='word_1_64' title='bbox 2020 727 2155 790; x_wconf 89' lang='lat' dir='ltr'>minime</span> <span class='ocrx_word' id='word_1_65' title='bbox 2177 726 2243 790; x_wconf 84' lang='lat' dir='ltr'>for-</span> 
     </span>
     <span class='ocr_line' id='line_1_6' title="bbox 234 811 2241 901; baseline -0.005 -17"><span class='ocrx_word' id='word_1_66' title='bbox 234 818 324 885; x_wconf 83' lang='lat' dir='ltr'>istud</span> <span class='ocrx_word' id='word_1_67' title='bbox 351 827 523 901; x_wconf 77' lang='lat' dir='ltr'>tanmperc</span> <span class='ocrx_word' id='word_1_68' title='bbox 549 816 797 882; x_wconf 77' lang='lat' dir='ltr'>dissentaneum</span> <span class='ocrx_word' id='word_1_69' title='bbox 849 828 964 896; x_wconf 87' lang='lat' dir='ltr'>neunt,</span> <span class='ocrx_word' id='word_1_70' title='bbox 999 818 1095 901; x_wconf 83' lang='lat' dir='ltr'>longe</span> <span class='ocrx_word' id='word_1_71' title='bbox 1120 818 1214 882; x_wconf 87' lang='lat' dir='ltr'>aber·</span> <span class='ocrx_word' id='word_1_72' title='bbox 1267 817 1447 893; x_wconf 89' lang='lat' dir='ltr'>midamus,</span> <span class='ocrx_word' id='word_1_73' title='bbox 1479 815 1566 898; x_wconf 92' lang='lat' dir='ltr'>quod</span> <span class='ocrx_word' id='word_1_74' title='bbox 1594 815 1719 880; x_wconf 87' lang='lat' dir='ltr'>Paulus</span> <span class='ocrx_word' id='word_1_75' title='bbox 1741 835 1862 896; x_wconf 84' lang='lat' dir='ltr'>magua</span> <span class='ocrx_word' id='word_1_76' title='bbox 1885 814 2093 901; x_wconf 77' lang='lat' dir='ltr'>contentione</span> <span class='ocrx_word' id='word_1_77' title='bbox 2115 811 2241 889; x_wconf 73' lang='lat' dir='ltr'>asserit,</span> 
     </span>
     <span class='ocr_line' id='line_1_7' title="bbox 235 897 2243 987; baseline -0.004 -16"><span class='ocrx_word' id='word_1_78' title='bbox 235 914 319 971; x_wconf 89' lang='lat' dir='ltr'>rant.</span> <span class='ocrx_word' id='word_1_79' title='bbox 365 904 479 986; x_wconf 89' lang='lat' dir='ltr'>Neque</span> <span class='ocrx_word' id='word_1_80' title='bbox 507 904 596 968; x_wconf 90' lang='lat' dir='ltr'>enim</span> <span class='ocrx_word' id='word_1_81' title='bbox 624 903 753 968; x_wconf 88' lang='lat' dir='ltr'>dubitat</span> <span class='ocrx_word' id='word_1_82' title='bbox 779 906 990 987; x_wconf 75' lang='lat' dir='ltr'>Augustinus</span> <span class='ocrx_word' id='word_1_83' title='bbox 1009 904 1132 987; x_wconf 84' lang='lat' dir='ltr'>passim</span> <span class='ocrx_word' id='word_1_84' title='bbox 1154 923 1214 985; x_wconf 91' lang='lat' dir='ltr'>pro</span> <span class='ocrx_word' id='word_1_85' title='bbox 1267 924 1380 967; x_wconf 87' lang='lat' dir='ltr'>omnes</span> <span class='ocrx_word' id='word_1_86' title='bbox 1406 901 1503 967; x_wconf 91' lang='lat' dir='ltr'>simul</span> <span class='ocrx_word' id='word_1_87' title='bbox 1531 923 1650 984; x_wconf 83' lang='lat' dir='ltr'>pravos</span> <span class='ocrx_word' id='word_1_88' title='bbox 1679 921 1750 966; x_wconf 90' lang='lat' dir='ltr'>esse</span> <span class='ocrx_word' id='word_1_89' title='bbox 1777 910 1810 964; x_wconf 89' lang='lat' dir='ltr'>et</span> <span class='ocrx_word' id='word_1_90' title='bbox 1837 899 1980 963; x_wconf 79' lang='lat' dir='ltr'>malitiae</span> <span class='ocrx_word' id='word_1_91' title='bbox 2009 897 2148 975; x_wconf 87' lang='lat' dir='ltr'>deditos;</span> <span class='ocrx_word' id='word_1_92' title='bbox 2184 897 2243 962; x_wconf 90' lang='lat' dir='ltr'>sed</span> 
     </span>
     <span class='ocr_line' id='line_1_8' title="bbox 235 984 2243 1072; baseline -0.005 -15"><span class='ocrx_word' id='word_1_93' title='bbox 235 989 420 1057; x_wconf 81' lang='lat' dir='ltr'>necessario</span> <span class='ocrx_word' id='word_1_94' title='bbox 442 989 573 1064; x_wconf 87' lang='lat' dir='ltr'>docere,</span> <span class='ocrx_word' id='word_1_95' title='bbox 603 988 688 1071; x_wconf 91' lang='lat' dir='ltr'>quod</span> <span class='ocrx_word' id='word_1_96' title='bbox 717 989 764 1054; x_wconf 92' lang='lat' dir='ltr'>ita</span> <span class='ocrx_word' id='word_1_97' title='bbox 792 992 884 1055; x_wconf 88' lang='lat' dir='ltr'>nefas</span> <span class='ocrx_word' id='word_1_98' title='bbox 913 991 1060 1055; x_wconf 87' lang='lat' dir='ltr'>confiteri</span> <span class='ocrx_word' id='word_1_99' title='bbox 1081 998 1214 1072; x_wconf 88' lang='lat' dir='ltr'>putant;</span> <span class='ocrx_word' id='word_1_100' title='bbox 1267 1010 1342 1054; x_wconf 92' lang='lat' dir='ltr'>cnm</span> <span class='ocrx_word' id='word_1_101' title='bbox 1364 988 1421 1052; x_wconf 93' lang='lat' dir='ltr'>illo</span> <span class='ocrx_word' id='word_1_102' title='bbox 1443 989 1646 1064; x_wconf 70' lang='lat' dir='ltr'>subicimus,</span> <span class='ocrx_word' id='word_1_103' title='bbox 1676 987 1741 1051; x_wconf 89' lang='lat' dir='ltr'>Dei</span> <span class='ocrx_word' id='word_1_104' title='bbox 1767 984 1989 1051; x_wconf 88' lang='lat' dir='ltr'>misericordia</span> <span class='ocrx_word' id='word_1_105' title='bbox 2015 986 2087 1049; x_wconf 86' lang='lat' dir='ltr'>lieri</span> <span class='ocrx_word' id='word_1_106' title='bbox 2108 1005 2151 1048; x_wconf 92' lang='lat' dir='ltr'>ne</span> <span class='ocrx_word' id='word_1_107' title='bbox 2173 1004 2243 1048; x_wconf 93' lang='lat' dir='ltr'>om·</span> 
     </span>
     <span class='ocr_line' id='line_1_9' title="bbox 235 1070 2245 1161; baseline -0.004 -20"><span class='ocrx_word' id='word_1_108' title='bbox 235 1074 512 1161; x_wconf 89' lang='lat' dir='ltr'>quemadmodum</span> <span class='ocrx_word' id='word_1_109' title='bbox 535 1075 591 1140; x_wconf 93' lang='lat' dir='ltr'>nbi</span> <span class='ocrx_word' id='word_1_110' title='bbox 609 1074 700 1139; x_wconf 86' lang='lat' dir='ltr'>dicit:</span> <span class='ocrx_word' id='word_1_111' title='bbox 714 1075 738 1158; x_wconf 86' lang='lat'>¹)</span> <span class='ocrx_word' id='word_1_112' title='bbox 764 1076 882 1141; x_wconf 85' lang='lat' dir='ltr'>merita</span> <span class='ocrx_word' id='word_1_113' title='bbox 910 1074 1128 1159; x_wconf 87' lang='lat' dir='ltr'>quorumlibet</span> <span class='ocrx_word' id='word_1_114' title='bbox 1154 1075 1215 1138; x_wconf 94' lang='lat' dir='ltr'>ho-</span> <span class='ocrx_word' id='word_1_115' title='bbox 1267 1096 1327 1141; x_wconf 89' lang='lat' dir='ltr'>nes</span> <span class='ocrx_word' id='word_1_116' title='bbox 1358 1075 1393 1138; x_wconf 93' lang='lat' dir='ltr'>in</span> <span class='ocrx_word' id='word_1_117' title='bbox 1434 1074 1596 1156; x_wconf 71' lang='lat' dir='ltr'>pravitate</span> <span class='ocrx_word' id='word_1_118' title='bbox 1635 1081 1856 1155; x_wconf 84' lang='lat' dir='ltr'>permaneant</span> <span class='ocrx_word' id='word_1_119' title='bbox 1911 1072 2004 1155; x_wconf 88' lang='lat' dir='ltr'>Ergo</span> <span class='ocrx_word' id='word_1_120' title='bbox 2036 1092 2137 1152; x_wconf 92' lang='lat' dir='ltr'>quum</span> <span class='ocrx_word' id='word_1_121' title='bbox 2170 1070 2245 1152; x_wconf 84' lang='lat' dir='ltr'>pari</span> 
     </span>
    </p>
   </div>
   <div class='ocr_carea' id='block_1_3' title="bbox 236 1156 2321 1331">
    <p class='ocr_par' dir='ltr' id='par_1_3' title="bbox 236 1156 2321 1331">
     <span class='ocr_line' id='line_1_10' title="bbox 236 1156 2312 1245; baseline -0.004 -16"><span class='ocrx_word' id='word_1_122' title='bbox 236 1163 364 1229; x_wconf 88' lang='lat' dir='ltr'>minum</span> <span class='ocrx_word' id='word_1_123' title='bbox 386 1182 470 1245; x_wconf 86' lang='lat' dir='ltr'>quae</span> <span class='ocrx_word' id='word_1_124' title='bbox 499 1160 598 1226; x_wconf 81' lang='lat' dir='ltr'>sunt?</span> <span class='ocrx_word' id='word_1_125' title='bbox 632 1160 762 1242; x_wconf 92' lang='lat' dir='ltr'>quando</span> <span class='ocrx_word' id='word_1_126' title='bbox 789 1161 844 1226; x_wconf 91' lang='lat' dir='ltr'>ille</span> <span class='ocrx_word' id='word_1_127' title='bbox 868 1183 934 1226; x_wconf 90' lang='lat' dir='ltr'>non</span> <span class='ocrx_word' id='word_1_128' title='bbox 960 1183 1035 1227; x_wconf 93' lang='lat' dir='ltr'>cum</span> <span class='ocrx_word' id='word_1_129' title='bbox 1065 1160 1215 1226; x_wconf 89' lang='lat' dir='ltr'>mercede</span> <span class='ocrx_word' id='word_1_130' title='bbox 1266 1161 1380 1225; x_wconf 90' lang='lat' dir='ltr'>morbo</span> <span class='ocrx_word' id='word_1_131' title='bbox 1402 1159 1588 1225; x_wconf 88' lang='lat' dir='ltr'>laboremus</span> <span class='ocrx_word' id='word_1_132' title='bbox 1609 1158 1804 1224; x_wconf 71' lang='lat' dir='ltr'>naturaliter</span> <span class='ocrx_word' id='word_1_133' title='bbox 1825 1177 1948 1236; x_wconf 87' lang='lat' dir='ltr'>omnes,</span> <span class='ocrx_word' id='word_1_134' title='bbox 1971 1156 2031 1222; x_wconf 91' lang='lat' dir='ltr'>soli</span> <span class='ocrx_word' id='word_1_135' title='bbox 2054 1156 2102 1220; x_wconf 89' lang='lat' dir='ltr'>illi</span> <span class='ocrx_word' id='word_1_136' title='bbox 2123 1175 2244 1221; x_wconf 82' lang='lat' dir='ltr'>conra-</span> <span class='ocrx_word' id='word_1_137' title='bbox 2300 1194 2312 1243; x_wconf 77' lang='lat'>-2</span> 
     </span>
     <span class='ocr_line' id='line_1_11' title="bbox 238 1240 2321 1331; baseline -0.004 -17"><span class='ocrx_word' id='word_1_138' title='bbox 238 1245 357 1326; x_wconf 88' lang='lat' dir='ltr'>debita,</span> <span class='ocrx_word' id='word_1_139' title='bbox 380 1246 534 1312; x_wconf 84' lang='lat' dir='ltr'>aeduum</span> <span class='ocrx_word' id='word_1_140' title='bbox 556 1247 701 1330; x_wconf 86' lang='lat' dir='ltr'>gratuita</span> <span class='ocrx_word' id='word_1_141' title='bbox 783 1249 829 1311; x_wconf 90' lang='lat' dir='ltr'>tia</span> <span class='ocrx_word' id='word_1_142' title='bbox 850 1249 950 1325; x_wconf 81' lang='lat' dir='ltr'>venit,</span> <span class='ocrx_word' id='word_1_143' title='bbox 969 1269 1082 1312; x_wconf 90' lang='lat' dir='ltr'>omnes</span> <span class='ocrx_word' id='word_1_144' title='bbox 1100 1268 1214 1331; x_wconf 88' lang='lat' dir='ltr'>pecca·</span> <span class='ocrx_word' id='word_1_145' title='bbox 1266 1246 1395 1311; x_wconf 87' lang='lat' dir='ltr'>lescunt</span> <span class='ocrx_word' id='word_1_146' title='bbox 1415 1246 1532 1329; x_wconf 92' lang='lat' dir='ltr'>quibus</span> <span class='ocrx_word' id='word_1_147' title='bbox 1554 1245 1714 1310; x_wconf 90' lang='lat' dir='ltr'>medicam</span> <span class='ocrx_word' id='word_1_148' title='bbox 1741 1263 1877 1307; x_wconf 92' lang='lat' dir='ltr'>manum</span> <span class='ocrx_word' id='word_1_149' title='bbox 1905 1242 2078 1308; x_wconf 85' lang='lat' dir='ltr'>admovere</span> <span class='ocrx_word' id='word_1_150' title='bbox 2100 1240 2244 1306; x_wconf 90' lang='lat' dir='ltr'>Domino</span> <span class='ocrx_word' id='word_1_151' title='bbox 2285 1254 2321 1327; x_wconf 54' lang='lat' dir='ltr'>s}</span> 
     </span>
    </p>
   </div>
   <div class='ocr_carea' id='block_1_4' title="bbox 232 1328 2245 2767">
    <p class='ocr_par' dir='ltr' id='par_1_4' title="bbox 232 1328 2245 2767">
     <span class='ocr_line' id='line_1_12' title="bbox 232 1328 2244 1415; baseline -0.003 -15"><span class='ocrx_word' id='word_1_152' title='bbox 232 1341 321 1400; x_wconf 89' lang='lat' dir='ltr'>tores</span> <span class='ocrx_word' id='word_1_153' title='bbox 353 1333 442 1398; x_wconf 88' lang='lat' dir='ltr'>solus</span> <span class='ocrx_word' id='word_1_154' title='bbox 474 1353 494 1396; x_wconf 89' lang='lat' dir='ltr'>a</span> <span class='ocrx_word' id='word_1_155' title='bbox 622 1332 665 1397; x_wconf 93' lang='lat' dir='ltr'>tis</span> <span class='ocrx_word' id='word_1_156' title='bbox 698 1332 722 1396; x_wconf 93' lang='lat' dir='ltr'>li</span> <span class='ocrx_word' id='word_1_157' title='bbox 764 1356 781 1397; x_wconf 92' lang='lat' dir='ltr'>r</span> <span class='ocrx_word' id='word_1_158' title='bbox 810 1355 848 1398; x_wconf 90' lang='lat' dir='ltr'>ac</span> <span class='ocrx_word' id='word_1_159' title='bbox 888 1334 1043 1399; x_wconf 89' lang='lat' dir='ltr'>liberator</span> <span class='ocrx_word' id='word_1_160' title='bbox 1076 1333 1212 1397; x_wconf 85' lang='lat' dir='ltr'>invenit.</span> <span class='ocrx_word' id='word_1_161' title='bbox 1266 1332 1397 1415; x_wconf 86' lang='lat' dir='ltr'>placuit</span> <span class='ocrx_word' id='word_1_162' title='bbox 1442 1332 1523 1410; x_wconf 92' lang='lat' dir='ltr'>Alii,</span> <span class='ocrx_word' id='word_1_163' title='bbox 1553 1352 1634 1414; x_wconf 93' lang='lat' dir='ltr'>quos</span> <span class='ocrx_word' id='word_1_164' title='bbox 1660 1332 1746 1395; x_wconf 93' lang='lat' dir='ltr'>iusto</span> <span class='ocrx_word' id='word_1_165' title='bbox 1779 1328 1898 1394; x_wconf 92' lang='lat' dir='ltr'>indicio</span> <span class='ocrx_word' id='word_1_166' title='bbox 1926 1329 2174 1411; x_wconf 84' lang='lat' dir='ltr'>praetermittit,</span> <span class='ocrx_word' id='word_1_167' title='bbox 2207 1329 2244 1393; x_wconf 86' lang='lat' dir='ltr'>in</span> 
     </span>
     <span class='ocr_line' id='line_1_13' title="bbox 233 1414 2244 1503; baseline -0.003 -17"><span class='ocrx_word' id='word_1_168' title='bbox 233 1419 372 1503; x_wconf 76' lang='lat' dir='ltr'>Item:²)</span> <span class='ocrx_word' id='word_1_169' title='bbox 401 1419 429 1484; x_wconf 89' lang='lat' dir='ltr'>si</span> <span class='ocrx_word' id='word_1_170' title='bbox 456 1417 514 1482; x_wconf 91' lang='lat' dir='ltr'>red</span> <span class='ocrx_word' id='word_1_171' title='bbox 537 1425 611 1482; x_wconf 87' lang='lat' dir='ltr'>etur</span> <span class='ocrx_word' id='word_1_172' title='bbox 645 1416 703 1481; x_wconf 88' lang='lat' dir='ltr'>tibi</span> <span class='ocrx_word' id='word_1_173' title='bbox 732 1418 818 1500; x_wconf 92' lang='lat' dir='ltr'>quod</span> <span class='ocrx_word' id='word_1_174' title='bbox 847 1419 998 1501; x_wconf 73' lang='lat' dir='ltr'>debetur,</span> <span class='ocrx_word' id='word_1_175' title='bbox 1029 1417 1215 1503; x_wconf 90' lang='lat' dir='ltr'>puniendus</span> <span class='ocrx_word' id='word_1_176' title='bbox 1268 1438 1328 1483; x_wconf 86' lang='lat' dir='ltr'>sna</span> <span class='ocrx_word' id='word_1_177' title='bbox 1360 1417 1533 1500; x_wconf 88' lang='lat' dir='ltr'>putredine</span> <span class='ocrx_word' id='word_1_178' title='bbox 1568 1417 1740 1482; x_wconf 87' lang='lat' dir='ltr'>tabescunt</span> <span class='ocrx_word' id='word_1_179' title='bbox 1770 1415 1873 1480; x_wconf 91' lang='lat' dir='ltr'>donec</span> <span class='ocrx_word' id='word_1_180' title='bbox 1905 1415 2128 1479; x_wconf 88' lang='lat' dir='ltr'>absumantur.</span> <span class='ocrx_word' id='word_1_181' title='bbox 2173 1414 2244 1480; x_wconf 87' lang='lat' dir='ltr'>Neo</span> 
     </span>
     <span class='ocr_line' id='line_1_14' title="bbox 234 1500 2244 1653; baseline -0.004 -81"><span class='ocrx_word' id='word_1_182' title='bbox 234 1527 284 1586; x_wconf 81' lang='lat' dir='ltr'>ea;</span> <span class='ocrx_word' id='word_1_183' title='bbox 306 1503 384 1588; x_wconf 93' lang='lat' dir='ltr'>qnid</span> <span class='ocrx_word' id='word_1_184' title='bbox 406 1525 483 1653; x_wconf 58' lang='lat' dir='ltr'>ergo</span> <span class='ocrx_word' id='word_1_185' title='bbox 505 1502 565 1568; x_wconf 80' lang='lat' dir='ltr'>fit?</span> <span class='ocrx_word' id='word_1_186' title='bbox 599 1526 664 1568; x_wconf 88' lang='lat' dir='ltr'>non</span> <span class='ocrx_word' id='word_1_187' title='bbox 693 1505 751 1569; x_wconf 91' lang='lat' dir='ltr'>tibi</span> <span class='ocrx_word' id='word_1_188' title='bbox 782 1504 923 1570; x_wconf 90' lang='lat' dir='ltr'>reddidit</span> <span class='ocrx_word' id='word_1_189' title='bbox 949 1505 1042 1570; x_wconf 89' lang='lat' dir='ltr'>Deus</span> <span class='ocrx_word' id='word_1_190' title='bbox 1070 1505 1216 1570; x_wconf 89' lang='lat' dir='ltr'>debitam</span> <span class='ocrx_word' id='word_1_191' title='bbox 1267 1503 1399 1568; x_wconf 84' lang='lat' dir='ltr'>aliunde</span> <span class='ocrx_word' id='word_1_192' title='bbox 1422 1503 1579 1586; x_wconf 91' lang='lat' dir='ltr'>estquod</span> <span class='ocrx_word' id='word_1_193' title='bbox 1602 1503 1657 1567; x_wconf 91' lang='lat' dir='ltr'>alii</span> <span class='ocrx_word' id='word_1_194' title='bbox 1686 1502 1728 1567; x_wconf 89' lang='lat' dir='ltr'>ad</span> <span class='ocrx_word' id='word_1_195' title='bbox 1756 1503 1857 1567; x_wconf 92' lang='lat' dir='ltr'>finem</span> <span class='ocrx_word' id='word_1_196' title='bbox 1876 1509 2102 1583; x_wconf 85' lang='lat' dir='ltr'>perseverant,</span> <span class='ocrx_word' id='word_1_197' title='bbox 2131 1500 2187 1565; x_wconf 87' lang='lat' dir='ltr'>alii</span> <span class='ocrx_word' id='word_1_198' title='bbox 2207 1501 2244 1564; x_wconf 90' lang='lat' dir='ltr'>iu</span> 
     </span>
     <span class='ocr_line' id='line_1_15' title="bbox 233 1586 2244 1676; baseline -0.001 -21"><span class='ocrx_word' id='word_1_199' title='bbox 233 1612 380 1676; x_wconf 88' lang='lat' dir='ltr'>poenam,</span> <span class='ocrx_word' id='word_1_200' title='bbox 405 1611 439 1654; x_wconf 92' lang='lat' dir='ltr'>se</span> <span class='ocrx_word' id='word_1_201' title='bbox 484 1587 585 1654; x_wconf 89' lang='lat' dir='ltr'>donat</span> <span class='ocrx_word' id='word_1_202' title='bbox 606 1589 785 1655; x_wconf 88' lang='lat' dir='ltr'>indebitam</span> <span class='ocrx_word' id='word_1_203' title='bbox 815 1593 964 1675; x_wconf 88' lang='lat' dir='ltr'>gratiam.</span> <span class='ocrx_word' id='word_1_204' title='bbox 1010 1589 1048 1656; x_wconf 93' lang='lat' dir='ltr'>Si</span> <span class='ocrx_word' id='word_1_205' title='bbox 1070 1591 1122 1656; x_wconf 90' lang='lat' dir='ltr'>vis</span> <span class='ocrx_word' id='word_1_206' title='bbox 1144 1610 1215 1654; x_wconf 91' lang='lat' dir='ltr'>esse</span> <span class='ocrx_word' id='word_1_207' title='bbox 1267 1599 1381 1673; x_wconf 90' lang='lat' dir='ltr'>coepto</span> <span class='ocrx_word' id='word_1_208' title='bbox 1403 1611 1501 1656; x_wconf 92' lang='lat' dir='ltr'>cursu</span> <span class='ocrx_word' id='word_1_209' title='bbox 1523 1589 1748 1672; x_wconf 91' lang='lat' dir='ltr'>prolabuntur.</span> <span class='ocrx_word' id='word_1_210' title='bbox 1793 1586 1964 1670; x_wconf 80' lang='lat' dir='ltr'>Siquidem</span> <span class='ocrx_word' id='word_1_211' title='bbox 1985 1588 2111 1670; x_wconf 88' lang='lat' dir='ltr'>etipsa</span> <span class='ocrx_word' id='word_1_212' title='bbox 2131 1607 2244 1670; x_wconf 83' lang='lat' dir='ltr'>perse·</span> 
     </span>
     <span class='ocr_line' id='line_1_16' title="bbox 234 1671 2244 1762; baseline -0.003 -20"><span class='ocrx_word' id='word_1_213' title='bbox 234 1676 359 1743; x_wconf 84' lang='lat' dir='ltr'>alienus</span> <span class='ocrx_word' id='word_1_214' title='bbox 387 1675 550 1759; x_wconf 72' lang='lat' dir='ltr'>agretia,</span> <span class='ocrx_word' id='word_1_215' title='bbox 586 1676 672 1741; x_wconf 89' lang='lat' dir='ltr'>iacta</span> <span class='ocrx_word' id='word_1_216' title='bbox 699 1677 818 1741; x_wconf 89' lang='lat' dir='ltr'>merita</span> <span class='ocrx_word' id='word_1_217' title='bbox 851 1686 917 1743; x_wconf 85' lang='lat' dir='ltr'>tua</span> <span class='ocrx_word' id='word_1_218' title='bbox 962 1677 1102 1760; x_wconf 55' lang='lat' dir='ltr'>boma)</span> <span class='ocrx_word' id='word_1_219' title='bbox 1131 1675 1215 1740; x_wconf 92' lang='lat' dir='ltr'>nihil</span> <span class='ocrx_word' id='word_1_220' title='bbox 1267 1677 1418 1741; x_wconf 84' lang='lat' dir='ltr'>vorantia</span> <span class='ocrx_word' id='word_1_221' title='bbox 1447 1675 1570 1740; x_wconf 93' lang='lat' dir='ltr'>donum</span> <span class='ocrx_word' id='word_1_222' title='bbox 1596 1676 1661 1740; x_wconf 92' lang='lat' dir='ltr'>Dei</span> <span class='ocrx_word' id='word_1_223' title='bbox 1688 1682 1753 1752; x_wconf 88' lang='lat' dir='ltr'>est,</span> <span class='ocrx_word' id='word_1_224' title='bbox 1784 1671 1871 1762; x_wconf 89' lang='lat' dir='ltr'>quod</span> <span class='ocrx_word' id='word_1_225' title='bbox 1898 1695 1964 1737; x_wconf 91' lang='lat' dir='ltr'>non</span> <span class='ocrx_word' id='word_1_226' title='bbox 1991 1673 2142 1738; x_wconf 92' lang='lat' dir='ltr'>omnibus</span> <span class='ocrx_word' id='word_1_227' title='bbox 2167 1693 2244 1755; x_wconf 91' lang='lat' dir='ltr'>pro-</span> 
     </span>
     <span class='ocr_line' id='line_1_17' title="bbox 233 1757 2244 1845; baseline -0.004 -16"><span class='ocrx_word' id='word_1_228' title='bbox 233 1783 269 1829; x_wconf 85' lang='lat' dir='ltr'>es</span> <span class='ocrx_word' id='word_1_229' title='bbox 290 1767 410 1844; x_wconf 88' lang='lat' dir='ltr'>pcrte;</span> <span class='ocrx_word' id='word_1_230' title='bbox 434 1770 567 1843; x_wconf 88' lang='lat' dir='ltr'>peccata</span> <span class='ocrx_word' id='word_1_231' title='bbox 585 1769 664 1826; x_wconf 90' lang='lat' dir='ltr'>sunt</span> <span class='ocrx_word' id='word_1_232' title='bbox 681 1771 747 1840; x_wconf 92' lang='lat' dir='ltr'>tua,</span> <span class='ocrx_word' id='word_1_233' title='bbox 769 1764 1017 1841; x_wconf 70' lang='lat' dir='ltr'>memorantem,</span> <span class='ocrx_word' id='word_1_234' title='bbox 1040 1762 1119 1841; x_wconf 92' lang='lat' dir='ltr'>Dei;</span> <span class='ocrx_word' id='word_1_235' title='bbox 1137 1783 1215 1844; x_wconf 87' lang='lat' dir='ltr'>sup-</span> <span class='ocrx_word' id='word_1_236' title='bbox 1267 1763 1390 1828; x_wconf 89' lang='lat' dir='ltr'>miseue</span> <span class='ocrx_word' id='word_1_237' title='bbox 1413 1762 1561 1845; x_wconf 88' lang='lat' dir='ltr'>largitur,</span> <span class='ocrx_word' id='word_1_238' title='bbox 1584 1759 1641 1826; x_wconf 91' lang='lat' dir='ltr'>sed</span> <span class='ocrx_word' id='word_1_239' title='bbox 1664 1761 1782 1842; x_wconf 90' lang='lat' dir='ltr'>quibus</span> <span class='ocrx_word' id='word_1_240' title='bbox 1804 1760 1912 1824; x_wconf 85' lang='lat' dir='ltr'>visum</span> <span class='ocrx_word' id='word_1_241' title='bbox 1934 1768 1985 1824; x_wconf 88' lang='lat' dir='ltr'>est</span> <span class='ocrx_word' id='word_1_242' title='bbox 2004 1759 2159 1842; x_wconf 88' lang='lat' dir='ltr'>impertit</span> <span class='ocrx_word' id='word_1_243' title='bbox 2204 1757 2244 1824; x_wconf 92' lang='lat' dir='ltr'>Si</span> 
     </span>
     <span class='ocr_line' id='line_1_18' title="bbox 232 1844 2244 1933; baseline -0.002 -21"><span class='ocrx_word' id='word_1_244' title='bbox 232 1847 368 1933; x_wconf 89' lang='lat' dir='ltr'>plicium</span> <span class='ocrx_word' id='word_1_245' title='bbox 397 1845 455 1911; x_wconf 91' lang='lat' dir='ltr'>tibi</span> <span class='ocrx_word' id='word_1_246' title='bbox 484 1846 635 1922; x_wconf 87' lang='lat' dir='ltr'>debetur,</span> <span class='ocrx_word' id='word_1_247' title='bbox 670 1856 703 1912; x_wconf 89' lang='lat' dir='ltr'>et</span> <span class='ocrx_word' id='word_1_248' title='bbox 735 1869 837 1931; x_wconf 91' lang='lat' dir='ltr'>quum</span> <span class='ocrx_word' id='word_1_249' title='bbox 865 1850 1046 1932; x_wconf 85' lang='lat' dir='ltr'>praemium</span> <span class='ocrx_word' id='word_1_250' title='bbox 1077 1848 1214 1924; x_wconf 86' lang='lat' dir='ltr'>venerit,</span> <span class='ocrx_word' id='word_1_251' title='bbox 1267 1869 1366 1915; x_wconf 88' lang='lat' dir='ltr'>causa</span> <span class='ocrx_word' id='word_1_252' title='bbox 1405 1846 1609 1912; x_wconf 86' lang='lat' dir='ltr'>differentiae</span> <span class='ocrx_word' id='word_1_253' title='bbox 1646 1847 1837 1928; x_wconf 87' lang='lat' dir='ltr'>requiritur,</span> <span class='ocrx_word' id='word_1_254' title='bbox 1876 1866 1936 1909; x_wconf 91' lang='lat' dir='ltr'>cur</span> <span class='ocrx_word' id='word_1_255' title='bbox 1966 1844 2022 1909; x_wconf 87' lang='lat' dir='ltr'>alii</span> <span class='ocrx_word' id='word_1_256' title='bbox 2054 1853 2244 1910; x_wconf 88' lang='lat' dir='ltr'>constanter</span> 
     </span>
     <span class='ocr_line' id='line_1_19' title="bbox 234 1929 2243 2018; baseline -0.002 -18"><span class='ocrx_word' id='word_1_257' title='bbox 234 1955 294 2000; x_wconf 82' lang='lat' dir='ltr'>sua</span> <span class='ocrx_word' id='word_1_258' title='bbox 317 1931 402 1997; x_wconf 92' lang='lat' dir='ltr'>dona</span> <span class='ocrx_word' id='word_1_259' title='bbox 424 1932 607 2010; x_wconf 89' lang='lat' dir='ltr'>coronabit,</span> <span class='ocrx_word' id='word_1_260' title='bbox 637 1954 703 1997; x_wconf 93' lang='lat' dir='ltr'>uon</span> <span class='ocrx_word' id='word_1_261' title='bbox 731 1935 849 2000; x_wconf 86' lang='lat' dir='ltr'>merita</span> <span class='ocrx_word' id='word_1_262' title='bbox 870 1944 935 1999; x_wconf 89' lang='lat' dir='ltr'>tna.</span> <span class='ocrx_word' id='word_1_263' title='bbox 981 1934 1100 2000; x_wconf 81' lang='lat' dir='ltr'>Eodem</span> <span class='ocrx_word' id='word_1_264' title='bbox 1121 1954 1215 1998; x_wconf 78' lang='lat' dir='ltr'>sensu</span> <span class='ocrx_word' id='word_1_265' title='bbox 1267 1943 1488 2018; x_wconf 89' lang='lat' dir='ltr'>perseverent,</span> <span class='ocrx_word' id='word_1_266' title='bbox 1511 1933 1567 1998; x_wconf 84' lang='lat' dir='ltr'>alii</span> <span class='ocrx_word' id='word_1_267' title='bbox 1587 1932 1800 1997; x_wconf 72' lang='lat' dir='ltr'>instabilitate</span> <span class='ocrx_word' id='word_1_268' title='bbox 1823 1929 1985 2009; x_wconf 89' lang='lat' dir='ltr'>deficiant,</span> <span class='ocrx_word' id='word_1_269' title='bbox 2008 1952 2076 1995; x_wconf 94' lang='lat' dir='ltr'>non</span> <span class='ocrx_word' id='word_1_270' title='bbox 2097 1931 2162 1995; x_wconf 88' lang='lat' dir='ltr'>alia</span> <span class='ocrx_word' id='word_1_271' title='bbox 2182 1951 2243 1995; x_wconf 94' lang='lat' dir='ltr'>no-</span> 
     </span>
     <span class='ocr_line' id='line_1_20' title="bbox 234 2016 2243 2170; baseline -0.002 -84"><span class='ocrx_word' id='word_1_272' title='bbox 234 2018 349 2170; x_wconf 51' lang='lat' dir='ltr'>“mii</span> <span class='ocrx_word' id='word_1_273' title='bbox 372 2039 433 2082; x_wconf 81' lang='lat' dir='ltr'>noa</span> <span class='ocrx_word' id='word_1_274' title='bbox 453 2020 594 2101; x_wconf 74' lang='lat' dir='ltr'>qratiam</span> <span class='ocrx_word' id='word_1_275' title='bbox 610 2039 648 2082; x_wconf 79' lang='lat' dir='ltr'>ea</span> <span class='ocrx_word' id='word_1_276' title='bbox 670 2021 786 2099; x_wconf 79' lang='lat' dir='ltr'>merito,</span> <span class='ocrx_word' id='word_1_277' title='bbox 809 2021 864 2086; x_wconf 76' lang='lat' dir='ltr'>scd</span> <span class='ocrx_word' id='word_1_278' title='bbox 880 2021 1028 2086; x_wconf 62' lang='lat' dir='ltr'>mum</span> <span class='ocrx_word' id='word_1_279' title='bbox 1049 2041 1087 2086; x_wconf 75' lang='lat' dir='ltr'>aa</span> <span class='ocrx_word' id='word_1_280' title='bbox 1106 2020 1216 2103; x_wconf 78' lang='lat' dir='ltr'>pratia</span> <span class='ocrx_word' id='word_1_281' title='bbox 1268 2020 1318 2085; x_wconf 93' lang='lat' dir='ltr'>bis</span> <span class='ocrx_word' id='word_1_282' title='bbox 1351 2027 1493 2096; x_wconf 87' lang='lat' dir='ltr'>constat,</span> <span class='ocrx_word' id='word_1_283' title='bbox 1521 2019 1586 2084; x_wconf 91' lang='lat' dir='ltr'>nisi</span> <span class='ocrx_word' id='word_1_284' title='bbox 1618 2016 1703 2100; x_wconf 92' lang='lat' dir='ltr'>qnod</span> <span class='ocrx_word' id='word_1_285' title='bbox 1737 2017 1810 2081; x_wconf 86' lang='lat' dir='ltr'>illos</span> <span class='ocrx_word' id='word_1_286' title='bbox 1838 2038 1899 2081; x_wconf 90' lang='lat' dir='ltr'>sua</span> <span class='ocrx_word' id='word_1_287' title='bbox 1927 2017 2050 2082; x_wconf 85' lang='lat' dir='ltr'>virtute</span> <span class='ocrx_word' id='word_1_288' title='bbox 2077 2017 2243 2082; x_wconf 83' lang='lat' dir='ltr'>roboratos</span> 
     </span>
     <span class='ocr_line' id='line_1_21' title="bbox 235 2102 2244 2186; baseline -0.001 -16"><span class='ocrx_word' id='word_1_289' title='bbox 235 2125 300 2171; x_wconf 79' lang='lat' dir='ltr'>ease</span> <span class='ocrx_word' id='word_1_290' title='bbox 343 2108 412 2169; x_wconf 83' lang='lat' dir='ltr'>ocet.</span> <span class='ocrx_word' id='word_1_291' title='bbox 458 2104 507 2167; x_wconf 82' lang='lat' dir='ltr'>Aa</span> <span class='ocrx_word' id='word_1_292' title='bbox 522 2104 710 2186; x_wconf 77' lang='lat' dir='ltr'>paulopost</span> <span class='ocrx_word' id='word_1_293' title='bbox 730 2106 884 2172; x_wconf 81' lang='lat' dir='ltr'>concludit</span> <span class='ocrx_word' id='word_1_294' title='bbox 905 2106 1011 2171; x_wconf 85' lang='lat' dir='ltr'>Deum</span> <span class='ocrx_word' id='word_1_295' title='bbox 1032 2107 1102 2171; x_wconf 77' lang='lat' dir='ltr'>suia</span> <span class='ocrx_word' id='word_1_296' title='bbox 1123 2106 1216 2171; x_wconf 83' lang='lat' dir='ltr'>donis</span> <span class='ocrx_word' id='word_1_297' title='bbox 1268 2107 1408 2171; x_wconf 89' lang='lat' dir='ltr'>sustinet</span> <span class='ocrx_word' id='word_1_298' title='bbox 1418 2105 1589 2182; x_wconf 92' lang='lat' dir='ltr'>Dominus,</span> <span class='ocrx_word' id='word_1_299' title='bbox 1602 2126 1643 2169; x_wconf 94' lang='lat' dir='ltr'>ne</span> <span class='ocrx_word' id='word_1_300' title='bbox 1654 2111 1791 2186; x_wconf 88' lang='lat' dir='ltr'>pereant</span> <span class='ocrx_word' id='word_1_301' title='bbox 1797 2126 1805 2181; x_wconf 88' lang='lat'>;</span> <span class='ocrx_word' id='word_1_302' title='bbox 1823 2102 1884 2178; x_wconf 93' lang='lat' dir='ltr'>his,</span> <span class='ocrx_word' id='word_1_303' title='bbox 1896 2124 1960 2184; x_wconf 91' lang='lat' dir='ltr'>quo</span> <span class='ocrx_word' id='word_1_304' title='bbox 1971 2103 2038 2168; x_wconf 87' lang='lat' dir='ltr'>sint</span> <span class='ocrx_word' id='word_1_305' title='bbox 2053 2104 2244 2168; x_wconf 83' lang='lat' dir='ltr'>inconstan-</span> 
     </span>
     <span class='ocr_line' id='line_1_22' title="bbox 233 2188 2242 2272; baseline -0.001 -16"><span class='ocrx_word' id='word_1_306' title='bbox 233 2190 347 2256; x_wconf 84' lang='lat' dir='ltr'>meritc</span> <span class='ocrx_word' id='word_1_307' title='bbox 377 2191 483 2254; x_wconf 73' lang='lat' dir='ltr'>martia</span> <span class='ocrx_word' id='word_1_308' title='bbox 506 2190 703 2272; x_wconf 80' lang='lat' dir='ltr'>praecedere,</span> <span class='ocrx_word' id='word_1_309' title='bbox 732 2196 767 2256; x_wconf 77' lang='lat' dir='ltr'>ut</span> <span class='ocrx_word' id='word_1_310' title='bbox 789 2192 860 2257; x_wconf 76' lang='lat' dir='ltr'>iude</span> <span class='ocrx_word' id='word_1_311' title='bbox 887 2192 990 2257; x_wconf 83' lang='lat' dir='ltr'>eliciat</span> <span class='ocrx_word' id='word_1_312' title='bbox 1016 2213 1077 2258; x_wconf 78' lang='lat' dir='ltr'>crta</span> <span class='ocrx_word' id='word_1_313' title='bbox 1093 2192 1216 2269; x_wconf 57' lang='lat' dir='ltr'>meato,</span> <span class='ocrx_word' id='word_1_314' title='bbox 1268 2192 1332 2256; x_wconf 90' lang='lat' dir='ltr'>tiae</span> <span class='ocrx_word' id='word_1_315' title='bbox 1355 2190 1564 2267; x_wconf 87' lang='lat' dir='ltr'>documenta,</span> <span class='ocrx_word' id='word_1_316' title='bbox 1595 2211 1660 2254; x_wconf 92' lang='lat' dir='ltr'>non</span> <span class='ocrx_word' id='word_1_317' title='bbox 1683 2188 1821 2254; x_wconf 87' lang='lat' dir='ltr'>eandem</span> <span class='ocrx_word' id='word_1_318' title='bbox 1848 2189 2004 2253; x_wconf 86' lang='lat' dir='ltr'>virtutem</span> <span class='ocrx_word' id='word_1_319' title='bbox 2025 2188 2242 2254; x_wconf 83' lang='lat' dir='ltr'>administrat</span> 
     </span>
     <span class='ocr_line' id='line_1_23' title="bbox 235 2274 2244 2359; baseline -0.001 -17"><span class='ocrx_word' id='word_1_320' title='bbox 235 2281 263 2342; x_wconf 79' lang='lat' dir='ltr'>et</span> <span class='ocrx_word' id='word_1_321' title='bbox 323 2295 414 2339; x_wconf 73' lang='lat' dir='ltr'>orsas</span> <span class='ocrx_word' id='word_1_322' title='bbox 474 2274 535 2339; x_wconf 82' lang='lat' dir='ltr'>otis</span> <span class='ocrx_word' id='word_1_323' title='bbox 556 2276 640 2353; x_wconf 83' lang='lat' dir='ltr'>dore,</span> <span class='ocrx_word' id='word_1_324' title='bbox 662 2277 739 2356; x_wconf 82' lang='lat' dir='ltr'>quic</span> <span class='ocrx_word' id='word_1_325' title='bbox 757 2277 839 2342; x_wconf 78' lang='lat' dir='ltr'>nibil</span> <span class='ocrx_word' id='word_1_326' title='bbox 868 2279 985 2343; x_wconf 70' lang='lat' dir='ltr'>incenit</span> <span class='ocrx_word' id='word_1_327' title='bbox 1005 2279 1089 2343; x_wconf 81' lang='lat' dir='ltr'>ande</span> <span class='ocrx_word' id='word_1_328' title='bbox 1110 2278 1214 2342; x_wconf 75' lang='lat' dir='ltr'>satec.</span> <span class='ocrx_word' id='word_1_329' title='bbox 1354 2285 1383 2341; x_wconf 82' lang='grc'>4.</span> <span class='ocrx_word' id='word_1_330' title='bbox 1417 2275 1545 2341; x_wconf 88' lang='lat' dir='ltr'>Instant</span> <span class='ocrx_word' id='word_1_331' title='bbox 1566 2283 1744 2359; x_wconf 83' lang='lat' dir='ltr'>praeterea,</span> <span class='ocrx_word' id='word_1_332' title='bbox 1766 2275 1889 2339; x_wconf 76' lang='lat' dir='ltr'>frtrstra</span> <span class='ocrx_word' id='word_1_333' title='bbox 1910 2274 2155 2340; x_wconf 84' lang='lat' dir='ltr'>exhortationes</span> <span class='ocrx_word' id='word_1_334' title='bbox 2172 2297 2244 2340; x_wconf 92' lang='lat' dir='ltr'>sus-</span> 
     </span>
     <span class='ocr_line' id='line_1_24' title="bbox 237 2298 2244 2447; baseline -0.002 -18"><span class='ocrx_word' id='word_1_335' title='bbox 237 2298 410 2444; x_wconf 37' lang='lat' dir='ltr'>seniique</span> <span class='ocrx_word' id='word_1_336' title='bbox 450 2361 617 2444; x_wconf 88' lang='lat' dir='ltr'>ongiorem</span> <span class='ocrx_word' id='word_1_337' title='bbox 645 2362 830 2447; x_wconf 81' lang='lat' dir='ltr'>catalogum</span> <span class='ocrx_word' id='word_1_338' title='bbox 861 2373 972 2429; x_wconf 79' lang='lat' dir='ltr'>texero</span> <span class='ocrx_word' id='word_1_339' title='bbox 1001 2385 1133 2429; x_wconf 87' lang='lat' dir='ltr'>necesse</span> <span class='ocrx_word' id='word_1_340' title='bbox 1155 2372 1214 2438; x_wconf 85' lang='lat' dir='ltr'>est,</span> <span class='ocrx_word' id='word_1_341' title='bbox 1268 2363 1342 2446; x_wconf 87' lang='lat' dir='ltr'>cipi,</span> <span class='ocrx_word' id='word_1_342' title='bbox 1365 2384 1604 2445; x_wconf 85' lang='lat' dir='ltr'>supervacuum</span> <span class='ocrx_word' id='word_1_343' title='bbox 1626 2382 1697 2426; x_wconf 90' lang='lat' dir='ltr'>esse</span> <span class='ocrx_word' id='word_1_344' title='bbox 1719 2359 1977 2426; x_wconf 87' lang='lat' dir='ltr'>admonitionum</span> <span class='ocrx_word' id='word_1_345' title='bbox 1993 2382 2100 2436; x_wconf 90' lang='lat' dir='ltr'>usum,</span> <span class='ocrx_word' id='word_1_346' title='bbox 2123 2361 2244 2427; x_wconf 90' lang='lat' dir='ltr'>ridicu-</span> 
     </span>
     <span class='ocr_line' id='line_1_25' title="bbox 236 2445 2245 2532; baseline 0 -21"><span class='ocrx_word' id='word_1_347' title='bbox 236 2468 337 2531; x_wconf 92' lang='lat' dir='ltr'>quum</span> <span class='ocrx_word' id='word_1_348' title='bbox 364 2445 502 2512; x_wconf 92' lang='lat' dir='ltr'>subinde</span> <span class='ocrx_word' id='word_1_349' title='bbox 529 2445 610 2512; x_wconf 90' lang='lat' dir='ltr'>tales</span> <span class='ocrx_word' id='word_1_350' title='bbox 639 2449 820 2514; x_wconf 88' lang='lat' dir='ltr'>sententiae</span> <span class='ocrx_word' id='word_1_351' title='bbox 847 2450 882 2515; x_wconf 93' lang='lat' dir='ltr'>in</span> <span class='ocrx_word' id='word_1_352' title='bbox 912 2451 981 2515; x_wconf 88' lang='lat' dir='ltr'>eius</span> <span class='ocrx_word' id='word_1_353' title='bbox 1008 2450 1138 2532; x_wconf 91' lang='lat' dir='ltr'>scriptis</span> <span class='ocrx_word' id='word_1_354' title='bbox 1163 2471 1216 2514; x_wconf 90' lang='lat' dir='ltr'>re·</span> <span class='ocrx_word' id='word_1_355' title='bbox 1267 2449 1317 2516; x_wconf 90' lang='lat' dir='ltr'>las</span> <span class='ocrx_word' id='word_1_356' title='bbox 1338 2471 1409 2514; x_wconf 90' lang='lat' dir='ltr'>esse</span> <span class='ocrx_word' id='word_1_357' title='bbox 1431 2448 1682 2532; x_wconf 84' lang='lat' dir='ltr'>obiurgationes,</span> <span class='ocrx_word' id='word_1_358' title='bbox 1706 2447 1769 2511; x_wconf 91' lang='lat' dir='ltr'>nisi</span> <span class='ocrx_word' id='word_1_359' title='bbox 1787 2448 1830 2511; x_wconf 85' lang='lat' dir='ltr'>sit</span> <span class='ocrx_word' id='word_1_360' title='bbox 1847 2467 1947 2528; x_wconf 88' lang='lat' dir='ltr'>penes</span> <span class='ocrx_word' id='word_1_361' title='bbox 1964 2459 2168 2528; x_wconf 88' lang='lat' dir='ltr'>peccatorem</span> <span class='ocrx_word' id='word_1_362' title='bbox 2186 2469 2245 2530; x_wconf 89' lang='lat' dir='ltr'>pa·</span> 
     </span>
     <span class='ocr_line' id='line_1_26' title="bbox 236 2531 2243 2617; baseline -0.001 -18"><span class='ocrx_word' id='word_1_363' title='bbox 236 2531 394 2600; x_wconf 77' lang='lat' dir='ltr'>nunant?</span> <span class='ocrx_word' id='word_1_364' title='bbox 440 2533 541 2614; x_wconf 87' lang='lat' dir='ltr'>Atqui</span> <span class='ocrx_word' id='word_1_365' title='bbox 571 2533 687 2598; x_wconf 89' lang='lat' dir='ltr'>melius</span> <span class='ocrx_word' id='word_1_366' title='bbox 709 2535 891 2600; x_wconf 89' lang='lat' dir='ltr'>etiamnum</span> <span class='ocrx_word' id='word_1_367' title='bbox 921 2534 982 2602; x_wconf 93' lang='lat' dir='ltr'>hoc</span> <span class='ocrx_word' id='word_1_368' title='bbox 1004 2557 1114 2601; x_wconf 89' lang='lat' dir='ltr'>errore</span> <span class='ocrx_word' id='word_1_369' title='bbox 1135 2535 1216 2599; x_wconf 92' lang='lat' dir='ltr'>libe·</span> <span class='ocrx_word' id='word_1_370' title='bbox 1268 2557 1349 2600; x_wconf 91' lang='lat' dir='ltr'>rere.</span> <span class='ocrx_word' id='word_1_371' title='bbox 1394 2532 1524 2601; x_wconf 82' lang='lat' dir='ltr'>Similia</span> <span class='ocrx_word' id='word_1_372' title='bbox 1546 2533 1625 2599; x_wconf 91' lang='lat' dir='ltr'>olim</span> <span class='ocrx_word' id='word_1_373' title='bbox 1652 2555 1753 2616; x_wconf 91' lang='lat' dir='ltr'>quum</span> <span class='ocrx_word' id='word_1_374' title='bbox 1780 2533 2021 2598; x_wconf 90' lang='lat' dir='ltr'>obiectarentur</span> <span class='ocrx_word' id='word_1_375' title='bbox 2046 2534 2243 2617; x_wconf 79' lang='lat' dir='ltr'>Augustino,</span> 
     </span>
     <span class='ocr_line' id='line_1_27' title="bbox 236 2618 2245 2767; baseline 0 -83"><span class='ocrx_word' id='word_1_376' title='bbox 236 2619 323 2684; x_wconf 90' lang='lat' dir='ltr'>rabit</span> <span class='ocrx_word' id='word_1_377' title='bbox 354 2639 409 2682; x_wconf 90' lang='lat' dir='ltr'>eos</span> <span class='ocrx_word' id='word_1_378' title='bbox 442 2618 621 2767; x_wconf 77' lang='lat' dir='ltr'>apostolus,</span> <span class='ocrx_word' id='word_1_379' title='bbox 656 2621 683 2684; x_wconf 90' lang='lat' dir='ltr'>si</span> <span class='ocrx_word' id='word_1_380' title='bbox 718 2621 854 2686; x_wconf 87' lang='lat' dir='ltr'>audiant</span> <span class='ocrx_word' id='word_1_381' title='bbox 887 2643 950 2704; x_wconf 93' lang='lat' dir='ltr'>quo</span> <span class='ocrx_word' id='word_1_382' title='bbox 982 2644 1024 2687; x_wconf 82' lang='lat' dir='ltr'>ex</span> <span class='ocrx_word' id='word_1_383' title='bbox 1056 2622 1216 2704; x_wconf 89' lang='lat' dir='ltr'>principio</span> <span class='ocrx_word' id='word_1_384' title='bbox 1268 2621 1415 2686; x_wconf 88' lang='lat' dir='ltr'>libellum</span> <span class='ocrx_word' id='word_1_385' title='bbox 1438 2620 1478 2685; x_wconf 91' lang='lat' dir='ltr'>de</span> <span class='ocrx_word' id='word_1_386' title='bbox 1510 2620 1713 2701; x_wconf 88' lang='lat' dir='ltr'>correptione</span> <span class='ocrx_word' id='word_1_387' title='bbox 1744 2628 1778 2682; x_wconf 88' lang='lat' dir='ltr'>ot</span> <span class='ocrx_word' id='word_1_388' title='bbox 1833 2620 1917 2683; x_wconf 89' lang='lat' dir='ltr'>ratia</span> <span class='ocrx_word' id='word_1_389' title='bbox 1946 2619 2087 2685; x_wconf 89' lang='lat' dir='ltr'>scribere</span> <span class='ocrx_word' id='word_1_390' title='bbox 2114 2628 2245 2686; x_wconf 89' lang='lat' dir='ltr'>coactus</span> 
     </span>
    </p>
   </div>
   <div class='ocr_carea' id='block_1_5' title="bbox 236 2704 2261 2791">
    <p class='ocr_par' dir='ltr' id='par_1_5' title="bbox 236 2704 2261 2791">
     <span class='ocr_line' id='line_1_28' title="bbox 236 2704 2261 2791; baseline -0.001 -20"><span class='ocrx_word' id='word_1_391' title='bbox 236 2710 425 2771; x_wconf 82' lang='lat' dir='ltr'>sanctorum</span> <span class='ocrx_word' id='word_1_392' title='bbox 448 2705 586 2787; x_wconf 87' lang='lat' dir='ltr'>goriam</span> <span class='ocrx_word' id='word_1_393' title='bbox 608 2704 755 2772; x_wconf 90' lang='lat' dir='ltr'>deducat.</span> <span class='ocrx_word' id='word_1_394' title='bbox 801 2706 892 2788; x_wconf 79' lang='lat' dir='ltr'>Quos</span> <span class='ocrx_word' id='word_1_395' title='bbox 912 2707 1020 2791; x_wconf 89' lang='lat' dir='ltr'>elegit,</span> <span class='ocrx_word' id='word_1_396' title='bbox 1043 2729 1097 2772; x_wconf 90' lang='lat' dir='ltr'>eos</span> <span class='ocrx_word' id='word_1_397' title='bbox 1119 2729 1216 2772; x_wconf 87' lang='lat' dir='ltr'>voca-</span> <span class='ocrx_word' id='word_1_398' title='bbox 1268 2707 1338 2772; x_wconf 82' lang='lat' dir='ltr'>fuit.</span> <span class='ocrx_word' id='word_1_399' title='bbox 1382 2706 1449 2772; x_wconf 90' lang='lat' dir='ltr'>Ubi</span> <span class='ocrx_word' id='word_1_400' title='bbox 1471 2706 1533 2771; x_wconf 92' lang='lat' dir='ltr'>etsi</span> <span class='ocrx_word' id='word_1_401' title='bbox 1560 2707 1687 2788; x_wconf 88' lang='lat' dir='ltr'>copiose</span> <span class='ocrx_word' id='word_1_402' title='bbox 1714 2704 1773 2768; x_wconf 91' lang='lat' dir='ltr'>illa</span> <span class='ocrx_word' id='word_1_403' title='bbox 1825 2705 1909 2782; x_wconf 87' lang='lat' dir='ltr'>&#39;uit,</span> <span class='ocrx_word' id='word_1_404' title='bbox 1946 2704 1988 2769; x_wconf 90' lang='lat' dir='ltr'>ad</span> <span class='ocrx_word' id='word_1_405' title='bbox 2016 2705 2101 2771; x_wconf 88' lang='lat' dir='ltr'>hauc</span> <span class='ocrx_word' id='word_1_406' title='bbox 2134 2714 2261 2777; x_wconf 87' lang='lat' dir='ltr'>tamen</span> 
     </span>
    </p>
   </div>
   <div class='ocr_carea' id='block_1_6' title="bbox 141 2790 2250 4941">
    <p class='ocr_par' dir='ltr' id='par_1_6' title="bbox 141 2790 2250 4941">
     <span class='ocr_line' id='line_1_29' title="bbox 235 2790 2245 2940; baseline 0 -84"><span class='ocrx_word' id='word_1_407' title='bbox 235 2791 299 2870; x_wconf 82' lang='lat' dir='ltr'>rit3</span> <span class='ocrx_word' id='word_1_408' title='bbox 324 2811 403 2940; x_wconf 71' lang='lat' dir='ltr'>quos</span> <span class='ocrx_word' id='word_1_409' title='bbox 433 2791 578 2868; x_wconf 83' lang='lat' dir='ltr'>vocavit,</span> <span class='ocrx_word' id='word_1_410' title='bbox 603 2812 657 2856; x_wconf 92' lang='lat' dir='ltr'>eos</span> <span class='ocrx_word' id='word_1_411' title='bbox 685 2792 890 2872; x_wconf 87' lang='lat' dir='ltr'>iustificavit;</span> <span class='ocrx_word' id='word_1_412' title='bbox 914 2814 994 2876; x_wconf 92' lang='lat' dir='ltr'>quos</span> <span class='ocrx_word' id='word_1_413' title='bbox 1016 2793 1215 2870; x_wconf 81' lang='lat' dir='ltr'>iustifioavit,</span> <span class='ocrx_word' id='word_1_414' title='bbox 1269 2814 1431 2860; x_wconf 87' lang='lat' dir='ltr'>summam</span> <span class='ocrx_word' id='word_1_415' title='bbox 1453 2791 1658 2856; x_wconf 86' lang='lat' dir='ltr'>adversarios</span> <span class='ocrx_word' id='word_1_416' title='bbox 1680 2798 1823 2855; x_wconf 88' lang='lat' dir='ltr'>revocat:</span> <span class='ocrx_word' id='word_1_417' title='bbox 1854 2790 2006 2869; x_wconf 85' lang='lat' dir='ltr'>ohbmo,</span> <span class='ocrx_word' id='word_1_418' title='bbox 2035 2792 2071 2855; x_wconf 92' lang='lat' dir='ltr'>in</span> <span class='ocrx_word' id='word_1_419' title='bbox 2091 2812 2245 2874; x_wconf 87' lang='lat' dir='ltr'>praecep-</span> 
     </span>
     <span class='ocr_line' id='line_1_30' title="bbox 236 2876 2246 2963; baseline -0 -20"><span class='ocrx_word' id='word_1_420' title='bbox 236 2897 290 2943; x_wconf 88' lang='lat' dir='ltr'>eos</span> <span class='ocrx_word' id='word_1_421' title='bbox 315 2877 510 2960; x_wconf 83' lang='lat' dir='ltr'>gorificavit</span> <span class='ocrx_word' id='word_1_422' title='bbox 532 2876 642 2960; x_wconf 79' lang='lat' dir='ltr'>(Rom.</span> <span class='ocrx_word' id='word_1_423' title='bbox 663 2880 692 2954; x_wconf 86' lang='lat'>8,</span> <span class='ocrx_word' id='word_1_424' title='bbox 713 2879 778 2962; x_wconf 87' lang='lat'>29).</span> <span class='ocrx_word' id='word_1_425' title='bbox 824 2878 895 2943; x_wconf 80' lang='lat' dir='ltr'>Gur</span> <span class='ocrx_word' id='word_1_426' title='bbox 917 2901 1004 2963; x_wconf 84' lang='lat' dir='ltr'>crgo,</span> <span class='ocrx_word' id='word_1_427' title='bbox 1029 2888 1111 2944; x_wconf 88' lang='lat' dir='ltr'>teste</span> <span class='ocrx_word' id='word_1_428' title='bbox 1139 2900 1216 2961; x_wconf 88' lang='lat' dir='ltr'>apo-</span> <span class='ocrx_word' id='word_1_429' title='bbox 1270 2879 1359 2944; x_wconf 90' lang='lat' dir='ltr'>tione</span> <span class='ocrx_word' id='word_1_430' title='bbox 1387 2898 1544 2962; x_wconf 89' lang='lat' dir='ltr'>cognosce</span> <span class='ocrx_word' id='word_1_431' title='bbox 1577 2876 1655 2959; x_wconf 93' lang='lat' dir='ltr'>quid</span> <span class='ocrx_word' id='word_1_432' title='bbox 1688 2876 1806 2942; x_wconf 84' lang='lat' dir='ltr'>debeas</span> <span class='ocrx_word' id='word_1_433' title='bbox 1839 2897 1951 2959; x_wconf 86' lang='lat' dir='ltr'>agerc;</span> <span class='ocrx_word' id='word_1_434' title='bbox 1983 2879 2018 2942; x_wconf 93' lang='lat' dir='ltr'>in</span> <span class='ocrx_word' id='word_1_435' title='bbox 2047 2878 2246 2943; x_wconf 87' lang='lat' dir='ltr'>correctione</span> 
     </span>
     <span class='ocr_line' id='line_1_31' title="bbox 239 2962 2246 3049; baseline 0 -21"><span class='ocrx_word' id='word_1_436' title='bbox 239 2962 322 3028; x_wconf 82' lang='lat' dir='ltr'>stolo</span> <span class='ocrx_word' id='word_1_437' title='bbox 350 2962 384 3045; x_wconf 80' lang='lat'>(2</span> <span class='ocrx_word' id='word_1_438' title='bbox 405 2962 487 3026; x_wconf 78' lang='lat' dir='ltr'>Tim.</span> <span class='ocrx_word' id='word_1_439' title='bbox 512 2968 541 3038; x_wconf 83' lang='grc'>4,</span> <span class='ocrx_word' id='word_1_440' title='bbox 567 2962 618 3046; x_wconf 87' lang='grc'>8),</span> <span class='ocrx_word' id='word_1_441' title='bbox 643 2971 840 3028; x_wconf 90' lang='lat' dir='ltr'>coronantur</span> <span class='ocrx_word' id='word_1_442' title='bbox 870 2964 1006 3030; x_wconf 81' lang='lat' dir='ltr'>fideles?</span> <span class='ocrx_word' id='word_1_443' title='bbox 1051 2964 1139 3045; x_wconf 78' lang='lat' dir='ltr'>Quia</span> <span class='ocrx_word' id='word_1_444' title='bbox 1158 2965 1216 3029; x_wconf 93' lang='lat' dir='ltr'>do·</span> <span class='ocrx_word' id='word_1_445' title='bbox 1270 2985 1426 3049; x_wconf 90' lang='lat' dir='ltr'>cognosce</span> <span class='ocrx_word' id='word_1_446' title='bbox 1450 2973 1507 3029; x_wconf 93' lang='lat' dir='ltr'>tuo</span> <span class='ocrx_word' id='word_1_447' title='bbox 1529 2971 1562 3028; x_wconf 92' lang='lat' dir='ltr'>te</span> <span class='ocrx_word' id='word_1_448' title='bbox 1583 2963 1663 3028; x_wconf 84' lang='lat' dir='ltr'>vitio</span> <span class='ocrx_word' id='word_1_449' title='bbox 1686 2984 1753 3027; x_wconf 92' lang='lat' dir='ltr'>non</span> <span class='ocrx_word' id='word_1_450' title='bbox 1775 2962 1911 3040; x_wconf 87' lang='lat' dir='ltr'>haberc;</span> <span class='ocrx_word' id='word_1_451' title='bbox 1941 2964 1978 3028; x_wconf 90' lang='lat' dir='ltr'>iu</span> <span class='ocrx_word' id='word_1_452' title='bbox 2003 2963 2149 3028; x_wconf 88' lang='lat' dir='ltr'>oratione</span> <span class='ocrx_word' id='word_1_453' title='bbox 2169 2984 2246 3046; x_wconf 84' lang='lat' dir='ltr'>cog·</span> 
     </span>
     <span class='ocr_line' id='line_1_32' title="bbox 238 3046 2245 3133; baseline -0 -20"><span class='ocrx_word' id='word_1_454' title='bbox 238 3047 320 3113; x_wconf 92' lang='lat' dir='ltr'>mini</span> <span class='ocrx_word' id='word_1_455' title='bbox 343 3046 575 3125; x_wconf 89' lang='lat' dir='ltr'>misericordia,</span> <span class='ocrx_word' id='word_1_456' title='bbox 598 3069 665 3112; x_wconf 93' lang='lat' dir='ltr'>non</span> <span class='ocrx_word' id='word_1_457' title='bbox 686 3071 746 3114; x_wconf 91' lang='lat' dir='ltr'>sua</span> <span class='ocrx_word' id='word_1_458' title='bbox 768 3050 939 3128; x_wconf 90' lang='lat' dir='ltr'>industria,</span> <span class='ocrx_word' id='word_1_459' title='bbox 968 3059 1001 3115; x_wconf 90' lang='lat' dir='ltr'>et</span> <span class='ocrx_word' id='word_1_460' title='bbox 1023 3051 1117 3116; x_wconf 92' lang='lat' dir='ltr'>electi</span> <span class='ocrx_word' id='word_1_461' title='bbox 1139 3057 1218 3116; x_wconf 91' lang='lat' dir='ltr'>sunt</span> <span class='ocrx_word' id='word_1_462' title='bbox 1270 3072 1367 3115; x_wconf 90' lang='lat' dir='ltr'>nosce</span> <span class='ocrx_word' id='word_1_463' title='bbox 1388 3050 1476 3114; x_wconf 92' lang='lat' dir='ltr'>unde</span> <span class='ocrx_word' id='word_1_464' title='bbox 1499 3050 1639 3133; x_wconf 86' lang='lat' dir='ltr'>accipias</span> <span class='ocrx_word' id='word_1_465' title='bbox 1661 3047 1747 3132; x_wconf 94' lang='lat' dir='ltr'>quod</span> <span class='ocrx_word' id='word_1_466' title='bbox 1765 3050 1815 3113; x_wconf 85' lang='lat' dir='ltr'>vis</span> <span class='ocrx_word' id='word_1_467' title='bbox 1833 3048 1963 3114; x_wconf 89' lang='lat' dir='ltr'>habere.</span> <span class='ocrx_word' id='word_1_468' title='bbox 2008 3049 2162 3114; x_wconf 77' lang='lat' dir='ltr'>Eiusdem</span> <span class='ocrx_word' id='word_1_469' title='bbox 2177 3049 2245 3130; x_wconf 75' lang='lat' dir='ltr'>fere</span> 
     </span>
     <span class='ocr_line' id='line_1_33' title="bbox 240 3133 2247 3220; baseline 0 -23"><span class='ocrx_word' id='word_1_470' title='bbox 240 3143 274 3197; x_wconf 91' lang='lat' dir='ltr'>et</span> <span class='ocrx_word' id='word_1_471' title='bbox 304 3133 408 3197; x_wconf 87' lang='lat' dir='ltr'>vocati</span> <span class='ocrx_word' id='word_1_472' title='bbox 438 3140 471 3196; x_wconf 89' lang='lat' dir='ltr'>et</span> <span class='ocrx_word' id='word_1_473' title='bbox 500 3134 675 3199; x_wconf 87' lang='lat' dir='ltr'>iustificati.</span> <span class='ocrx_word' id='word_1_474' title='bbox 721 3135 878 3200; x_wconf 82' lang='lat' dir='ltr'>Facessat</span> <span class='ocrx_word' id='word_1_475' title='bbox 910 3157 988 3220; x_wconf 90' lang='lat' dir='ltr'>ergo</span> <span class='ocrx_word' id='word_1_476' title='bbox 1022 3138 1130 3202; x_wconf 90' lang='lat' dir='ltr'>inanis</span> <span class='ocrx_word' id='word_1_477' title='bbox 1162 3137 1217 3201; x_wconf 93' lang='lat' dir='ltr'>hio</span> <span class='ocrx_word' id='word_1_478' title='bbox 1269 3137 1444 3220; x_wconf 67' lang='lat' dir='ltr'>argumenti</span> <span class='ocrx_word' id='word_1_479' title='bbox 1465 3140 1510 3201; x_wconf 82' lang='lat' dir='ltr'>est</span> <span class='ocrx_word' id='word_1_480' title='bbox 1527 3135 1603 3199; x_wconf 85' lang='lat' dir='ltr'>liber</span> <span class='ocrx_word' id='word_1_481' title='bbox 1624 3135 1661 3199; x_wconf 86' lang='lat' dir='ltr'>de</span> <span class='ocrx_word' id='word_1_482' title='bbox 1682 3135 1798 3215; x_wconf 75' lang='lat' dir='ltr'>spirita</span> <span class='ocrx_word' id='word_1_483' title='bbox 1820 3140 1848 3198; x_wconf 84' lang='lat' dir='ltr'>et</span> <span class='ocrx_word' id='word_1_484' title='bbox 1870 3135 1974 3214; x_wconf 83' lang='lat' dir='ltr'>litero,</span> <span class='ocrx_word' id='word_1_485' title='bbox 2002 3136 2056 3200; x_wconf 82' lang='lat' dir='ltr'>abi</span> <span class='ocrx_word' id='word_1_486' title='bbox 2076 3134 2247 3203; x_wconf 60' lang='lat' dir='ltr'>Daemo-</span> 
     </span>
     <span class='ocr_line' id='line_1_34' title="bbox 240 3216 2247 3306; baseline 0.002 -25"><span class='ocrx_word' id='word_1_487' title='bbox 240 3218 348 3295; x_wconf 88' lang='lat' dir='ltr'>timor‚</span> <span class='ocrx_word' id='word_1_488' title='bbox 370 3216 462 3282; x_wconf 90' lang='lat' dir='ltr'>nulla</span> <span class='ocrx_word' id='word_1_489' title='bbox 479 3219 548 3283; x_wconf 85' lang='lat' dir='ltr'>fore</span> <span class='ocrx_word' id='word_1_490' title='bbox 566 3219 706 3302; x_wconf 92' lang='lat' dir='ltr'>amplius</span> <span class='ocrx_word' id='word_1_491' title='bbox 723 3222 841 3287; x_wconf 91' lang='lat' dir='ltr'>merita</span> <span class='ocrx_word' id='word_1_492' title='bbox 858 3223 886 3287; x_wconf 92' lang='lat' dir='ltr'>si</span> <span class='ocrx_word' id='word_1_493' title='bbox 903 3221 1044 3288; x_wconf 90' lang='lat' dir='ltr'>liberum</span> <span class='ocrx_word' id='word_1_494' title='bbox 1065 3244 1130 3286; x_wconf 93' lang='lat' dir='ltr'>non</span> <span class='ocrx_word' id='word_1_495' title='bbox 1149 3230 1216 3288; x_wconf 88' lang='lat' dir='ltr'>sta·</span> <span class='ocrx_word' id='word_1_496' title='bbox 1266 3225 1318 3306; x_wconf 71' lang='lat' dir='ltr'>pis</span> <span class='ocrx_word' id='word_1_497' title='bbox 1339 3242 1416 3288; x_wconf 79' lang='lat' dir='ltr'>auce</span> <span class='ocrx_word' id='word_1_498' title='bbox 1432 3226 1600 3304; x_wconf 78' lang='lat' dir='ltr'>praecepta</span> <span class='ocrx_word' id='word_1_499' title='bbox 1627 3242 1688 3285; x_wconf 75' lang='lat' dir='ltr'>nort</span> <span class='ocrx_word' id='word_1_500' title='bbox 1710 3220 1859 3285; x_wconf 64' lang='lat' dir='ltr'>tumaces</span> <span class='ocrx_word' id='word_1_501' title='bbox 1886 3222 2005 3287; x_wconf 76' lang='lat' dir='ltr'>viribus</span> <span class='ocrx_word' id='word_1_502' title='bbox 2025 3221 2130 3285; x_wconf 77' lang='lat' dir='ltr'>metiri</span> <span class='ocrx_word' id='word_1_503' title='bbox 2152 3222 2247 3299; x_wconf 80' lang='lat' dir='ltr'>docet,</span> 
     </span>
     <span class='ocr_line' id='line_1_35' title="bbox 239 3302 2250 3391; baseline 0 -20"><span class='ocrx_word' id='word_1_504' title='bbox 239 3303 289 3371; x_wconf 92' lang='lat' dir='ltr'>bit</span> <span class='ocrx_word' id='word_1_505' title='bbox 310 3303 490 3368; x_wconf 87' lang='lat' dir='ltr'>arbitrium.</span> <span class='ocrx_word' id='word_1_506' title='bbox 536 3302 775 3372; x_wconf 81' lang='lat' dir='ltr'>Stultissimum</span> <span class='ocrx_word' id='word_1_507' title='bbox 792 3308 880 3372; x_wconf 91' lang='lat' dir='ltr'>enim</span> <span class='ocrx_word' id='word_1_508' title='bbox 898 3315 948 3373; x_wconf 87' lang='lat' dir='ltr'>est</span> <span class='ocrx_word' id='word_1_509' title='bbox 969 3309 1009 3374; x_wconf 88' lang='lat' dir='ltr'>ab</span> <span class='ocrx_word' id='word_1_510' title='bbox 1032 3329 1070 3373; x_wconf 92' lang='lat' dir='ltr'>eo</span> <span class='ocrx_word' id='word_1_511' title='bbox 1092 3306 1216 3374; x_wconf 84' lang='lat' dir='ltr'>abster-</span> <span class='ocrx_word' id='word_1_512' title='bbox 1269 3329 1377 3373; x_wconf 73' lang='lat' dir='ltr'>ceum</span> <span class='ocrx_word' id='word_1_513' title='bbox 1393 3307 1449 3372; x_wconf 82' lang='lat' dir='ltr'>ubi</span> <span class='ocrx_word' id='word_1_514' title='bbox 1463 3308 1559 3373; x_wconf 70' lang='lat' dir='ltr'>iussit</span> <span class='ocrx_word' id='word_1_515' title='bbox 1576 3308 1657 3388; x_wconf 79' lang='lat' dir='ltr'>quod</span> <span class='ocrx_word' id='word_1_516' title='bbox 1674 3312 1790 3371; x_wconf 82' lang='lat' dir='ltr'>rectam</span> <span class='ocrx_word' id='word_1_517' title='bbox 1807 3311 1859 3384; x_wconf 74' lang='lat' dir='ltr'>cat,</span> <span class='ocrx_word' id='word_1_518' title='bbox 1879 3310 1982 3391; x_wconf 76' lang='lat' dir='ltr'>pratis</span> <span class='ocrx_word' id='word_1_519' title='bbox 2002 3308 2078 3373; x_wconf 81' lang='lat' dir='ltr'>dare</span> <span class='ocrx_word' id='word_1_520' title='bbox 2094 3307 2250 3388; x_wconf 80' lang='lat' dir='ltr'>implendi</span> 
     </span>
     <span class='ocr_line' id='line_1_36' title="bbox 240 3389 2249 3477; baseline 0.001 -22"><span class='ocrx_word' id='word_1_521' title='bbox 240 3390 305 3455; x_wconf 91' lang='lat' dir='ltr'>reri</span> <span class='ocrx_word' id='word_1_522' title='bbox 328 3411 365 3455; x_wconf 89' lang='lat' dir='ltr'>ac</span> <span class='ocrx_word' id='word_1_523' title='bbox 388 3389 536 3473; x_wconf 82' lang='lat' dir='ltr'>reingere</span> <span class='ocrx_word' id='word_1_524' title='bbox 558 3412 620 3473; x_wconf 93' lang='lat' dir='ltr'>qno</span> <span class='ocrx_word' id='word_1_525' title='bbox 643 3413 701 3458; x_wconf 91' lang='lat' dir='ltr'>nos</span> <span class='ocrx_word' id='word_1_526' title='bbox 723 3393 885 3475; x_wconf 89' lang='lat' dir='ltr'>scriptura</span> <span class='ocrx_word' id='word_1_527' title='bbox 901 3403 1004 3459; x_wconf 88' lang='lat' dir='ltr'>vocat.</span> <span class='ocrx_word' id='word_1_528' title='bbox 1051 3392 1089 3460; x_wconf 92' lang='lat' dir='ltr'>Si</span> <span class='ocrx_word' id='word_1_529' title='bbox 1107 3395 1217 3459; x_wconf 89' lang='lat' dir='ltr'>omnia</span> <span class='ocrx_word' id='word_1_530' title='bbox 1267 3394 1449 3477; x_wconf 65' lang='lat' dir='ltr'>fucatam</span> <span class='ocrx_word' id='word_1_531' title='bbox 1471 3395 1541 3459; x_wconf 79' lang='lat' dir='ltr'>acis</span> <span class='ocrx_word' id='word_1_532' title='bbox 1561 3394 1669 3459; x_wconf 73' lang='lat' dir='ltr'>aleoba</span> <span class='ocrx_word' id='word_1_533' title='bbox 1715 3393 1781 3458; x_wconf 83' lang='lat' dir='ltr'>Nec</span> <span class='ocrx_word' id='word_1_534' title='bbox 1802 3414 1872 3458; x_wconf 85' lang='lat' dir='ltr'>vcro</span> <span class='ocrx_word' id='word_1_535' title='bbox 1891 3394 1965 3459; x_wconf 78' lang='lat' dir='ltr'>boec</span> <span class='ocrx_word' id='word_1_536' title='bbox 1984 3414 2036 3459; x_wconf 81' lang='lat' dir='ltr'>rea</span> <span class='ocrx_word' id='word_1_537' title='bbox 2056 3393 2163 3477; x_wconf 76' lang='lat' dir='ltr'>lonpcc</span> <span class='ocrx_word' id='word_1_538' title='bbox 2183 3395 2249 3460; x_wconf 81' lang='lat' dir='ltr'>dic-</span> 
     </span>
     <span class='ocr_line' id='line_1_37' title="bbox 241 3475 2247 3628; baseline 0.003 -88"><span class='ocrx_word' id='word_1_539' title='bbox 241 3475 402 3574; x_wconf 76' lang='lat' dir='ltr'>aocopisti,</span> <span class='ocrx_word' id='word_1_540' title='bbox 426 3475 472 3538; x_wconf 85' lang='lat' dir='ltr'>ait</span> <span class='ocrx_word' id='word_1_541' title='bbox 494 3477 526 3574; x_wconf 65' lang='lat' dir='ltr'>(l</span> <span class='ocrx_word' id='word_1_542' title='bbox 548 3476 621 3541; x_wconf 85' lang='lat' dir='ltr'>Oor.</span> <span class='ocrx_word' id='word_1_543' title='bbox 641 3483 671 3555; x_wconf 85' lang='lat'>4,</span> <span class='ocrx_word' id='word_1_544' title='bbox 691 3478 735 3562; x_wconf 80' lang='lat'>7),</span> <span class='ocrx_word' id='word_1_545' title='bbox 758 3478 837 3562; x_wconf 92' lang='lat' dir='ltr'>qnid</span> <span class='ocrx_word' id='word_1_546' title='bbox 859 3480 1017 3628; x_wconf 73' lang='lat' dir='ltr'>plor-iaris,</span> <span class='ocrx_word' id='word_1_547' title='bbox 1039 3481 1132 3563; x_wconf 88' lang='lat' dir='ltr'>quasi</span> <span class='ocrx_word' id='word_1_548' title='bbox 1151 3503 1217 3545; x_wconf 92' lang='lat' dir='ltr'>non</span> <span class='ocrx_word' id='word_1_549' title='bbox 1269 3481 1451 3563; x_wconf 78' lang='lat' dir='ltr'>captationis</span> <span class='ocrx_word' id='word_1_550' title='bbox 1481 3484 1534 3544; x_wconf 78' lang='lat' dir='ltr'>est.</span> <span class='ocrx_word' id='word_1_551' title='bbox 1577 3479 1728 3544; x_wconf 88' lang='lat' dir='ltr'>Primum</span> <span class='ocrx_word' id='word_1_552' title='bbox 1766 3500 1832 3542; x_wconf 90' lang='lat' dir='ltr'>non</span> <span class='ocrx_word' id='word_1_553' title='bbox 1869 3480 1928 3545; x_wconf 95' lang='lat' dir='ltr'>soli</span> <span class='ocrx_word' id='word_1_554' title='bbox 1967 3501 2080 3546; x_wconf 91' lang='lat' dir='ltr'>sumus</span> <span class='ocrx_word' id='word_1_555' title='bbox 2116 3480 2151 3544; x_wconf 94' lang='lat' dir='ltr'>in</span> <span class='ocrx_word' id='word_1_556' title='bbox 2187 3480 2247 3546; x_wconf 91' lang='lat' dir='ltr'>hac</span> 
     </span>
     <span class='ocr_line' id='line_1_38' title="bbox 240 3559 2246 3649; baseline 0.001 -24"><span class='ocrx_word' id='word_1_557' title='bbox 240 3559 423 3642; x_wconf 83' lang='lat' dir='ltr'>acceperis?</span> <span class='ocrx_word' id='word_1_558' title='bbox 469 3560 572 3626; x_wconf 83' lang='lat' dir='ltr'>Vides</span> <span class='ocrx_word' id='word_1_559' title='bbox 593 3562 634 3626; x_wconf 94' lang='lat' dir='ltr'>ob</span> <span class='ocrx_word' id='word_1_560' title='bbox 662 3562 696 3627; x_wconf 90' lang='lat' dir='ltr'>id</span> <span class='ocrx_word' id='word_1_561' title='bbox 723 3566 832 3648; x_wconf 88' lang='lat' dir='ltr'>ipsum</span> <span class='ocrx_word' id='word_1_562' title='bbox 873 3565 963 3632; x_wconf 90' lang='lat' dir='ltr'>ibero</span> <span class='ocrx_word' id='word_1_563' title='bbox 990 3566 1125 3632; x_wconf 89' lang='lat' dir='ltr'>arbitrio</span> <span class='ocrx_word' id='word_1_564' title='bbox 1147 3565 1217 3632; x_wconf 90' lang='lat' dir='ltr'>adi-</span> <span class='ocrx_word' id='word_1_565' title='bbox 1270 3587 1382 3643; x_wconf 88' lang='lat' dir='ltr'>causa,</span> <span class='ocrx_word' id='word_1_566' title='bbox 1416 3564 1472 3631; x_wconf 91' lang='lat' dir='ltr'>sed</span> <span class='ocrx_word' id='word_1_567' title='bbox 1501 3564 1656 3631; x_wconf 83' lang='lat' dir='ltr'>(lhristus</span> <span class='ocrx_word' id='word_1_568' title='bbox 1690 3575 1724 3629; x_wconf 87' lang='lat' dir='ltr'>et</span> <span class='ocrx_word' id='word_1_569' title='bbox 1756 3586 1868 3632; x_wconf 89' lang='lat' dir='ltr'>omnes</span> <span class='ocrx_word' id='word_1_570' title='bbox 1901 3567 2046 3649; x_wconf 86' lang='lat' dir='ltr'>apostoli.</span> <span class='ocrx_word' id='word_1_571' title='bbox 2091 3566 2246 3630; x_wconf 88' lang='lat' dir='ltr'>Viderint</span> 
     </span>
     <span class='ocr_line' id='line_1_39' title="bbox 239 3648 2244 3735; baseline 0.001 -24"><span class='ocrx_word' id='word_1_572' title='bbox 239 3666 329 3711; x_wconf 90' lang='lat' dir='ltr'>mero</span> <span class='ocrx_word' id='word_1_573' title='bbox 351 3667 426 3710; x_wconf 88' lang='lat' dir='ltr'>oum</span> <span class='ocrx_word' id='word_1_574' title='bbox 447 3648 567 3725; x_wconf 86' lang='lat' dir='ltr'>omniu,</span> <span class='ocrx_word' id='word_1_575' title='bbox 590 3669 749 3730; x_wconf 89' lang='lat' dir='ltr'>nequem</span> <span class='ocrx_word' id='word_1_576' title='bbox 771 3652 897 3716; x_wconf 89' lang='lat' dir='ltr'>meritis</span> <span class='ocrx_word' id='word_1_577' title='bbox 916 3652 1024 3717; x_wconf 92' lang='lat' dir='ltr'>locum</span> <span class='ocrx_word' id='word_1_578' title='bbox 1043 3651 1216 3735; x_wconf 85' lang='lat' dir='ltr'>relinquat</span> <span class='ocrx_word' id='word_1_579' title='bbox 1270 3653 1325 3718; x_wconf 90' lang='lat' dir='ltr'>isti</span> <span class='ocrx_word' id='word_1_580' title='bbox 1346 3652 1506 3735; x_wconf 92' lang='lat' dir='ltr'>quomodo</span> <span class='ocrx_word' id='word_1_581' title='bbox 1528 3652 1712 3734; x_wconf 87' lang='lat' dir='ltr'>superiores</span> <span class='ocrx_word' id='word_1_582' title='bbox 1735 3649 1878 3716; x_wconf 84' lang='lat' dir='ltr'>evadant</span> <span class='ocrx_word' id='word_1_583' title='bbox 1894 3653 1931 3716; x_wconf 92' lang='lat' dir='ltr'>in</span> <span class='ocrx_word' id='word_1_584' title='bbox 1948 3653 2137 3730; x_wconf 88' lang='lat' dir='ltr'>certamine,</span> <span class='ocrx_word' id='word_1_585' title='bbox 2159 3651 2244 3733; x_wconf 93' lang='lat' dir='ltr'>quod</span> 
     </span>
     <span class='ocr_line' id='line_1_40' title="bbox 241 3728 2244 3821; baseline 0.001 -23"><span class='ocrx_word' id='word_1_586' title='bbox 241 3728 308 3798; x_wconf 86' lang='lat' dir='ltr'>Sed</span> <span class='ocrx_word' id='word_1_587' title='bbox 331 3736 433 3797; x_wconf 74' lang='lat' dir='ltr'>tamen</span> <span class='ocrx_word' id='word_1_588' title='bbox 454 3738 490 3796; x_wconf 82' lang='lat' dir='ltr'>ut</span> <span class='ocrx_word' id='word_1_589' title='bbox 512 3733 700 3800; x_wconf 72' lang='lat' dir='ltr'>imrtccsta</span> <span class='ocrx_word' id='word_1_590' title='bbox 727 3741 754 3801; x_wconf 84' lang='lat' dir='ltr'>et</span> <span class='ocrx_word' id='word_1_591' title='bbox 774 3738 938 3820; x_wconf 76' lang='lat' dir='ltr'>multiplea</span> <span class='ocrx_word' id='word_1_592' title='bbox 959 3744 1004 3804; x_wconf 76' lang='lat' dir='ltr'>est</span> <span class='ocrx_word' id='word_1_593' title='bbox 1024 3738 1088 3803; x_wconf 86' lang='lat' dir='ltr'>Dci</span> <span class='ocrx_word' id='word_1_594' title='bbox 1110 3738 1218 3819; x_wconf 73' lang='lat' dir='ltr'>benefi-</span> <span class='ocrx_word' id='word_1_595' title='bbox 1270 3760 1346 3804; x_wconf 90' lang='lat' dir='ltr'>cum</span> <span class='ocrx_word' id='word_1_596' title='bbox 1373 3737 1492 3803; x_wconf 92' lang='lat' dir='ltr'>talibus</span> <span class='ocrx_word' id='word_1_597' title='bbox 1519 3738 1733 3821; x_wconf 87' lang='lat' dir='ltr'>antagonistis</span> <span class='ocrx_word' id='word_1_598' title='bbox 1756 3739 1945 3820; x_wconf 86' lang='lat' dir='ltr'>suscipiunt</span> <span class='ocrx_word' id='word_1_599' title='bbox 1990 3738 2157 3816; x_wconf 80' lang='lat' dir='ltr'>Christus,</span> <span class='ocrx_word' id='word_1_600' title='bbox 2187 3736 2244 3820; x_wconf 89' lang='lat' dir='ltr'>qui</span> 
     </span>
     <span class='ocr_line' id='line_1_41' title="bbox 240 3817 2243 3909; baseline 0.003 -27"><span class='ocrx_word' id='word_1_601' title='bbox 240 3820 338 3890; x_wconf 76' lang='lat' dir='ltr'>certio</span> <span class='ocrx_word' id='word_1_602' title='bbox 359 3839 396 3883; x_wconf 86' lang='lat' dir='ltr'>ac</span> <span class='ocrx_word' id='word_1_603' title='bbox 424 3817 610 3897; x_wconf 78' lang='lat' dir='ltr'>liberalitas,</span> <span class='ocrx_word' id='word_1_604' title='bbox 639 3841 719 3902; x_wconf 88' lang='lat' dir='ltr'>quus</span> <span class='ocrx_word' id='word_1_605' title='bbox 747 3824 908 3909; x_wconf 62' lang='lat' dir='ltr'>gratiaci)</span> <span class='ocrx_word' id='word_1_606' title='bbox 931 3825 968 3889; x_wconf 94' lang='lat' dir='ltr'>in</span> <span class='ocrx_word' id='word_1_607' title='bbox 994 3845 1053 3888; x_wconf 93' lang='lat' dir='ltr'>nos</span> <span class='ocrx_word' id='word_1_608' title='bbox 1083 3825 1216 3903; x_wconf 89' lang='lat' dir='ltr'>confert,</span> <span class='ocrx_word' id='word_1_609' title='bbox 1270 3832 1410 3890; x_wconf 89' lang='lat' dir='ltr'>testatur</span> <span class='ocrx_word' id='word_1_610' title='bbox 1431 3845 1491 3889; x_wconf 94' lang='lat' dir='ltr'>nos</span> <span class='ocrx_word' id='word_1_611' title='bbox 1518 3824 1587 3888; x_wconf 89' lang='lat' dir='ltr'>sine</span> <span class='ocrx_word' id='word_1_612' title='bbox 1610 3846 1645 3888; x_wconf 89' lang='lat' dir='ltr'>sc</span> <span class='ocrx_word' id='word_1_613' title='bbox 1673 3823 1756 3888; x_wconf 93' lang='lat' dir='ltr'>nihil</span> <span class='ocrx_word' id='word_1_614' title='bbox 1778 3846 1872 3906; x_wconf 91' lang='lat' dir='ltr'>posse</span> <span class='ocrx_word' id='word_1_615' title='bbox 1901 3825 2031 3906; x_wconf 83' lang='lat' dir='ltr'>(Ioann.</span> <span class='ocrx_word' id='word_1_616' title='bbox 2054 3830 2102 3902; x_wconf 81' lang='lat'>15,</span> <span class='ocrx_word' id='word_1_617' title='bbox 2123 3823 2171 3907; x_wconf 85' lang='grc'>5),</span> <span class='ocrx_word' id='word_1_618' title='bbox 2201 3846 2243 3888; x_wconf 91' lang='lat' dir='ltr'>an</span> 
     </span>
     <span class='ocr_line' id='line_1_42' title="bbox 240 3903 2246 3994; baseline 0.004 -27"><span class='ocrx_word' id='word_1_619' title='bbox 240 3903 316 3986; x_wconf 88' lang='lat' dir='ltr'>quie</span> <span class='ocrx_word' id='word_1_620' title='bbox 344 3914 471 3969; x_wconf 83' lang='lat' dir='ltr'>nostras</span> <span class='ocrx_word' id='word_1_621' title='bbox 494 3905 586 3983; x_wconf 87' lang='lat' dir='ltr'>fucit,</span> <span class='ocrx_word' id='word_1_622' title='bbox 619 3906 753 3988; x_wconf 90' lang='lat' dir='ltr'>perinde</span> <span class='ocrx_word' id='word_1_623' title='bbox 782 3929 819 3975; x_wconf 90' lang='lat' dir='ltr'>ac</span> <span class='ocrx_word' id='word_1_624' title='bbox 850 3921 980 3976; x_wconf 87' lang='lat' dir='ltr'>nostras</span> <span class='ocrx_word' id='word_1_625' title='bbox 1007 3911 1144 3975; x_wconf 81' lang='lat' dir='ltr'>virtutes</span> <span class='ocrx_word' id='word_1_626' title='bbox 1166 3932 1217 3975; x_wconf 88' lang='lat' dir='ltr'>re-</span> <span class='ocrx_word' id='word_1_627' title='bbox 1269 3910 1342 3975; x_wconf 91' lang='lat' dir='ltr'>ideo</span> <span class='ocrx_word' id='word_1_628' title='bbox 1368 3911 1478 3974; x_wconf 90' lang='lat' dir='ltr'>minus</span> <span class='ocrx_word' id='word_1_629' title='bbox 1512 3909 1723 3991; x_wconf 88' lang='lat' dir='ltr'>reprehendit</span> <span class='ocrx_word' id='word_1_630' title='bbox 1753 3920 1786 3974; x_wconf 90' lang='lat' dir='ltr'>et</span> <span class='ocrx_word' id='word_1_631' title='bbox 1818 3911 1958 3994; x_wconf 84' lang='lat' dir='ltr'>castigat</span> <span class='ocrx_word' id='word_1_632' title='bbox 1985 3931 2040 3975; x_wconf 89' lang='lat' dir='ltr'>eos</span> <span class='ocrx_word' id='word_1_633' title='bbox 2067 3911 2125 3993; x_wconf 92' lang='lat' dir='ltr'>qui</span> <span class='ocrx_word' id='word_1_634' title='bbox 2151 3919 2246 3976; x_wconf 83' lang='lat' dir='ltr'>extra</span> 
     </span>
     <span class='ocr_line' id='line_1_43' title="bbox 240 3995 2247 4079; baseline 0.004 -26"><span class='ocrx_word' id='word_1_635' title='bbox 240 3999 439 4054; x_wconf 88' lang='lat' dir='ltr'>muneratur.</span> <span class='ocrx_word' id='word_1_636' title='bbox 1270 4018 1304 4061; x_wconf 88' lang='lat' dir='ltr'>se</span> <span class='ocrx_word' id='word_1_637' title='bbox 1328 3997 1436 4078; x_wconf 90' lang='lat' dir='ltr'>ipsum</span> <span class='ocrx_word' id='word_1_638' title='bbox 1458 3995 1543 4060; x_wconf 88' lang='lat' dir='ltr'>male</span> <span class='ocrx_word' id='word_1_639' title='bbox 1566 3995 1728 4079; x_wconf 82' lang='lat' dir='ltr'>agebant?</span> <span class='ocrx_word' id='word_1_640' title='bbox 1757 4015 1799 4060; x_wconf 91' lang='lat' dir='ltr'>an</span> <span class='ocrx_word' id='word_1_641' title='bbox 1821 3996 1894 4061; x_wconf 89' lang='lat' dir='ltr'>ideo</span> <span class='ocrx_word' id='word_1_642' title='bbox 1920 3997 2031 4062; x_wconf 90' lang='lat' dir='ltr'>minus</span> <span class='ocrx_word' id='word_1_643' title='bbox 2053 3997 2247 4062; x_wconf 80' lang='lat' dir='ltr'>exhortatur</span> 
     </span>
     <span class='ocr_line' id='line_1_44' title="bbox 265 4074 2246 4173; baseline 0.005 -35"><span class='ocrx_word' id='word_1_644' title='bbox 265 4159 271 4173; x_wconf 36' lang='grc' dir='ltr'>Ι</span> <span class='ocrx_word' id='word_1_645' title='bbox 327 4081 355 4138; x_wconf 83' lang='lat'>3.</span> <span class='ocrx_word' id='word_1_646' title='bbox 400 4074 538 4141; x_wconf 91' lang='lat' dir='ltr'>Addunt</span> <span class='ocrx_word' id='word_1_647' title='bbox 564 4076 650 4160; x_wconf 89' lang='lat' dir='ltr'>quod</span> <span class='ocrx_word' id='word_1_648' title='bbox 677 4099 718 4143; x_wconf 85' lang='lat' dir='ltr'>ex</span> <span class='ocrx_word' id='word_1_649' title='bbox 747 4078 1021 4166; x_wconf 65' lang='lat' dir='ltr'>Ohrysostomoll</span> <span class='ocrx_word' id='word_1_650' title='bbox 1049 4092 1217 4164; x_wconf 90' lang='lat' dir='ltr'>sumptum</span> <span class='ocrx_word' id='word_1_651' title='bbox 1269 4092 1306 4147; x_wconf 92' lang='lat' dir='ltr'>nt</span> <span class='ocrx_word' id='word_1_652' title='bbox 1328 4083 1462 4164; x_wconf 89' lang='lat' dir='ltr'>quisque</span> <span class='ocrx_word' id='word_1_653' title='bbox 1484 4081 1577 4145; x_wconf 91' lang='lat' dir='ltr'>bonis</span> <span class='ocrx_word' id='word_1_654' title='bbox 1599 4082 1751 4164; x_wconf 89' lang='lat' dir='ltr'>operibus</span> <span class='ocrx_word' id='word_1_655' title='bbox 1772 4082 1961 4148; x_wconf 83' lang='lat' dir='ltr'>incumbat?</span> <span class='ocrx_word' id='word_1_656' title='bbox 2001 4082 2127 4148; x_wconf 90' lang='lat' dir='ltr'>Paulus</span> <span class='ocrx_word' id='word_1_657' title='bbox 2148 4105 2246 4166; x_wconf 88' lang='lat' dir='ltr'>quum</span> 
     </span>
     <span class='ocr_line' id='line_1_45' title="bbox 240 4157 2245 4254; baseline 0.003 -28"><span class='ocrx_word' id='word_1_658' title='bbox 240 4157 345 4226; x_wconf 80' lang='lat' dir='ltr'>vrdorr</span> <span class='ocrx_word' id='word_1_659' title='bbox 368 4168 489 4242; x_wconf 87' lang='lat' dir='ltr'>potest,</span> <span class='ocrx_word' id='word_1_660' title='bbox 517 4162 603 4243; x_wconf 91' lang='lat' dir='ltr'>quod</span> <span class='ocrx_word' id='word_1_661' title='bbox 632 4164 764 4231; x_wconf 78' lang='lat' dir='ltr'>sibam</span> <span class='ocrx_word' id='word_1_662' title='bbox 792 4189 857 4233; x_wconf 91' lang='lat' dir='ltr'>non</span> <span class='ocrx_word' id='word_1_663' title='bbox 887 4168 930 4232; x_wconf 90' lang='lat' dir='ltr'>sit</span> <span class='ocrx_word' id='word_1_664' title='bbox 957 4167 1135 4233; x_wconf 88' lang='lat' dir='ltr'>voluntatis</span> <span class='ocrx_word' id='word_1_665' title='bbox 1156 4188 1217 4231; x_wconf 94' lang='lat' dir='ltr'>no·</span> <span class='ocrx_word' id='word_1_666' title='bbox 1269 4188 1382 4234; x_wconf 85' lang='lat' dir='ltr'>severe</span> <span class='ocrx_word' id='word_1_667' title='bbox 1403 4167 1439 4231; x_wconf 90' lang='lat' dir='ltr'>in</span> <span class='ocrx_word' id='word_1_668' title='bbox 1463 4165 1651 4233; x_wconf 82' lang='lat' dir='ltr'>Corinthios</span> <span class='ocrx_word' id='word_1_669' title='bbox 1678 4168 1847 4234; x_wconf 86' lang='lat' dir='ltr'>invehitur</span> <span class='ocrx_word' id='word_1_670' title='bbox 1875 4169 1916 4234; x_wconf 96' lang='lat' dir='ltr'>ob</span> <span class='ocrx_word' id='word_1_671' title='bbox 1943 4170 2088 4234; x_wconf 78' lang='lat' dir='ltr'>caritatis</span> <span class='ocrx_word' id='word_1_672' title='bbox 2115 4169 2245 4254; x_wconf 85' lang='lat' dir='ltr'>neglec-</span> 
     </span>
     <span class='ocr_line' id='line_1_46' title="bbox 239 4245 2246 4346; baseline 0.005 -36"><span class='ocrx_word' id='word_1_673' title='bbox 239 4245 494 4346; x_wconf 25' lang='lat' dir='ltr'>stracUlaoultas,</span> <span class='ocrx_word' id='word_1_674' title='bbox 518 4246 638 4313; x_wconf 91' lang='lat' dir='ltr'>bonum</span> <span class='ocrx_word' id='word_1_675' title='bbox 665 4259 722 4315; x_wconf 88' lang='lat' dir='ltr'>aut</span> <span class='ocrx_word' id='word_1_676' title='bbox 747 4252 871 4317; x_wconf 89' lang='lat' dir='ltr'>malum</span> <span class='ocrx_word' id='word_1_677' title='bbox 894 4253 1029 4338; x_wconf 87' lang='lat' dir='ltr'>eligere,</span> <span class='ocrx_word' id='word_1_678' title='bbox 1060 4261 1118 4318; x_wconf 90' lang='lat' dir='ltr'>aut</span> <span class='ocrx_word' id='word_1_679' title='bbox 1140 4271 1216 4317; x_wconf 93' lang='lat' dir='ltr'>om·</span> <span class='ocrx_word' id='word_1_680' title='bbox 1270 4252 1362 4318; x_wconf 82' lang='lat' dir='ltr'>tum?</span> <span class='ocrx_word' id='word_1_681' title='bbox 1397 4252 1519 4318; x_wconf 88' lang='lat' dir='ltr'>Iisdem</span> <span class='ocrx_word' id='word_1_682' title='bbox 1553 4261 1665 4320; x_wconf 90' lang='lat' dir='ltr'>tamen</span> <span class='ocrx_word' id='word_1_683' title='bbox 1699 4252 1831 4320; x_wconf 89' lang='lat' dir='ltr'>demum</span> <span class='ocrx_word' id='word_1_684' title='bbox 1863 4255 2035 4320; x_wconf 89' lang='lat' dir='ltr'>caritatem</span> <span class='ocrx_word' id='word_1_685' title='bbox 2063 4276 2083 4319; x_wconf 91' lang='lat' dir='ltr'>a</span> <span class='ocrx_word' id='word_1_686' title='bbox 2115 4256 2246 4321; x_wconf 92' lang='lat' dir='ltr'>domino</span> 
     </span>
     <span class='ocr_line' id='line_1_47' title="bbox 239 4331 2245 4427; baseline 0.004 -31"><span class='ocrx_word' id='word_1_687' title='bbox 239 4352 298 4396; x_wconf 89' lang='lat' dir='ltr'>nes</span> <span class='ocrx_word' id='word_1_688' title='bbox 316 4331 460 4397; x_wconf 85' lang='lat' dir='ltr'>ornsdcm</span> <span class='ocrx_word' id='word_1_689' title='bbox 478 4340 616 4398; x_wconf 89' lang='lat' dir='ltr'>naturae</span> <span class='ocrx_word' id='word_1_690' title='bbox 633 4337 806 4421; x_wconf 89' lang='lat' dir='ltr'>participes</span> <span class='ocrx_word' id='word_1_691' title='bbox 827 4339 932 4404; x_wconf 89' lang='lat' dir='ltr'>malos</span> <span class='ocrx_word' id='word_1_692' title='bbox 950 4359 1020 4404; x_wconf 88' lang='lat' dir='ltr'>esse</span> <span class='ocrx_word' id='word_1_693' title='bbox 1043 4350 1215 4423; x_wconf 85' lang='lat' dir='ltr'>oporteret,</span> <span class='ocrx_word' id='word_1_694' title='bbox 1270 4339 1341 4404; x_wconf 87' lang='lat' dir='ltr'>dari</span> <span class='ocrx_word' id='word_1_695' title='bbox 1363 4339 1500 4422; x_wconf 83' lang='lat' dir='ltr'>flagitat.</span> <span class='ocrx_word' id='word_1_696' title='bbox 1545 4340 1700 4405; x_wconf 75' lang='lat' dir='ltr'>Testatur</span> <span class='ocrx_word' id='word_1_697' title='bbox 1726 4342 1762 4404; x_wconf 93' lang='lat' dir='ltr'>in</span> <span class='ocrx_word' id='word_1_698' title='bbox 1784 4341 1922 4424; x_wconf 89' lang='lat' dir='ltr'>epistola</span> <span class='ocrx_word' id='word_1_699' title='bbox 1949 4341 1991 4405; x_wconf 88' lang='lat' dir='ltr'>ad</span> <span class='ocrx_word' id='word_1_700' title='bbox 2013 4341 2182 4407; x_wconf 88' lang='lat' dir='ltr'>Romanos</span> <span class='ocrx_word' id='word_1_701' title='bbox 2200 4344 2245 4427; x_wconf 83' lang='lat'>(9,</span> 
     </span>
     <span class='ocr_line' id='line_1_48' title="bbox 240 4417 2246 4510; baseline 0.005 -27"><span class='ocrx_word' id='word_1_702' title='bbox 240 4425 297 4483; x_wconf 74' lang='lat' dir='ltr'>ant</span> <span class='ocrx_word' id='word_1_703' title='bbox 318 4439 431 4483; x_wconf 90' lang='lat' dir='ltr'>omnes</span> <span class='ocrx_word' id='word_1_704' title='bbox 455 4417 562 4485; x_wconf 89' lang='lat' dir='ltr'>bonos.</span> <span class='ocrx_word' id='word_1_705' title='bbox 607 4421 676 4487; x_wconf 91' lang='lat' dir='ltr'>Noc</span> <span class='ocrx_word' id='word_1_706' title='bbox 696 4422 795 4508; x_wconf 84' lang='lat' dir='ltr'>longe</span> <span class='ocrx_word' id='word_1_707' title='bbox 817 4425 909 4490; x_wconf 89' lang='lat' dir='ltr'>abest</span> <span class='ocrx_word' id='word_1_708' title='bbox 931 4425 972 4490; x_wconf 89' lang='lat' dir='ltr'>ab</span> <span class='ocrx_word' id='word_1_709' title='bbox 994 4446 1047 4499; x_wconf 87' lang='lat' dir='ltr'>co,</span> <span class='ocrx_word' id='word_1_710' title='bbox 1078 4427 1216 4508; x_wconf 91' lang='lat' dir='ltr'>quicun·</span> <span class='ocrx_word' id='word_1_711' title='bbox 1273 4425 1336 4510; x_wconf 83' lang='lat'>16),</span> <span class='ocrx_word' id='word_1_712' title='bbox 1358 4446 1427 4490; x_wconf 89' lang='lat' dir='ltr'>non</span> <span class='ocrx_word' id='word_1_713' title='bbox 1448 4446 1519 4490; x_wconf 89' lang='lat' dir='ltr'>esse</span> <span class='ocrx_word' id='word_1_714' title='bbox 1542 4426 1697 4505; x_wconf 86' lang='lat' dir='ltr'>volentis,</span> <span class='ocrx_word' id='word_1_715' title='bbox 1728 4448 1835 4510; x_wconf 90' lang='lat' dir='ltr'>neque</span> <span class='ocrx_word' id='word_1_716' title='bbox 1862 4429 2037 4506; x_wconf 86' lang='lat' dir='ltr'>currentis,</span> <span class='ocrx_word' id='word_1_717' title='bbox 2068 4427 2127 4492; x_wconf 91' lang='lat' dir='ltr'>sed</span> <span class='ocrx_word' id='word_1_718' title='bbox 2148 4429 2246 4493; x_wconf 89' lang='lat' dir='ltr'>misc·</span> 
     </span>
     <span class='ocr_line' id='line_1_49' title="bbox 239 4505 2246 4598; baseline 0.005 -30"><span class='ocrx_word' id='word_1_719' title='bbox 239 4522 301 4585; x_wconf 89' lang='lat' dir='ltr'>que</span> <span class='ocrx_word' id='word_1_720' title='bbox 321 4513 372 4570; x_wconf 88' lang='lat' dir='ltr'>eat-</span> <span class='ocrx_word' id='word_1_721' title='bbox 393 4505 457 4570; x_wconf 91' lang='lat' dir='ltr'>scri</span> <span class='ocrx_word' id='word_1_722' title='bbox 482 4514 532 4569; x_wconf 92' lang='lat' dir='ltr'>tor</span> <span class='ocrx_word' id='word_1_723' title='bbox 559 4506 615 4570; x_wconf 90' lang='lat' dir='ltr'>illc</span> <span class='ocrx_word' id='word_1_724' title='bbox 642 4509 764 4591; x_wconf 91' lang='lat' dir='ltr'>operis,</span> <span class='ocrx_word' id='word_1_725' title='bbox 794 4510 833 4576; x_wconf 91' lang='lat' dir='ltr'>da</span> <span class='ocrx_word' id='word_1_726' title='bbox 861 4512 1031 4576; x_wconf 87' lang='lat' dir='ltr'>vocatione</span> <span class='ocrx_word' id='word_1_727' title='bbox 1057 4512 1216 4595; x_wconf 85' lang='lat' dir='ltr'>gentium,</span> <span class='ocrx_word' id='word_1_728' title='bbox 1269 4512 1372 4577; x_wconf 87' lang='lat' dir='ltr'>rantis</span> <span class='ocrx_word' id='word_1_729' title='bbox 1392 4510 1455 4577; x_wconf 90' lang='lat' dir='ltr'>Dei</span> <span class='ocrx_word' id='word_1_730' title='bbox 1461 4535 1470 4591; x_wconf 93' lang='lat'>;</span> <span class='ocrx_word' id='word_1_731' title='bbox 1495 4533 1561 4577; x_wconf 92' lang='lat' dir='ltr'>non</span> <span class='ocrx_word' id='word_1_732' title='bbox 1590 4511 1709 4578; x_wconf 87' lang='lat' dir='ltr'>desinit</span> <span class='ocrx_word' id='word_1_733' title='bbox 1737 4520 1848 4578; x_wconf 86' lang='lat' dir='ltr'>tamen</span> <span class='ocrx_word' id='word_1_734' title='bbox 1875 4524 1989 4598; x_wconf 88' lang='lat' dir='ltr'>postca</span> <span class='ocrx_word' id='word_1_735' title='bbox 2017 4523 2051 4579; x_wconf 91' lang='lat' dir='ltr'>et</span> <span class='ocrx_word' id='word_1_736' title='bbox 2071 4513 2246 4579; x_wconf 87' lang='lat' dir='ltr'>admonere</span> 
     </span>
     <span class='ocr_line' id='line_1_50' title="bbox 238 4526 2246 4693; baseline 0.005 -39"><span class='ocrx_word' id='word_1_737' title='bbox 238 4590 295 4689; x_wconf 78' lang='lat' dir='ltr'>qui</span> <span class='ocrx_word' id='word_1_738' title='bbox 313 4591 373 4655; x_wconf 90' lang='lat' dir='ltr'>sub</span> <span class='ocrx_word' id='word_1_739' title='bbox 394 4526 560 4693; x_wconf 71' lang='lat' dir='ltr'>Ambrosii</span> <span class='ocrx_word' id='word_1_740' title='bbox 590 4596 722 4660; x_wconf 89' lang='lat' dir='ltr'>nominc</span> <span class='ocrx_word' id='word_1_741' title='bbox 744 4597 987 4673; x_wconf 72' lang='lat' dir='ltr'>circumfertur,</span> <span class='ocrx_word' id='word_1_742' title='bbox 1016 4596 1094 4663; x_wconf 91' lang='lat' dir='ltr'>dum</span> <span class='ocrx_word' id='word_1_743' title='bbox 1117 4599 1217 4662; x_wconf 90' lang='lat' dir='ltr'>ratio-</span> <span class='ocrx_word' id='word_1_744' title='bbox 1269 4607 1303 4662; x_wconf 92' lang='lat' dir='ltr'>et</span> <span class='ocrx_word' id='word_1_745' title='bbox 1332 4598 1456 4663; x_wconf 89' lang='lat' dir='ltr'>hortari</span> <span class='ocrx_word' id='word_1_746' title='bbox 1485 4608 1518 4663; x_wconf 88' lang='lat' dir='ltr'>et</span> <span class='ocrx_word' id='word_1_747' title='bbox 1544 4601 1717 4683; x_wconf 87' lang='lat' dir='ltr'>corripere.</span> <span class='ocrx_word' id='word_1_748' title='bbox 1762 4597 1832 4663; x_wconf 83' lang='lat' dir='ltr'>Cur</span> <span class='ocrx_word' id='word_1_749' title='bbox 1864 4622 1930 4665; x_wconf 94' lang='lat' dir='ltr'>non</span> <span class='ocrx_word' id='word_1_750' title='bbox 1959 4623 1977 4666; x_wconf 93' lang='lat' dir='ltr'>e</span> <span class='ocrx_word' id='word_1_751' title='bbox 2065 4601 2246 4667; x_wconf 89' lang='lat' dir='ltr'>Dominum</span> 
     </span>
     <span class='ocr_line' id='line_1_51' title="bbox 141 4675 2247 4775; baseline 0.006 -37"><span class='ocrx_word' id='word_1_752' title='bbox 141 4749 145 4756; x_wconf 38' lang='grc'>,</span> <span class='ocrx_word' id='word_1_753' title='bbox 239 4675 417 4775; x_wconf 63' lang='lat' dir='ltr'>ematur,J)</span> <span class='ocrx_word' id='word_1_754' title='bbox 446 4700 610 4744; x_wconf 88' lang='lat' dir='ltr'>nounnem</span> <span class='ocrx_word' id='word_1_755' title='bbox 639 4702 784 4764; x_wconf 85' lang='lat' dir='ltr'>unquam</span> <span class='ocrx_word' id='word_1_756' title='bbox 813 4682 922 4748; x_wconf 87' lang='lat' dir='ltr'>afide</span> <span class='ocrx_word' id='word_1_757' title='bbox 943 4683 1044 4749; x_wconf 86' lang='lat' dir='ltr'>fuisse</span> <span class='ocrx_word' id='word_1_758' title='bbox 1072 4704 1217 4750; x_wconf 90' lang='lat' dir='ltr'>recessu·</span> <span class='ocrx_word' id='word_1_759' title='bbox 1269 4685 1495 4767; x_wconf 87' lang='lat' dir='ltr'>interpellant,</span> <span class='ocrx_word' id='word_1_760' title='bbox 1519 4707 1560 4750; x_wconf 90' lang='lat' dir='ltr'>ne</span> <span class='ocrx_word' id='word_1_761' title='bbox 1581 4686 1628 4749; x_wconf 87' lang='lat' dir='ltr'>ita</span> <span class='ocrx_word' id='word_1_762' title='bbox 1650 4683 1742 4749; x_wconf 87' lang='lat' dir='ltr'>ludat</span> <span class='ocrx_word' id='word_1_763' title='bbox 1763 4705 1912 4768; x_wconf 87' lang='lat' dir='ltr'>operam,</span> <span class='ocrx_word' id='word_1_764' title='bbox 1936 4688 1977 4753; x_wconf 90' lang='lat' dir='ltr'>ab</span> <span class='ocrx_word' id='word_1_765' title='bbox 2020 4686 2186 4752; x_wconf 90' lang='lat' dir='ltr'>ominibus</span> <span class='ocrx_word' id='word_1_766' title='bbox 2207 4708 2247 4750; x_wconf 92' lang='lat' dir='ltr'>ea</span> 
     </span>
     <span class='ocr_line' id='line_1_52' title="bbox 239 4764 2246 4856; baseline 0.005 -32"><span class='ocrx_word' id='word_1_767' title='bbox 239 4780 314 4824; x_wconf 90' lang='lat' dir='ltr'>rum</span> <span class='ocrx_word' id='word_1_768' title='bbox 336 4783 400 4825; x_wconf 86' lang='lat' dir='ltr'>msr</span> <span class='ocrx_word' id='word_1_769' title='bbox 421 4764 647 4831; x_wconf 90' lang='lat' dir='ltr'>mutabilitatis</span> <span class='ocrx_word' id='word_1_770' title='bbox 668 4767 886 4834; x_wconf 86' lang='lat' dir='ltr'>conditionem</span> <span class='ocrx_word' id='word_1_771' title='bbox 909 4770 972 4835; x_wconf 89' lang='lat' dir='ltr'>Dei</span> <span class='ocrx_word' id='word_1_772' title='bbox 994 4771 1102 4854; x_wconf 88' lang='lat' dir='ltr'>gratia</span> <span class='ocrx_word' id='word_1_773' title='bbox 1122 4769 1218 4834; x_wconf 89' lang='lat' dir='ltr'>nobis</span> <span class='ocrx_word' id='word_1_774' title='bbox 1269 4770 1430 4855; x_wconf 85' lang='lat' dir='ltr'>exigendo</span> <span class='ocrx_word' id='word_1_775' title='bbox 1451 4793 1534 4854; x_wconf 85' lang='lat' dir='ltr'>quac</span> <span class='ocrx_word' id='word_1_776' title='bbox 1554 4770 1642 4836; x_wconf 88' lang='lat' dir='ltr'>solus</span> <span class='ocrx_word' id='word_1_777' title='bbox 1663 4771 1734 4853; x_wconf 88' lang='lat' dir='ltr'>ipse</span> <span class='ocrx_word' id='word_1_778' title='bbox 1755 4769 1835 4835; x_wconf 87' lang='lat' dir='ltr'>dare</span> <span class='ocrx_word' id='word_1_779' title='bbox 1857 4781 1973 4855; x_wconf 89' lang='lat' dir='ltr'>potest,</span> <span class='ocrx_word' id='word_1_780' title='bbox 1995 4793 2035 4838; x_wconf 86' lang='lat' dir='ltr'>ea</span> <span class='ocrx_word' id='word_1_781' title='bbox 2056 4770 2246 4856; x_wconf 87' lang='lat' dir='ltr'>castigando</span> 
     </span>
     <span class='ocr_line' id='line_1_53' title="bbox 240 4855 2247 4941; baseline -0 -17"><span class='ocrx_word' id='word_1_782' title='bbox 240 4913 384 4924; x_wconf 47' lang='lat'>„-</span> <span class='ocrx_word' id='word_1_783' title='bbox 396 4917 444 4925; x_wconf 68' lang='grc'>,</span> <span class='ocrx_word' id='word_1_784' title='bbox 1269 4877 1352 4939; x_wconf 87' lang='lat' dir='ltr'>quae</span> <span class='ocrx_word' id='word_1_785' title='bbox 1374 4858 1499 4941; x_wconf 90' lang='lat' dir='ltr'>gratiae</span> <span class='ocrx_word' id='word_1_786' title='bbox 1521 4857 1591 4921; x_wconf 87' lang='lat' dir='ltr'>eius</span> <span class='ocrx_word' id='word_1_787' title='bbox 1613 4855 1741 4921; x_wconf 85' lang='lat' dir='ltr'>defectu</span> <span class='ocrx_word' id='word_1_788' title='bbox 1759 4856 1998 4924; x_wconf 82' lang='lat' dir='ltr'>admittuntur?</span> <span class='ocrx_word' id='word_1_789' title='bbox 2022 4859 2165 4925; x_wconf 90' lang='lat' dir='ltr'>Paulum</span> <span class='ocrx_word' id='word_1_790' title='bbox 2186 4880 2247 4924; x_wconf 89' lang='lat' dir='ltr'>cur</span> 
     </span>
    </p>
   </div>
   <div class='ocr_carea' id='block_1_7' title="bbox 238 4997 2246 5257">
    <p class='ocr_par' dir='ltr' id='par_1_7' title="bbox 238 4997 2246 5257">
     <span class='ocr_line' id='line_1_54' title="bbox 238 4997 2246 5257; baseline 0.022 -141"><span class='ocrx_word' id='word_1_791' title='bbox 238 4997 541 5257; x_wconf 39' lang='lat' dir='ltr'>ppfinbip&#39;prinoi&#39;iibii</span> <span class='ocrx_word' id='word_1_792' title='bbox 565 5004 693 5137; x_wconf 64' lang='lat' dir='ltr'>⁸⁰l¹l¹b¹t</span> <span class='ocrx_word' id='word_1_793' title='bbox 708 5005 1217 5148; x_wconf 50' lang='lat' dir='ltr'>vernihiiriiinii&#39;riiiiii&#39;eil</span> <span class='ocrx_word' id='word_1_794' title='bbox 1270 5038 1320 5094; x_wconf 63' lang='lat'>⁰⁸⁸</span> <span class='ocrx_word' id='word_1_795' title='bbox 1346 5028 1431 5096; x_wconf 61' lang='lat'>‘&#39;⁰¹¹‘’</span> <span class='ocrx_word' id='word_1_796' title='bbox 1457 5036 1515 5092; x_wconf 65' lang='lat'>&#39;¹¹¹‘</span> <span class='ocrx_word' id='word_1_797' title='bbox 1540 5047 1688 5106; x_wconf 60' lang='lat' dir='ltr'>currem</span> <span class='ocrx_word' id='word_1_798' title='bbox 1720 5030 1784 5094; x_wconf 77' lang='lat' dir='ltr'>nisi</span> <span class='ocrx_word' id='word_1_799' title='bbox 1815 5040 1994 5114; x_wconf 73' lang='lat' dir='ltr'>praecunte</span> <span class='ocrx_word' id='word_1_800' title='bbox 2020 5033 2086 5097; x_wconf 73' lang='lat' dir='ltr'>Dei</span> <span class='ocrx_word' id='word_1_801' title='bbox 2117 5033 2246 5097; x_wconf 72' lang='lat' dir='ltr'>misen-</span> 
     </span>
    </p>
   </div>
   <div class='ocr_carea' id='block_1_8' title="bbox 239 5113 2247 5289">
    <p class='ocr_par' dir='ltr' id='par_1_8' title="bbox 239 5113 2247 5289">
     <span class='ocr_line' id='line_1_55' title="bbox 389 5113 2246 5216; baseline -0.005 -24"><span class='ocrx_word' id='word_1_802' title='bbox 389 5137 515 5192; x_wconf 70' lang='lat' dir='ltr'>mab·</span> <span class='ocrx_word' id='word_1_803' title='bbox 531 5142 691 5198; x_wconf 59' lang='lat' dir='ltr'>musam</span> <span class='ocrx_word' id='word_1_804' title='bbox 707 5144 790 5199; x_wconf 63' lang='lat' dir='ltr'>mu,-</span> <span class='ocrx_word' id='word_1_805' title='bbox 815 5148 906 5216; x_wconf 71' lang='lat' dir='ltr'>gnei·</span> <span class='ocrx_word' id='word_1_806' title='bbox 939 5146 1027 5216; x_wconf 73' lang='lat' dir='ltr'>(loet.</span> <span class='ocrx_word' id='word_1_807' title='bbox 1048 5147 1123 5203; x_wconf 61' lang='lat'>1317,</span> <span class='ocrx_word' id='word_1_808' title='bbox 1141 5147 1217 5202; x_wconf 73' lang='lat' dir='ltr'>leot</span> <span class='ocrx_word' id='word_1_809' title='bbox 1269 5114 1389 5213; x_wconf 85' lang='lat' dir='ltr'>cordia,</span> <span class='ocrx_word' id='word_1_810' title='bbox 1412 5133 1495 5196; x_wconf 89' lang='lat' dir='ltr'>quae</span> <span class='ocrx_word' id='word_1_811' title='bbox 1515 5134 1607 5212; x_wconf 76' lang='lat' dir='ltr'>punc</span> <span class='ocrx_word' id='word_1_812' title='bbox 1630 5113 1718 5197; x_wconf 91' lang='lat' dir='ltr'>ipsos</span> <span class='ocrx_word' id='word_1_813' title='bbox 1740 5114 1908 5182; x_wconf 79' lang='lat' dir='ltr'>destituit?</span> <span class='ocrx_word' id='word_1_814' title='bbox 1953 5117 2058 5199; x_wconf 81' lang='lat' dir='ltr'>Quasi</span> <span class='ocrx_word' id='word_1_815' title='bbox 2079 5140 2159 5184; x_wconf 86' lang='lat' dir='ltr'>vero</span> <span class='ocrx_word' id='word_1_816' title='bbox 2180 5141 2246 5183; x_wconf 93' lang='lat' dir='ltr'>non</span> 
     </span>
     <span class='ocr_line' id='line_1_56' title="bbox 239 5197 2247 5289; baseline 0.005 -28"><span class='ocrx_word' id='word_1_817' title='bbox 239 5200 257 5256; x_wconf 93' lang='lat'>1</span> <span class='ocrx_word' id='word_1_818' title='bbox 294 5202 331 5272; x_wconf 77' lang='grc'>7).</span> <span class='ocrx_word' id='word_1_819' title='bbox 399 5204 431 5276; x_wconf 78' lang='lat' dir='ltr'>o)</span> <span class='ocrx_word' id='word_1_820' title='bbox 448 5206 549 5263; x_wconf 78' lang='lat' dir='ltr'>nouit</span> <span class='ocrx_word' id='word_1_821' title='bbox 566 5206 608 5264; x_wconf 71' lang='lat' dir='ltr'>ra.</span> <span class='ocrx_word' id='word_1_822' title='bbox 626 5210 655 5265; x_wconf 85' lang='lat' dir='ltr'>in</span> <span class='ocrx_word' id='word_1_823' title='bbox 673 5210 769 5269; x_wconf 76' lang='lat' dir='ltr'>uena.</span> <span class='ocrx_word' id='word_1_824' title='bbox 839 5214 869 5284; x_wconf 69' lang='grc' dir='ltr'>τ)</span> <span class='ocrx_word' id='word_1_825' title='bbox 888 5215 964 5270; x_wconf 65' lang='lat' dir='ltr'>Liba.</span> <span class='ocrx_word' id='word_1_826' title='bbox 983 5214 1007 5270; x_wconf 75' lang='lat' dir='ltr'>a</span> <span class='ocrx_word' id='word_1_827' title='bbox 1026 5215 1091 5271; x_wconf 72' lang='lat' dir='ltr'>st</span> <span class='ocrx_word' id='word_1_828' title='bbox 1270 5211 1395 5286; x_wconf 80' lang='lat' dir='ltr'>optima</span> <span class='ocrx_word' id='word_1_829' title='bbox 1420 5197 1588 5264; x_wconf 78' lang='lat' dir='ltr'>doctrinae</span> <span class='ocrx_word' id='word_1_830' title='bbox 1615 5219 1693 5266; x_wconf 84' lang='lat' dir='ltr'>suae</span> <span class='ocrx_word' id='word_1_831' title='bbox 1721 5204 1805 5268; x_wconf 86' lang='lat' dir='ltr'>ratio</span> <span class='ocrx_word' id='word_1_832' title='bbox 1830 5203 1975 5270; x_wconf 91' lang='lat' dir='ltr'>Domino</span> <span class='ocrx_word' id='word_1_833' title='bbox 1991 5211 2136 5284; x_wconf 88' lang='lat' dir='ltr'>constet,</span> <span class='ocrx_word' id='word_1_834' title='bbox 2163 5226 2247 5289; x_wconf 87' lang='lat' dir='ltr'>quae</span> 
     </span>
    </p>
   </div>
   <div class='ocr_carea' id='block_1_9' title="bbox 1269 4943 2268 5030">
    <p class='ocr_par' dir='ltr' id='par_1_9' title="bbox 1269 4943 2268 5030">
     <span class='ocr_line' id='line_1_57' title="bbox 1269 4943 2268 5030; baseline 0.002 -22"><span class='ocrx_word' id='word_1_835' title='bbox 1269 4964 1335 5008; x_wconf 94' lang='lat' dir='ltr'>non</span> <span class='ocrx_word' id='word_1_836' title='bbox 1356 4943 1534 5008; x_wconf 89' lang='lat' dir='ltr'>admonent</span> <span class='ocrx_word' id='word_1_837' title='bbox 1560 4949 1600 5005; x_wconf 94' lang='lat' dir='ltr'>ut</span> <span class='ocrx_word' id='word_1_838' title='bbox 1620 4950 1734 5024; x_wconf 88' lang='lat' dir='ltr'>parcat</span> <span class='ocrx_word' id='word_1_839' title='bbox 1761 4943 1818 5022; x_wconf 88' lang='lat' dir='ltr'>iis,</span> <span class='ocrx_word' id='word_1_840' title='bbox 1838 4966 1977 5027; x_wconf 91' lang='lat' dir='ltr'>quorum</span> <span class='ocrx_word' id='word_1_841' title='bbox 1998 4947 2033 5011; x_wconf 93' lang='lat' dir='ltr'>in</span> <span class='ocrx_word' id='word_1_842' title='bbox 2055 4966 2155 5010; x_wconf 90' lang='lat' dir='ltr'>manu</span> <span class='ocrx_word' id='word_1_843' title='bbox 2176 4966 2268 5030; x_wconf 41' lang='lat' dir='ltr'>non,</span> 
     </span>
    </p>
   </div>
   <div class='ocr_carea' id='block_1_10' title="bbox 0 0 2348 5842">
    <p class='ocr_par' dir='ltr' id='par_1_10' title="bbox 0 0 2348 5842">
     <span class='ocr_line' id='line_1_58' title="bbox 0 0 2348 5842; baseline 0 0"><span class='ocrx_word' id='word_1_844' title='bbox 0 0 2348 5842; x_wconf 95' lang='lat' dir='ltr'> </span> 
     </span>
    </p>
   </div>
  </div>
 </body>
</html>
