4672 5842
132 290 194 352 313
463 293 553 358 LIB.
575 293 620 358 H.
665 293 729 358 DE
752 291 1040 359 COGNI'IIONE
1063 293 1144 360 DEI
1164 292 1509 361 REDEMPTORIS.
1551 293 1650 362 OAP.
1674 294 1736 360 IX.
1760 295 1804 361 X.
2071 301 2136 362 314

133 475 225 541 alind
244 480 303 541 tote
320 478 492 543 ministerii
516 480 568 543 sni
594 500 690 544 cursa
710 471 784 564 epit,
811 502 907 563 qncrn
928 486 963 545 nt
986 479 1108 546 Christo
1162 481 1239 564 quia
1262 501 1303 544 ex
1325 488 1419 546 tanta
1440 480 1601 547 brevitate
1619 503 1714 546 nemo
1737 489 1861 548 certam
1882 482 2137 566 intelligentiam

126 567 259 646 pararet
284 564 463 644 discipulos.
521 565 628 630 Sicuti·
653 568 747 631 etiarn
778 566 832 632 boc
863 566 924 632 sibi
955 567 1109 631 divinitas
1162 575 1397 650 assequeretur,
1422 567 1602 651 longiorem
1624 568 1884 651 explicationem,
1908 569 1936 632 si
1958 568 2037 651 quid
2060 590 2137 653 pro-

132 650 308 713 ininnctnrn
336 670 401 714 esse
427 671 466 714 ea
494 651 603 716 Iesaic
630 653 751 733 proba.
796 653 865 717 Hoc
892 673 984 717 sensa
1007 653 1108 717 dictes
1161 652 1254 718 desse
1276 653 1440 733 volumus,
1469 656 1620 736 persequi
1640 676 1772 720 necesse
1794 662 1852 718 cst.
1898 654 2074 719 Caeterum
2100 656 2136 721 in

131 739 177 799 est
198 756 219 799 a
243 733 367 800 Christo
390 736 519 821 (Ioann.
540 742 568 815 5,
589 738 645 821 35)
664 738 790 802 tnoerna
812 739 925 803 ardens
947 743 974 802 et
994 739 1107 817 lucens,
1162 737 1377 803 similitudine
1399 739 1452 804 vel
1473 740 1582 821 potius
1604 740 1732 804 unitate
1754 737 1965 818 ostendenda,
1990 742 2136 823 singulas

131 821 209 901 qnia
237 821 374 884 nendnni
400 822 551 886 ‘illuceret
572 825 688 905 plenas
715 825 789 889 dice.
837 824 902 889 Nec
927 830 1028 888 tamen
1054 824 1109 889 hec
1161 824 1346 906 particulas,
1370 846 1452 906 quac
1474 825 1540 888 iam
1563 826 1734 907 expeditae
1757 832 1843 902 sunt,
1866 846 1908 889 ex
1924 827 2054 909 integro
2083 849 2136 891 re·

133 906 230 970 obstat
254 908 420 987 quominus
449 915 629 974 numeretur
660 912 737 975 inter
764 910 915 993 evcnpetii
931 930 1108 992 praecones,
1161 917 1302 975 nccare
1325 930 1565 992 supervacuum
1593 911 1707 990 fuerit;
1731 911 1858 976 macera
1884 932 1953 975 cero
1980 933 2059 993 qnae
2080 913 2137 978 cd-

132 992 226 1056 sienti
253 993 355 1058 eodem
382 1014 461 1058 asne
492 1000 536 1061 cst
561 996 726 1077 baptismo,
760 996 815 1076 qni
836 1002 946 1077 postea
973 997 1110 1061 traditus
1161 995 1221 1059 buc
1248 995 1327 1061 abibi
1355 996 1485 1062 dicenda
1518 1001 1623 1074 nunt,
1655 998 1912 1077 visiternpesticnrn.
1957 998 2000 1061 In
2029 997 2136 1063 tribus
2215 1020 2219 1028 ’

131 1077 195 1158 ferit
215 1078 372 1160 apostolis.
417 1078 480 1144 Sed
501 1082 581 1161 qnod
602 1103 732 1147 moraes
754 1086 889 1161 estnon
906 1083 971 1146 nisi
986 1080 1109 1147 Christo
1161 1087 1263 1145 artem
1283 1080 1428 1146 maxime
1450 1081 1610 1164 capitibus
1633 1082 1687 1148 hic
1710 1081 1927 1147 insistendum
1957 1095 2014 1146 est.
2059 1085 2135 1148 Pri·

131 1163 167 1228 in
196 1164 347 1230 coelestem
374 1166 509 1248 pieriam
536 1172 655 1247 recepto
689 1168 830 1233 liberiore
857 1187 1026 1251 progressu
1048 1189 1109 1250 per
1160 1188 1252 1230 mum
1284 1175 1320 1231 ut
1347 1175 1533 1244 teneamus,
1568 1190 1634 1233 non
1667 1168 1834 1233 carnalem
1855 1168 2065 1250 ,opulentiam
2098 1191 2136 1235 ac

132 1250 286 1330 apostotos
307 1251 485 1333 cnnpletnrn
506 1256 558 1318 cst.
1159 1252 1348 1318 felicitatem
1385 1259 1508 1317 metam
1546 1254 1646 1318 fuisse
1688 1253 1821 1318 Iudaeis
1859 1255 2060 1336 propositam
2094 1253 2136 1319 ad

1161 1359 1257 1421 quam
1284 1338 1416 1403 demum
1445 1339 1641 1422 aspirarent,
1676 1339 1733 1404 sed
1761 1340 1796 1402 in
1825 1360 1916 1421 spem
1943 1340 2137 1404 immortali·

1160 1425 1237 1489 tatis
1258 1425 1358 1489 fuisse
1380 1432 1559 1507 cooptatos,
1586 1432 1682 1507 atque
1707 1425 1806 1489 huius
1834 1424 2016 1507 adoptionis
2042 1425 2136 1506 ficas

490 1508 642 1576 CAPUT
664 1509 708 1573 X.
724 1508 748 1594 ¹)
1161 1510 1224 1573 illis
1247 1511 1347 1575 fuisse
1369 1519 1440 1574 tum
1468 1510 1622 1589 oraculis,
1651 1520 1722 1574 tum
1750 1511 1836 1594 lege,
1864 1519 1938 1574 tum
1965 1511 2135 1594 prophetis

236 1650 303 1731 Do
336 1649 610 1733 similitudine
642 1652 797 1733 veteris
831 1663 875 1734 et
905 1652 1002 1734 novi
1161 1595 2135 1759 dlllbwllhslblllhfhllllblqlldlbllhbtlillvbndlb‘s

495 1773 751 1854 testamenti·
874 1831 876 1834 ,
1161 1768 1203 1831 tis
1231 1768 1454 1833 misericordia
1481 1769 1582 1832 fuisse
1611 1768 1792 1832 suffultum.
1838 1769 1993 1844 Tertium,
2024 1776 2058 1832 et
2076 1768 2135 1832 ha-

1160 1852 1271 1918 buisse
1303 1853 1390 1936 ipsos
1422 1861 1455 1918 et
1492 1855 1682 1936 regnavisse
1709 1852 1922 1917 mediatorem
1955 1852 2134 1932 Christum,

221 1942 247 1998 l.
294 1934 349 1999 Ea
367 1937 583 2017 superioribas
601 1938 718 2019 liquere
735 1939 801 2002 iarn
813 1943 921 2020 intest,
945 1959 1107 2022 quoscun-
1160 1960 1219 2020 per
1241 1960 1339 2021 quem
1361 1947 1394 2003 et
1415 1940 1490 2021 Deo
1510 1940 1798 2023 coniungerentur,
1828 1946 1861 2003 et
1881 1939 2136 2021 promissionum

132 2045 195 2106 que
218 2021 258 2085 ab
286 2022 380 2085 initio
409 2021 524 2086 mundi
553 2023 702 2087 homines
728 2025 821 2089 Deus
854 2025 889 2089 in
917 2024 1029 2108 populi
1057 2026 1109 2090 sui
1161 2025 1231 2089 eius
1258 2033 1421 2107 compotes
1451 2025 1565 2089 forent.
1610 2026 1664 2088 Ex
1692 2025 1810 2107 quibus
1835 2023 2030 2102 secundum,
2058 2024 2136 2105 qnia

133 2118 254 2174 sortem
277 2109 455 2191 cooptavit,
486 2110 593 2174 cedern
622 2109 694 2193 lege
719 2117 815 2192 atque
836 2110 1003 2176 doctrinae
1026 2112 1108 2177 cins-
1160 2111 1298 2174 nendnrn
1318 2111 1398 2192 sorte
1420 2112 1500 2175 satis
1527 2112 1673 2190 innotuit,
1699 2131 1756 2174 sno
1773 2111 1835 2175 leco
1855 2110 1926 2192 snae
1948 2111 2135 2175 denimstra

133 2196 201 2259 dent
223 2214 303 2276 qnae
323 2193 405 2258 inter
431 2215 488 2258 nos
511 2196 590 2278 eipet
617 2195 749 2260 vinculo
776 2196 877 2260 fuisse
905 2197 936 2261 ei
963 2195 1108 2262 foedera·
1160 2195 1251 2261 bitur.
1309 2196 1468 2261 Pinrirnis
1506 2200 1589 2263 erim
1627 2217 1663 2260 ac
1695 2196 1868 2260 lucidentis
1900 2195 2135 2278 prophetarum

132 2289 191 2344 tos.
240 2279 301 2345 Sed
330 2281 407 2362 quic
432 2300 637 2363 receperam
663 2283 787 2345 interest
813 2287 906 2364 capnt
932 2282 986 2346 bec
1014 2282 1109 2348 stobi-
1161 2282 1356 2347 testimoniis
1369 2281 1640 2361 confirmabimus,
1664 2303 1792 2346 amera
1809 2282 1908 2346 firisse
1929 2281 2074 2345 bonitate
2097 2303 2135 2347 ac

132 2367 203 2444 biri,
229 2367 293 2430 cicc
318 2367 502 2447 appardicis
529 2373 705 2444 anneaarn,
732 2388 828 2447 qnam
843 2373 954 2448 patres
974 2369 1109 2434 andern
1160 2367 1381 2451 indulgentia,
1411 2365 1566 2451 quidquid
1588 2389 1734 2450 unquam
1754 2366 1917 2431 Dominus
1937 2367 2054 2449 populo
2077 2387 2135 2431 suo

132 2451 290 2517 nobiscnm
320 2451 522 2517 be-creditetis
553 2453 675 2534 suerint
705 2459 872 2533 macria,
909 2459 937 2518 et
972 2455 1109 2519 eiusdem
1160 2454 1321 2518 benefecit
1353 2476 1391 2520 ac
1423 2454 1581 2536 promisit.
1632 2455 1780 2517 Tertium
1812 2474 1938 2535 quoqne
1972 2475 2047 2518 suas
2076 2454 2135 2518 ha·

131 2539 312 2604 mediatoris
353 2539 462 2621 pratia
507 2558 697 2604 commanem
732 2539 867 2607 edinen
906 2540 1107 2620 monetent,
1160 2539 1232 2604 buit
1254 2540 1392 2624 sparsim
1415 2561 1481 2604 non
1504 2539 1657 2605 obscuras
1680 2538 1981 2604 demonstrationes.
2027 2540 2077 2603 Ac
2093 2558 2135 2604 ne
2234 2544 2237 2549 ’

130 2629 282 2705 qnatenm
308 2625 343 2688 in
370 2625 510 2689 scemate
542 2624 600 2690 bec
632 2625 758 2690 diversa
785 2626 883 2707 suerit
911 2646 1015 2690 eornm
1042 2646 1110 2691 een
1160 2625 1303 2708 primum
1325 2626 1456 2709 quidem
1477 2627 1638 2691 intactum
1659 2625 1858 2708 reliquimus.

129 2712 216 2776 ditio.
261 2708 461 2791 Quanquam
488 2717 599 2775 autem
625 2732 708 2794 quae
735 2710 873 2794 exlege
903 2732 940 2776 ao
967 2712 1108 2795 prophe-
1248 2715 1276 2776 3.
1307 2713 1346 2775 In
1361 2713 1422 2777 hoc
1441 2733 1518 2795 ergo
1530 2709 1723 2794 explicando
1736 2711 1884 2795 (quiacd
1895 2730 2024 2776 censent
2039 2730 2136 2791 prue-v

130 2797 174 2860 tis
214 2795 257 2860 ad
302 2797 372 2861 eius
409 2797 635 2878 probationem
680 2796 869 2881 collegimus
908 2797 1105 2876 testimonia,
1159 2801 1272 2862 senten
1289 2799 1426 2862 mecine
1437 2799 1580 2880 pertinet,
1602 2803 1631 2862 et
1648 2797 1687 2861 de
1707 2797 1777 2879 ipso
1799 2796 1873 2879 plus
1894 2796 2135 2861 controversiae

130 2882 239 2964 palam
259 2882 384 2948 faciunt
405 2903 473 2946 non
494 2881 593 2946 aliam
613 2905 757 2965 unquam
779 2883 879 2948 sitisse
904 2883 940 2948 in
961 2883 1027 2948 Dei
1047 2904 1106 2967 po·
1159 2884 1253 2948 nobis
1273 2884 1414 2967 faciunt)
1436 2885 1644 2950 intentiorem
1666 2904 1825 2966 ponemus
1846 2902 1993 2965 operam3
2016 2882 2062 2945 sic
2084 2887 2133 2946 ta

129 2967 208 3050 pulo
240 2968 409 3052 religionis
448 2969 643 3052 pietatisque
675 2969 838 3052 regulam,
879 2970 957 3052 quia
995 2976 1106 3034 tamar
1158 2991 1236 3033 men
1263 2977 1302 3034 ut
1329 2970 1358 3034 si
1385 2969 1463 3053 quid
1493 2969 1632 3033 aliorum
1660 2968 1869 3051 explicationi
1898 2965 2004 3032 adhuc
2033 2965 2132 3046 deest,

130 3052 216 3137 apud
239 3053 415 3137 scriptores
441 3054 548 3118 multa
575 3075 672 3137 saepe
701 3054 741 3120 de
770 3053 958 3119 discrimine
984 3056 1106 3121 veteris
1159 3055 1263 3121 obiter
1285 3056 1480 3134 sufficiatur,
1510 3057 1557 3120 cel
1579 3060 1746 3135 opportere
1772 3054 1882 3119 deinde
1903 3053 1965 3117 loco
1985 3053 2132 3118 addatur.

130 3161 167 3205 ac
200 3141 279 3205 novi
312 3141 502 3205 testamenti
536 3139 759 3223 disputantur,
797 3163 881 3223 quae
914 3141 1106 3222 scrupulum
1159 3139 1248 3207 Sane
1282 3140 1322 3206 de
1354 3140 1504 3206 omnibus
1543 3141 1779 3205 dubitationem
1812 3139 1927 3203 eximit
1959 3138 2132 3220 apostolus,

128 3247 255 3375 parum.
274 3233 369 3290 acute
397 3226 514 3292 lectori
537 3226 669 3292 iniicere
696 3227 838 3310 possint,
868 3226 945 3291 huic
967 3228 1015 3291 rei
1037 3249 1106 3292 me-
1157 3249 1259 3310 quum
1281 3229 1327 3292 ait
1355 3225 1464 3327 (Rom.
1489 3232 1514 3306 l,
1535 3228 1589 3311 2),
1618 3227 1728 3290 Deum
1756 3232 1884 3307 patrem
1913 3224 2132 3307 evangelium,

144 3313 193 3377 'us
216 3320 314 3394 atque
341 3313 488 3378 exactius
517 3311 739 3379 discutiendae
771 3313 970 3396 peculiarem
996 3311 1106 3378 locum
1159 3314 1245 3396 quod
1267 3313 1307 3377 de
1324 3313 1391 3378 fiho
1410 3335 1468 3378 suo
1486 3313 1667 3378 secundum
1688 3319 1818 3394 tempus
1837 3309 2036 3374 destinatum
2057 3329 2134 3391 pro-

127 3399 201 3461 iure
229 3396 473 3463 destinabimus.
519 3395 609 3478 Quin
636 3399 751 3477 etiam,
785 3399 872 3481 quod
893 3398 1105 3484 utilissimum
1158 3398 1335 3482 mulgavit,
1369 3399 1465 3483 longe
1496 3407 1573 3463 ante
1603 3419 1662 3480 per
1689 3397 1866 3480 prophetas
1898 3397 1933 3459 in
1963 3395 2134 3477 scripturis

128 3481 253 3563 alioqui
279 3482 426 3546 futurum
459 3490 544 3562 crat,
577 3485 799 3550 necessarium
831 3483 927 3550 nobis
958 3485 1107 3550 fecerimt
1159 3486 1280 3551 sanctis
1303 3486 1499 3568 promisisse.
1544 3485 1646 3561 Item,
1668 3482 1745 3548 fidei
1773 3482 1947 3561 iustitiam,
1971 3502 2053 3563 quae
2075 3500 2134 3563 per

122 3566 329 3651 prodigiosus
360 3568 465 3632 ncbnlo
500 3568 642 3635 Serretes
673 3576 701 3636 et
737 3570 850 3635 furiosi
882 3571 1031 3635 nonnulli
1064 3593 1105 3636 ex
1159 3571 1365 3655 evangelium
1392 3572 1500 3653 ipsum
1529 3570 1677 3648 docetur,
1711 3568 1932 3634 testimonium
1966 3567 2088 3631 habere
2115 3585 2135 3631 a

128 3654 425 3735 Anabaptistarum
443 3660 540 3734 secta,
569 3656 625 3738 qui
647 3677 714 3720 non
740 3656 836 3721 aliter
864 3657 904 3721 de
932 3657 1106 3722 israelitico
1158 3657 1230 3739 lege
1251 3665 1285 3721 et
1304 3657 1475 3740 prophetis
1498 3657 1607 3739 (Rom.
1629 3660 1658 3735 3,
1679 3656 1743 3736 21).
1787 3652 2009 3737 Evangelium
2033 3652 2134 3734 siqui-

128 3740 250 3823 populo
278 3740 427 3803 sentiunt
453 3761 552 3822 quam
589 3742 629 3806 de
656 3741 762 3825 aliquo
795 3762 969 3826 porcorum
995 3764 1104 3827 grege,
1158 3743 1233 3807 dem
1254 3743 1427 3806 hominum
1449 3741 1547 3807 corda
1574 3764 1640 3806 non
1661 3742 1697 3805 in
1723 3741 1904 3823 praesentis
1932 3739 2018 3804 vitae
2039 3737 2133 3801 laeti-

129 3832 242 3909 utpote
272 3847 368 3908 quem
397 3840 564 3909 nugantur
591 3828 774 3892 aDomino
803 3830 839 3893 in
859 3829 922 3894 hac
944 3837 1031 3893 terra
1053 3850 1105 3893 sa·
1158 3829 1205 3894 tia
1227 3828 1358 3906 detinet,
1381 3827 1438 3892 sed
1460 3826 1502 3891 ad
1524 3849 1615 3910 spem
1637 3825 1891 3890 immortalitatis
1913 3824 2038 3901 evehit;
2067 3843 2134 3887 non

130 3911 291 3996 ginatum‚
315 3913 399 3977 citra
421 3933 512 3994 spem
542 3913 645 3977 ullam
665 3912 813 3979 coelestis
840 3915 1103 3981 immortalitatis.
1156 3915 1298 3980 terrenis
1320 3914 1443 3980 deliciis
1466 3914 1578 3997 affigit,
1601 3913 1658 3977 sed
1681 3934 1772 3994 spem
1793 3913 1828 3974 in
1851 3909 1938 3976 coelo
1956 3909 2133 3992 repositam

130 3997 230 4063 Hunc
250 4019 328 4082 ergo
357 3998 549 4081 pestiferum
576 4020 720 4063 errorem
742 4008 779 4063 ut
803 4021 971 4064 arceamus
1001 4001 1105 4083 apiis
1137 4001 1371 4077 annuntians,
1416 3999 1495 4065 illuc
1533 3997 1769 4082 quodammodo
1809 4003 2020 4079 transportat.
2077 3992 2133 4061 Sic

131 4083 263 4163 animis,
292 4084 390 4149 simul
419 4084 517 4148 etiam
543 4091 581 4147 ut
602 4084 811 4150 difficultates
840 4108 952 4172 omnes
980 4087 1105 4152 enima-
1157 4089 1245 4152 enim
1263 4087 1350 4152 alibi
1373 4086 1486 4151 definit
1515 4084 1615 4169 (Eph.
1639 4089 1671 4162 l,
1693 4083 1761 4168 l3):
1794 4088 2006 4165 posteaquam
2033 4101 2133 4146 evan·

130 4190 212 4248 mus,
237 4190 318 4252 quae
346 4170 459 4234 audita
490 4168 687 4235 diversitatis
713 4172 878 4236 mentione
900 4174 987 4236 inter
1008 4180 1105 4238 vetus
1157 4173 1241 4258 gelio
1264 4171 1455 4250 credidistis,
1486 4170 1648 4255 obsignati
1671 4170 1748 4233 estis
1770 4169 1889 4250 spiritu
1909 4167 2133 4250 promissionis

132 4276 169 4320 ac
201 4277 325 4322 novum
358 4263 593 4321 testamentum
634 4255 773 4320 suboriri
804 4259 954 4340 protinus
988 4259 1103 4336 solent,
1157 4267 1277 4338 sancto,
1301 4259 1358 4341 qui
1379 4263 1429 4323 est
1450 4257 1591 4322 arrhabo
1616 4255 1828 4321 haereditatis
1851 4261 1995 4332 nostrae,
2025 4254 2060 4316 in
2081 4273 2132 4314 re-

130 4341 236 4406 obiter
271 4342 485 4424 inspiciamus
518 4341 598 4427 quid
631 4342 751 4421 simile,
783 4344 903 4426 quidve
937 4343 1104 4410 diversum
1157 4345 1378 4428 demptionem
1406 4343 1583 4426 acquisitae
1615 4341 1837 4425 possessionis.
1882 4340 1968 4404 Item
1997 4336 2081 4420 (001.
2104 4340 2131 4412 l,

130 4426 283 4506 habeant,
303 4426 390 4509 quod
407 4428 484 4493 olim
502 4449 579 4495 cum
596 4428 755 4493 Israelitis
776 4429 890 4495 foedus
912 4437 988 4495 ante
1006 4430 1104 4495 Chri·
1157 4432 1207 4515 4):
1243 4431 1430 4496 audivimus
1462 4429 1561 4493 fidem
1596 4437 1740 4495 vestram
1769 4428 1805 4490 in
1831 4426 1963 4490 Christo
1990 4423 2066 4486 Iesu
2099 4427 2132 4484 et

130 4513 173 4576 sti
200 4511 378 4578 adventum
405 4515 571 4579 Dominus
598 4513 737 4598 pepigit,
772 4524 805 4579 et
831 4514 918 4598 quod
953 4536 1040 4580 nuno
1067 4537 1104 4580 eo
1156 4518 1327 4582 caritatem
1349 4537 1428 4600 erga
1450 4522 1592 4580 sanctos:
1617 4520 1756 4595 'propter
1783 4532 1873 4593 spem
1895 4509 1986 4575 vobis
2008 4507 2132 4589 reposi-

130 4599 337 4664 manifestato
358 4602 519 4682 percussit
540 4600 716 4666 nobiscum.
1156 4608 1225 4666 tam
1248 4603 1282 4666 in
1305 4603 1410 4681 coelis,
1433 4599 1472 4666 de
1493 4621 1558 4682 qua
1570 4599 1595 4682 ¹)
1625 4597 1761 4662 audistis
1790 4618 1848 4678 por
1871 4614 2054 4659 sermonem
2076 4613 2133 4658 ve·

216 4689 245 4748 2.
290 4685 341 4749 Ac
367 4708 433 4750 uno
462 4686 593 4769 quidem
621 4687 721 4753 verbo
754 4684 901 4770 expediri
929 4693 1105 4769 utrumque
1157 4709 1266 4754 racem
1304 4687 1475 4772 evangelii.
1530 4685 1618 4748 Item
1650 4684 1684 4766 (2
1704 4683 1817 4747 Thess.
1843 4685 1871 4758 2,
1900 4680 1969 4763 14):
2004 4679 2134 4745 vocavit

130 4776 246 4852 potest.
291 4772 430 4837 Patrum
453 4773 599 4838 omnium
618 4773 733 4838 foedus
754 4773 835 4838 adeo
862 4769 1044 4837 substantia
1072 4780 1106 4837 et
1157 4796 1216 4840 nos
1237 4796 1297 4857 per
1319 4774 1535 4858 evangelium,
1559 4772 1594 4835 in
1616 4768 1898 4853 participationem
1921 4765 2043 4850 gloriae
2064 4763 2135 4863 Do-

131 4856 260 4938 reipsa
287 4857 372 4922 nihil
393 4880 413 4923 a
434 4866 548 4924 nostro
570 4857 693 4939 differt,
717 4865 756 4922 ut
777 4880 882 4924 unum
899 4878 1033 4940 prorsus
1056 4864 1105 4922 at
1158 4860 1239 4924 mini
1262 4862 1365 4926 nostri
1385 4861 1463 4925 Iesu
1488 4857 1621 4923 Christi.
1667 4855 1765 4922 Unde
1794 4863 1827 4919 et
1851 4853 1990 4920 verbum
2019 4852 2134 4917 salutrs

130 4962 194 5024 quc
226 4941 313 5007 idem
347 4945 399 5010 sit.
444 4942 698 5010 Administratib
733 4953 845 5011 tamen
878 4944 992 5012 variat.
1039 4942 1106 5010 Sed
1158 4952 1192 5011 et
1224 4947 1371 5030 potentia
1398 4945 1463 5009 Dei
1496 4943 1537 5009 ad
1569 4941 1742 5009 salvandos
1775 4939 1900 5021 fideles,
1935 4951 1969 5005 et
1993 4958 2134 5024 regnum

200 5217 230 5285 1)
253 5217 321 5271 Vide
334 5219 524 5284 maritans
541 5219 670 5274 editionis
690 5220 754 5287 Cep.
776 5219 829 5272 XI.
849 5219 871 5289 ξ.
891 5218 983 5272 1-23.
1229 5219 1257 5287 1)
1275 5220 1350 5274 aad.
1370 5217 1445 5272 1617.
1465 5217 1808 5288 1654.1sstmale.·qu0.

229 5302 242 5322 Ι
