4672 5842
235 306 297 367 647
882 298 1149 366 INSTITU'HO
1171 300 1276 365 Rau.
1300 299 1480 365 CHRIST.
1508 304 1599 363 1559.
2186 300 2249 361 648

238 498 293 557 tus
322 491 408 554 ullus
430 497 529 572 patet
574 488 615 551 Id
643 497 753 552 autern
782 488 906 569 aliquot
929 488 1067 552 sacculis
1088 489 1217 554 factita-
1270 510 1359 565 rum,
1383 509 1450 551 non
1472 509 1566 552 secus
1589 496 1685 569 atque
1707 487 1898 551 tutelarium
1921 487 2069 564 deorum,
2093 485 2249 550 fidemnse

238 585 309 641 tum
331 576 403 657 quis
425 582 531 657 neget,
550 573 711 655 hodieque
729 572 913 655 ubicunque
937 575 1105 656 papismus
1129 576 1219 657 viget
1270 573 1488 640 contulerunt.
1533 573 1647 655 Neque
1678 573 1789 650 modo,
1824 573 1910 655 quod
1941 573 2019 636 elim
2046 571 2164 638 Israeli
2193 593 2248 636 ex-

239 660 401 726 factitari?
435 660 490 725 Ad
509 660 745 725 conciliandam
756 660 821 725 Dei
832 660 1093 723 benevolentiam
1105 682 1218 724 eorum
1269 660 1446 743 probrabat
1467 659 1626 741 propheta
1645 659 1722 743 (Iar.
1746 663 1774 736 2,
1789 663 1828 722 28
1852 668 1885 723 et
1909 664 1956 736 ll,
1981 658 2043 740 13),
2066 657 2249 722 secundum

238 747 358 811 merita
369 745 507 810 subinde
520 745 750 824 obtruduntur,
763 751 861 826 atque,
875 751 909 809 at
918 747 1106 827 plurimam,
1119 745 1217 810 Chri·
1270 745 1401 810 urbium
1421 767 1595 809 numerum
1619 745 1664 809 dii
1686 754 1765 809 sunt
1782 747 1889 823 erecti,
1913 745 1971 809 sed
1992 744 2175 809 seeundum
2196 767 2248 809 ea·

239 840 288 896 sto
310 833 503 915 praeterito,
532 854 591 914 per
614 853 725 896 eorum
748 832 882 895 nomina
903 832 995 896 Deus
1017 833 1215 897 obsecratur.
1269 832 1377 915 pitum
1409 830 1665 895 multitudinem.
1710 832 1828 913 Atqui,
1862 853 1961 913 quum
1996 832 2032 894 in
2059 851 2159 894 unam
2185 831 2249 894 Dei

238 920 361 983 Annon
384 918 459 997 hoc,
488 940 622 999 quaeso,
650 939 699 981 est
725 940 846 981 munus
869 919 984 982 unicae
1006 918 1093 981 illius
1116 921 1217 982 inter·
1269 917 1472 983 voluntatum
1495 916 1655 981 desideria
1683 939 1742 982 sua
1769 919 1880 981 onmia
1900 918 2058 994 referant,
2088 916 2173 981 hanc
2199 917 2249 980 in·

238 1004 394 1069 cessionis
421 1025 520 1085 quam
546 1003 679 1068 Christo
707 1025 806 1085 supra
839 1005 1037 1067 asseruimus
1070 1004 1110 1067 ad
1144 1004 1217 1067 illes
1269 1010 1433 1073 tueantur,
1455 1004 1489 1065 in
1512 1024 1550 1066 ea
1572 1003 1787 1084 acquiescant,
1811 1003 1925 1067 stolide
1948 1013 1981 1066 et
2003 1002 2178 1066 carnaliter
2200 1011 2248 1065 at

237 1089 432 1155 traducere?
479 1088 608 1154 Deinde
634 1090 705 1170 quis
733 1090 784 1153 vel
814 1089 963 1172 angelust,
999 1090 1050 1154 vel
1078 1090 1217 1154 daemmr
1270 1112 1333 1172 que
1355 1090 1453 1153 etiam
1476 1089 1708 1153 contumeliose
1731 1088 1771 1152 de
1790 1090 1829 1153 iis
1851 1090 1981 1172 cogitat,
2005 1090 2060 1170 qui
2083 1088 2182 1152 aliam
2199 1090 2248 1170 ip-

238 1175 298 1240 ulli
331 1176 502 1239 hominum
530 1175 569 1238 do
597 1175 754 1239 eiusmodi
785 1197 885 1256 quam
914 1180 1045 1258 tingunt.
1072 1178 1218 1258 ipsormu
1270 1177 1315 1239 sis
1337 1175 1516 1239 orationem
1539 1176 1700 1257 assignat,
1730 1196 1828 1256 quam
1856 1198 1920 1256 qua
1942 1176 2005 1238 Dei
2027 1196 2169 1257 regnum
2190 1174 2248 1238 ad·

238 1263 470 1326 intercessione
488 1261 646 1344 syllabam
661 1283 806 1343 unquam
819 1262 1043 1325 renuntiavit?
1069 1263 1104 1324 in
1116 1264 1217 1344 scrip·
1269 1261 1382 1326 venire
1404 1270 1568 1341 expetant.
1615 1262 1646 1323 A
1664 1283 1727 1342 quo
1749 1261 1937 1344 longissime
1960 1262 2052 1325 abest
2073 1259 2159 1341 qued
2183 1260 2247 1325 illis

239 1357 315 1412 tura
342 1348 429 1411 enirn
456 1347 540 1409 nihil
563 1356 678 1411 exstat
724 1345 817 1427 Quae
840 1368 917 1429 ergo
941 1348 1010 1410 aius
1030 1349 1217 1412 camurinis·
1270 1347 1442 1428 affingunt,
1465 1367 1728 1427 unumquemque
1745 1349 1873 1430 privato
1895 1348 2014 1411 affectu
2032 1347 2067 1409 in
2085 1367 2162 1410 suos
2179 1346 2247 1409 eul-

240 1433 362 1499 cendae
384 1434 446 1496 fuit
468 1433 573 1495 ratio?
619 1431 717 1496 Certe
740 1433 818 1497 dum
842 1433 1024 1497 humanum
1047 1435 1217 1515 ingenium
1270 1443 1357 1496 tores
1379 1453 1449 1496 esse
1472 1433 1725 1513 propensiorem.
1767 1432 1914 1497 Tandem
1936 1455 1997 1497 nee
2020 1433 2061 1497 ab
2084 1432 2247 1497 horrendo

240 1518 384 1584 subsidia
406 1519 467 1582 sibi
488 1518 534 1581 ita
556 1519 726 1598 quaeritat,
750 1518 869 1599 quibus
892 1541 956 1582 non
974 1520 1142 1583 munimur
1160 1541 1218 1601 per
1271 1518 1440 1601 sacrilegio
1464 1519 1692 1582 abstinuertmt
1711 1519 1851 1600 plurimi,
1877 1541 1942 1583 non
1961 1532 1997 1582 ut
2014 1519 2248 1600 suffragatores

239 1603 304 1668 Dei
337 1603 490 1677 verbum,
528 1603 694 1668 luculente
724 1626 817 1668 suam
850 1603 1066 1668 diffidentiam
1099 1605 1215 1687 prodit.
1269 1607 1350 1682 iam,
1386 1625 1501 1667 verum
1531 1611 1567 1667 ut
1594 1604 1710 1668 salutis
1739 1627 1816 1668 suae
1843 1603 2023 1688 praesides,
2057 1604 2250 1670 invocando.

239 1688 336 1770 Quod
359 1691 386 1752 si
409 1690 606 1753 conscientia
630 1712 741 1753 eorum
764 1691 913 1754 omnium
936 1691 1131 1773 appelletur,
1160 1692 1217 1774 qui
1270 1691 1323 1754 En
1353 1711 1416 1772 quo
1445 1689 1593 1754 recidant
1619 1690 1730 1754 miseri
1762 1691 1924 1767 homines,
1955 1690 2033 1754 dum
2061 1712 2081 1753 a
2102 1689 2253 1774 legitima

238 1787 425 1840 sanctorum
444 1776 674 1840 intercessione
696 1776 907 1843 oblectantur.
932 1777 1132 1858 reperiemus
1150 1799 1216 1840 non
1270 1798 1330 1840 sua
1352 1776 1501 1853 statione,
1527 1775 1588 1839 hoe
1611 1790 1661 1840 cst
1683 1777 1747 1840 Dei
1770 1776 1877 1851 verbe,
1902 1786 2092 1858 evagantur.
2138 1776 2251 1841 Omitto

238 1859 369 1925 aliunde
388 1861 421 1924 id
439 1862 580 1938 evenire,
604 1863 666 1925 uisi
685 1861 763 1943 quia
781 1863 945 1925 anxietate
963 1862 1121 1929 laborant.
1144 1884 1217 1945 per·
1270 1863 1428 1926 crassiora
1460 1862 1627 1943 immolatis
1654 1867 1805 1933 mantra,
1836 1864 1868 1925 in
1893 1862 2007 1942 prabos
2028 1863 2150 1926 tametsi
2171 1862 2250 1939 Dec,

239 1946 315 2011 iude
338 1969 375 2011 ac
399 1947 425 2011 si
447 1947 500 2012 hio
523 1947 676 2012 Christus
699 1947 860 2020 deficeret,
886 1963 942 2011 aut
963 1949 1103 2011 nimium
1126 1972 1217 2013 seve·
1242 1936 1246 2077 ι
1270 1948 1391 2030 artpelis
1424 1952 1450 2011 et
1478 1947 1655 2011 fratritribus
1682 1954 1754 2012 sarit
1780 1947 1983 2024 detestabiles,
2016 1969 2124 2011 eornm
2148 1953 2252 2013 tanten

239 2053 295 2096 rus
325 2034 415 2095 foret.
462 2031 536 2112 Qua
559 2035 701 2113 priunun
730 2033 946 2115 perplexitate
970 2033 1142 2098 Christum
1167 2037 1218 2098 in-
1243 2088 1245 2119 ,
1271 2033 1409 2098 raortdmn
1436 2035 1522 2112 ipsos
1538 2034 1637 2114 pudet
1663 2034 1710 2097 cel
1726 2035 1821 2114 pipat.
1867 2033 2027 2099 Prostrati
2049 2034 2092 2097 ad
2112 2039 2252 2098 statuam

238 2118 412 2196 honorant,
436 2120 473 2181 et'
487 2119 586 2182 solius
604 2117 792 2182 mediatoris
815 2119 910 2182 titulo
929 2119 1084 2201 spoliant;
1108 2122 1163 2202 qui
1182 2135 1219 2185 ut
1271 2125 1325 2185 ant
1349 2121 1513 2200 picturam
1535 2118 1715 2195 Barbarae,
1747 2120 1947 2197 Calli-erinae,
1975 2125 2002 2183 et
2023 2119 2181 2184 similium
2202 2121 2252 2185 de

240 2203 291 2267 illi
313 2204 348 2266 in
369 2205 569 2287 singularem
593 2205 856 2286 praerogativam
884 2228 904 2267 a
928 2215 1023 2286 patre
1041 2206 1137 2271 datus
1160 2218 1218 2284 est,
1270 2210 1470 2269 marmarant
1488 2210 1704 2284 paternoster.
1751 2205 1845 2268 Harae
1864 2206 2003 2285 furorem
2025 2211 2148 2269 tantmn
2169 2206 2252 2270 abac

240 2289 288 2353 ita
319 2311 425 2371 neque
453 2291 516 2354 ulio
545 2292 715 2354 transferri
747 2289 850 2354 debet.
907 2292 1017 2372 Atque
1051 2292 1112 2356 hoc
1146 2294 1218 2374 qui-
1271 2297 1306 2356 at
1322 2295 1464 2371 pastores
1485 2292 1663 2355 caciaredam
1684 2291 1732 2355 ael
1752 2291 1950 2355 cohibendam
1967 2297 2082 2371 aaran,
2104 2297 2139 2354 at
2160 2313 2252 2373 qaae-

241 2373 316 2439 dem
338 2376 408 2458 ipso
431 2376 570 2459 gloriam
593 2377 774 2440 nativitatis
792 2378 862 2441 eius
880 2377 1064 2454 obscurant,
1089 2399 1218 2443 amcam
1271 2383 1337 2441 stas
1365 2377 1455 2441 odore
1486 2377 1587 2441 allecti
1608 2377 1731 2458 manaa
1752 2398 1809 2440 ano
1830 2377 2028 2457 ccrnpncbent.
2081 2379 2197 2443 Veram
2218 2383 2253 2440 at

240 2460 733 2543 evacuant3quidquiddeniquc
745 2464 888 2527 autfeeit
900 2477 1080 2545 autpassus
1092 2474 1219 2540 est‚sua
1271 2469 1335 2527 tam
1355 2462 1440 2542 foedi
1460 2463 1605 2527 criminis
1627 2463 1782 2526 insidiam
1803 2483 1824 2524 a
1845 2484 1877 2527 se
1897 2463 2048 2540 derived,
2072 2464 2127 2527 boc
2149 2470 2251 2528 tamen

240 2546 338 2610 laude
360 2557 485 2611 exuunt
507 2568 544 2610 ae
564 2547 767 2612 defraudant.
803 2546 973 2629 Siquidem
996 2550 1059 2613 hue
1077 2549 1219 2614 tendunt
1270 2570 1330 2631 qao
1357 2548 1454 2613 colore
1481 2548 1656 2628 deforment,
1687 2549 1794 2629 rogari
1817 2548 1965 2630 Eliainm
1992 2549 2038 2612 oet
2059 2549 2252 2614 Medardam

241 2632 359 2709 omnia,
379 2640 416 2696 ut
433 2633 520 2697 solus
537 2634 581 2698 sit
599 2646 631 2698 et
648 2634 809 2698 habeatur
826 2633 995 2698 mediator.
1030 2633 1139 2699 Simrd
1154 2634 1218 2700 Dei
1271 2640 1305 2699 nt
1332 2654 1436 2698 servos
1464 2654 1537 2698 mas
1564 2635 1733 2714 respiciant
1759 2640 1786 2697 et
1815 2636 1920 2698 invem
1941 2657 1957 2698 e
1978 2636 2081 2699 coelo?
2108 2641 2251 2698 sanaem

239 2716 476 2801 benignitatem
497 2720 667 2794 abiiciunt,
696 2720 751 2800 qui
777 2741 812 2783 se
834 2720 899 2783 illis
920 2720 1101 2802 inpetrem
1124 2722 1218 2786 erhi-
1279 2720 1439 2802 Virginem
1462 2724 1497 2782 nt
1518 2719 1623 2799 tiliam
1642 2720 1745 2801 faeere
1764 2720 1866 2784 iubeat
1885 2722 1966 2800 qaod
1981 2721 2114 2801 paam?
2163 2720 2249 2784 Olim

238 2801 343 2868 bebat.
384 2804 459 2868 Non
482 2807 571 2869 enim
592 2805 658 2870 illis
680 2814 774 2887 pater
796 2817 853 2883 est,
878 2806 942 2870 nisi
963 2806 1133 2871 Christum
1156 2807 1218 2872 sibi
1270 2807 1397 2870 vetitam
1427 2805 1491 2885 fait
1525 2805 1560 2869 in
1587 2805 1714 2869 eoracilio
1740 2806 1985 2889 carthaginensi,
2012 2809 2052 2871 'ne
2078 2807 2120 2870 ad
2148 2806 2249 2871 altare

238 2889 373 2954 fratrem
396 2912 465 2954 asse
488 2900 675 2974 agnoscant.
718 2889 814 2970 Quod
836 2892 933 2973 plane
957 2893 1129 2975 abnegant,
1154 2895 1218 2958 nisi
1270 2893 1389 2958 directa
1419 2891 1506 2971 tieret
1534 2892 1672 2972 taccat-io
1704 2893 1748 2956 aa
1777 2898 1917 2971 sarratam
1949 2913 1986 2958 ac
2008 2891 2167 2973 probabile
2194 2899 2249 2971 est,

237 2975 382 3039 fraterno
411 2998 481 3041 esse
504 2997 583 3059 erga
605 3000 639 3042 se
662 2978 781 3042 affeetu
805 2977 883 3059 (quc
905 2977 988 3041 nihil
1008 2979 1138 3043 mollius
1161 2992 1219 3045 aut
1270 2998 1368 3060 qaam
1394 2979 1495 3041 sarteti
1525 2978 1586 3042 oiri
1616 2979 1761 3058 inuictam
1783 3000 1905 3060 manae
1931 2978 2162 3044 emaretadirtis
2188 2999 2250 3043 non

238 3061 383 3124 tenarius
411 3083 481 3126 esse
509 3063 630 3146 potest)
660 3065 812 3146 cogitant.
863 3062 974 3144 Quare
1001 3065 1095 3128 illum
1123 3067 1218 3130 unice
1264 3068 1392 3146 possent
1414 3065 1448 3127 in
1469 3068 1564 3128 totam
1581 3084 1774 3143 manescere,
1797 3064 1875 3128 barm
1888 3064 1997 3128 saltem
2008 3066 2250 3130 moderationem

238 3146 401 3228 scriptura
429 3148 523 3212 nobis
550 3149 662 3225 offert,
697 3148 873 3231 adipsum
896 3170 956 3214 nas
978 3151 1093 3227 mittit,
1123 3164 1156 3214 ot
1183 3154 1217 3216 in
1270 3149 1458 3227 mindense,
1476 3170 1514 3214 ne
1531 3150 1588 3214 bac
1604 3150 1709 3230 fanto
1723 3150 1910 3215 vitiarentur
1925 3149 2071 3231 metticae
2081 3152 2250 3215 mutierem:

236 3232 307 3313 ipso
333 3231 427 3297 sistit.
473 3233 565 3316 Ipse,
594 3235 701 3316 inquit
729 3234 938 3313 Ambrosius,
953 3237 977 3320 ¹)
1006 3257 1041 3300 os
1069 3248 1217 3303 noenum
1269 3241 1372 3300 sartae
1401 3234 1491 3299 Patre
1518 3257 1573 3299 ora
1601 3256 1663 3317 pro
1696 3236 1791 3299 rabis.
1845 3237 1965 3317 Quanto
1996 3242 2102 3302 araca
2126 3237 2250 3319 lamias

237 3324 301 3396 cst,
332 3339 390 3399 per
418 3318 505 3400 quod
533 3322 619 3401 patri
649 3320 828 3403 loquimur;
860 3321 973 3386 oculus
1004 3333 1128 3400 noster,
1160 3344 1218 3405 per
1270 3323 1367 3386 erasit
1398 3320 1551 3385 diabolica
1583 3342 1689 3386 emam
1717 3323 1945 3402 inmortanitas,
1967 3323 2023 3402 qm'
2042 3323 2086 3386 ad
2113 3327 2250 3387 mortuos

237 3423 336 3484 quem
363 3412 490 3486 patrem
520 3403 684 3484 videmus;
718 3405 853 3471 dextera
879 3416 1004 3486 nostra,
1039 3431 1217 3491 perquam
1270 3407 1439 3488 trarat'errc
1462 3427 1523 3471 non
1544 3407 1686 3471 drabitant
1705 3409 1787 3487 qnod
1808 3407 1873 3472 Dei
1894 3413 1922 3472 et
1945 3405 2063 3472 Christi
2080 3411 2250 3489 mammam

237 3508 298 3552 nos
336 3491 422 3571 patri
463 3491 644 3568 offerimus,
683 3514 746 3574 quo
781 3494 843 3556 nisi
880 3494 1116 3570 intercedente,
1158 3517 1218 3560 nec
1242 3510 1245 3531 ¹
1269 3497 1361 3558 erat?

238 3573 332 3638 nobis
357 3597 418 3639 nec
442 3578 563 3641 sanctis
593 3577 743 3641 omnibus
766 3578 943 3661 quidquam
965 3602 1041 3644 eum
1063 3578 1135 3645 Deo
1158 3593 1215 3646 est.
1357 3582 1406 3641 23.
1448 3577 1545 3659 Quod
1568 3589 1679 3643 autem
1700 3580 1828 3645 efficere
1850 3580 1983 3644 student
2005 3589 2044 3642 ut
2068 3581 2249 3663 scripturae

240 3658 280 3724 st
301 3662 466 3741 mahomat,
489 3683 569 3742 qaas
592 3665 626 3727 in
648 3663 770 3743 tmnptis
792 3666 966 3746 contaminat
984 3668 1128 3747 publicas
1144 3689 1217 3748 pra
1271 3665 1446 3728 autoritate
1486 3665 1638 3729 videatur
1678 3665 1803 3729 subniti
1848 3663 2007 3730 eiusmodi
2049 3666 2246 3740 intercessio,

236 3764 284 3811 cea
304 3747 396 3826 finiri
417 3747 475 3813 bac
497 3750 674 3830 appaalice,
690 3771 752 3831 per
776 3747 934 3814 Christum
952 3750 1127 3816 Dorrrinnm
1147 3775 1217 3817 nos-
1269 3751 1391 3814 frustra
1412 3751 1448 3813 in
1471 3772 1508 3814 eo
1530 3751 1689 3816 laborant.
1734 3751 1953 3834 Angelorum,
1976 3752 2146 3834 inquiunt,
2173 3771 2246 3813 ora-

235 3836 334 3910 trnm,
365 3834 515 3914 frivolam
542 3837 690 3918 effipiam
718 3841 777 3900 est:
811 3838 889 3915 qaia
916 3858 978 3899 non
1006 3839 1113 3903 artinas
1139 3861 1218 3920 pro-
1270 3837 1374 3900 tiones
1396 3836 1552 3919 leguntur
1575 3837 1718 3919 saepius;
1741 3860 1847 3919 neque
1869 3838 1902 3901 id
1924 3837 2029 3916 modo,
2051 3837 2109 3902 sed
2130 3837 2164 3899 in
2180 3836 2246 3899 Dei

234 3919 366 3998 sonotm
389 3919 508 3985 Christi
536 3923 726 4000 intercessio,
757 3922 833 3986 daem
861 3929 1052 3987 mortuoram
1071 3925 1218 4004 membres
1269 3932 1480 4005 conspectum
1497 3945 1557 4005 per
1575 3944 1688 3987 cerum
1706 3944 1823 3987 manus
1840 3924 1980 4007 perferri
1996 3923 2148 3986 dicuntur
2164 3919 2246 3983 fide-

234 4008 262 4067 ct
288 4007 408 4069 madia
436 4008 594 4085 oriemur,
621 4030 717 4089 qnam
742 4009 773 4072 si
800 4027 837 4071 ea
858 4009 988 4088 pendas
1014 4011 1131 4073 attissa
1157 4012 1218 4075 soli
1269 4007 1351 4071 lium
1385 4030 1505 4090 preces.
1551 4010 1678 4074 Verum
1711 4011 1738 4074 si
1772 4010 1898 4093 angelis
1926 4016 2052 4075 sanctos
2079 4008 2245 4089 praesenti

232 4091 347 4153 mortni
370 4093 600 4159 inarescent.
634 4094 811 4159 Deirnlcin
832 4096 901 4159 suis
924 4093 1216 4175 cartabalitanus,
1269 4095 1338 4159 vita
1361 4093 1530 4160 defunctos
1554 4097 1702 4159 conferre
1721 4096 1808 4173 libet,
1831 4095 2033 4178 probandum
2055 4093 2156 4157 fuerit
2174 4115 2246 4158 esse

233 4175 358 4257 hymnis
380 4181 407 4240 et
428 4181 551 4258 prosis,
581 4180 635 4244 abi
653 4180 771 4244 sanctis
790 4181 923 4245 nmrtnis
945 4179 1025 4244 rribil
1047 4202 1106 4244 riori
1126 4182 1217 4247 borao
1269 4178 1564 4246 administratorios
1587 4181 1735 4263 spiritus,
1766 4181 1883 4263 quibus
1911 4181 2096 4264 delegamm
2118 4180 2163 4244 sit
2184 4181 2246 4243 mi·

234 4263 284 4326 ris
305 4262 452 4343 defertur,
476 4266 564 4330 trulla
588 4265 706 4330 Christi
727 4267 848 4329 riterrtio.
1268 4266 1442 4330 nisterium
1470 4267 1633 4332 curandae
1659 4278 1790 4331 nostrae
1811 4269 1944 4347 salutis,
1972 4265 2090 4349 quibus
2111 4265 2246 4331 deman·

321 4352 371 4413 22.
416 4351 467 4414 Eo
495 4362 605 4416 autern
633 4374 735 4434 usquc
764 4371 938 4433 progressa
964 4367 1014 4416 est
1043 4352 1213 4431 stoliditas,
1268 4351 1344 4416 data
1373 4354 1416 4415 sit
1442 4355 1613 4435 provincia
1641 4354 1845 4419 custodiendi
1873 4375 1933 4419 nos
1955 4355 1992 4417 in
2009 4352 2164 4418 omnibus
2184 4353 2246 4416 viis

232 4441 271 4500 ut
288 4435 342 4499 hie
360 4457 553 4518 expressum
578 4437 756 4502 habeamus
775 4437 1017 4517 superstitionis
1034 4438 1213 4521 ingenium,
1267 4439 1402 4516 nostris,
1425 4441 1482 4521 qui
1500 4460 1560 4505 nos
1582 4441 1798 4519 circumeant,
1823 4442 1879 4522 qui
1900 4447 2057 4504 moneant
2078 4449 2113 4504 et
2134 4459 2247 4502 conso-

233 4542 316 4604 quae
335 4523 391 4587 ubi
408 4524 509 4587 semel
531 4525 680 4588 fraenum
699 4523 852 4598 excussit,
876 4523 1005 4587 nullum
1023 4523 1215 4590 lasciviendi
1267 4524 1392 4603 lentur,
1422 4528 1478 4609 qui
1582 4527 1676 4591 nobis
1698 4527 1853 4591 excubias
1876 4538 1978 4609 agant
1999 4525 2117 4609 (Hebr.
2140 4530 2167 4602 l,
2192 4529 2245 4603 14;

232 4608 335 4673 finem
360 4609 467 4674 faeere
496 4611 586 4674 solet
631 4610 718 4672 Nam
739 4617 913 4691 postquam
936 4620 1086 4692 coeptum
1108 4613 1215 4676 fuerat
1266 4610 1353 4674 Psal.
1375 4615 1425 4689 91,
1447 4617 1482 4675 11
1528 4617 1614 4683 134.
1635 4617 1685 4696 8);
1714 4635 1797 4694 quae
1824 4614 1934 4677 omnia
1955 4612 2022 4678 illis
2044 4611 2244 4687 deferuntur,

231 4694 269 4757 in
290 4710 480 4760 sanctorum
502 4697 768 4760 intercessionem
795 4695 975 4777 respicere,
1002 4698 1124 4761 sensim
1154 4719 1214 4762 sua
1267 4694 1449 4760 bisantem
1469 4699 1613 4762 minime.
1651 4700 1753 4779 ριιιιηι
1768 4706 1966 4780 praqrostere
1987 4699 2108 4781 angelis
2127 4701 2248 4762 candos

232 4781 349 4862 cuique
367 4783 551 4862 procuratio
574 4789 624 4846 est
642 4782 807 4858 attributa,
832 4791 869 4845 ut
886 4803 945 4864 pro
964 4784 1087 4865 negotii
1105 4783 1221 4849 diver-.
1265 4787 1403 4846 mannos
1424 4786 1594 4863 involvant,
1621 4787 1701 4848 satis
1725 4805 1878 4866 asperque
1899 4805 1938 4848 ae
1960 4789 2002 4848 tot
2022 4784 2157 4849 divam
2177 4803 2246 4845 mn

233 4866 332 4929 sitate
361 4888 448 4930 nunc
476 4867 529 4931 hic
563 4890 650 4932 nunc
678 4868 734 4932 ille
761 4868 976 4933 advocaretur
1002 4869 1197 4934 intercessor
1204 4893 1213 4948 ;
1265 4867 1391 4932 ramas
1412 4875 1513 4950 patet,
1542 4870 1657 4951 quibas
1683 4871 1764 4935 otios
1791 4871 1829 4934 ab
1857 4871 1934 4935 aliis
1955 4871 2116 4951 scriptura
2136 4867 2248 4933 distin-

231 4957 305 5013 tum
327 4951 449 5032 singuli
470 4953 650 5034 peculiares
667 4954 729 5020 sibi
747 4954 839 5019 divos
856 4955 1054 5033 asciverunt,
1075 4956 1111 5020 in
1133 4977 1213 5038 quo-
1263 4953 1339 5036 9ait.
1376 4952 1539 5021 Comata
1554 4956 1706 5035 partibas
1723 4957 1810 5036 apua
1826 4962 1983 5020 terream
2000 4957 2136 5020 iadicem
2155 4955 2248 5036 smmi

1265 5059 1350 5104 nano
1367 5040 1492 5105 audebit
1507 5042 1573 5105 nisi
1591 5042 1768 5105 Maisan:
1787 5043 1871 5106 ande
1891 5063 1962 5125 erpo
1983 5041 2139 5106 semmae
2160 5045 2247 5104 tanta

474 5180 477 5185 ,
513 5148 528 5195 1
1264 5125 1403 5205 licentia,
1426 5132 1460 5191 at
1480 5127 1549 5192 Deo
1564 5132 1718 5207 paboms
1739 5125 1904 5192 eamdam
1929 5127 2043 5209 quibas
2062 5148 2180 5191 manus
2201 5128 2236 5189 in

302 5222 332 5290 1)
349 5224 476 5277 titane
494 5227 570 5278 Isaac
589 5235 617 5278 a
634 5228 731 5281 amma.
942 5239 945 5244 ·
1264 5212 1404 5276 ιἰιιιοέιιιιι
1425 5234 1487 5277 reon
1505 5212 1645 5296 legitur?
1700 5211 1803 5276 Voluit
1823 5212 1915 5278 Deae
1941 5214 2067 5297 angelos
2088 5213 2233 5279 curando

232 5124 354 5131 -.---
368 5126 374 5131 ,
386 5127 433 5131 ---
