4672 5842
472 271 562 338 LIB.
586 274 631 337 Π.
676 275 739 338 DE
763 272 1050 341 OOGNIPIONE
1073 276 1157 341 DEI
1179 275 1524 344 REDEMPTORIS.
1571 277 1670 345 OAP.
1693 280 1739 348 IL

103 275 165 338 rer
1948 267 1950 274 ’
2047 292 2111 353 ras

100 480 169 525 non
196 461 246 524 ita
272 459 403 543 stupida
431 468 482 526 est
508 462 587 544 quin
615 463 772 545 exiguum
798 463 954 546 quiddam
983 473 1017 530 et
1036 465 1077 531 de
1129 465 1189 528 bus
1217 463 1379 529 discendis
1406 464 1531 545 idonei,
1561 468 1640 532 satis
1669 476 1780 534 tamen
1809 474 1991 539 communis
2013 496 2108 540 ener-

100 545 328 630 superioribus
348 546 477 625 delibet,
497 554 664 630 utcunque
682 549 902 633 negligentius
920 550 985 615 illis
1003 573 1076 633 pcr-
1129 551 1202 634 giae
1224 560 1349 614 certum
1371 552 1536 632 specimen
1559 560 1618 629 est,
1641 555 1727 636 quod
1749 577 1845 621 nemo
1865 579 1967 640 prope
1986 564 2109 642 reperi-

99 632 274 698 contandis
305 641 413 711 vacet;
451 656 518 698 non
550 634 584 698 id
613 632 744 716 quidem
777 657 881 718 aequa
912 638 1075 702 facultate.
1128 646 1184 699 tur
1206 637 1297 702 cuius
1315 637 1350 700 in
1368 646 1438 701 arte
1457 637 1566 719 aliqua
1582 641 1812 722 perspicientia
1829 664 1896 707 non
1914 667 1949 708 se
1966 656 2107 713 exserat

99 719 188 784 Nam
213 739 316 800 quum
345 739 446 801 supra
473 721 559 784 vitae
587 722 768 803 praesentis
795 723 936 805 spatium
966 723 1077 788 evehi·
1128 722 1241 804 Neque
1271 722 1339 786 sola
1368 723 1513 804 suppetit
1536 724 1577 788 ad
1600 724 1790 790 discendum
1817 731 1951 812 energia
1973 741 2007 795 et
2028 733 2107 797 faci-

100 813 166 881 tur,
194 812 268 868 tum
289 807 464 887 praecipue
487 805 618 870 demum
647 808 851 872 convincitur
872 830 951 873 suae
973 809 1076 873 imbe-
1127 807 1211 886 litas,
1234 806 1292 872 sed
1309 807 1351 871 ad
1368 808 1620 891 excogitandum
1638 812 1673 875 in
1686 833 1881 896 unaquaque
1898 825 1967 880 arte
1982 838 2105 883 novum

99 891 255 955 cillitatis.
301 889 426 970 Quare,
455 900 493 955 ut
514 892 632 957 molius
653 894 888 975 perspiciamus
909 916 1077 979 quousque
1128 893 1258 975 aliquid
1282 894 1335 957 vel
1355 894 1620 976 amplificandum
1638 907 1671 960 et
1689 898 1919 981 expoliendum
1935 902 2023 983 quod
2042 904 2105 969 alio

100 998 160 1059 pro
182 975 339 1060 gradibus
366 999 445 1042 suae
473 978 638 1043 facultatis
665 979 701 1042 in
729 1001 922 1062 unaquaque
944 1003 979 1045 re
1001 1003 1076 1064 pro-
1126 987 1304 1062 praeeunte
1333 979 1492 1044 didiceris.
1544 979 1640 1061 Quod
1669 991 1707 1046 ut
1733 984 1907 1050 Platonem
1933 1009 2105 1070 perperam

100 1062 205 1140 cedat,
228 1061 469 1128 distinctionem
488 1065 582 1129 nobis
604 1086 784 1148 proponere
803 1087 919 1149 operae
934 1069 1075 1149 pretium
1127 1066 1257 1147 impulit
1279 1075 1316 1130 ut
1338 1065 1482 1130 traderet
1503 1069 1827 1149 comprehensionem
1845 1072 2002 1137 eiusmodi
2019 1075 2104 1139 nihil
2160 1146 2166 1155 .

14 1172 22 1183 ·
100 1155 158 1213 cst.
205 1146 261 1214 Sit
290 1170 367 1232 ergo
392 1149 473 1214 haee
499 1149 680 1228 distinctio,
715 1171 785 1216 esse
813 1151 911 1216 aliam
944 1153 1075 1235 quidem

99 1256 214 1299 rernm
236 1242 443 1299 terrenarum
464 1236 727 1320 intelligentiam,
751 1237 849 1301 aliam
870 1260 948 1303 vero
970 1241 1074 1304 coelo·

101 1321 210 1385 stium
256 1320 325 1385 Res
343 1328 490 1385 terrenas
512 1343 601 1399 voco,
625 1344 707 1404 quae
730 1323 771 1386 ad
789 1323 897 1388 Deum
919 1347 1074 1408 regnum·

100 1428 164 1489 que
185 1409 265 1484 eius,
290 1406 467 1471 adversm
489 1408 657 1486 iustitiam,
677 1407 719 1472 ad
741 1410 871 1473 futurae
893 1411 980 1475 vitae
998 1412 1074 1476 bea·

100 1491 276 1558 titudinem
302 1514 368 1556 non
396 1494 605 1577 pertingunt,
633 1494 690 1558 sed
712 1516 786 1559 cum
813 1497 881 1559 vita
909 1498 1074 1580 praesenti

99 1580 262 1643 rationem
283 1578 538 1661 relationemque
561 1578 690 1657 habent,
715 1593 747 1645 et
769 1580 1005 1662 quodammodo
1023 1584 1074 1646 in-

99 1673 151 1730 tra
179 1665 251 1729 eius
283 1665 366 1729 fines
399 1665 616 1729 continentur.
661 1667 730 1730 Res
752 1667 924 1746 coelestes,
953 1690 1075 1750 puram

99 1751 163 1817 Da
179 1751 331 1829 notitiam,
354 1771 451 1815 verae
469 1751 611 1816 iustitiae
634 1753 803 1830 rationem,
832 1774 868 1818 ac
888 1755 982 1837 regni
1003 1776 1075 1820 coe-

99 1838 190 1903 lestis
212 1837 377 1921 mysteria.
411 1837 452 1900 In
470 1837 578 1919 priore
600 1860 719 1921 genere
741 1847 818 1904 sunt
838 1839 959 1922 politia,
982 1861 1074 1905 oeco-

99 1924 218 2001 nomia,
243 1930 331 1987 artes
353 1943 466 1986 ornnes
483 1924 699 2001 mechanicae,
716 1924 977 2008 disciplinaeque
994 1926 1074 1990 libe-

98 2010 193 2075 rales.
238 2009 281 2072 In
309 2007 462 2086 secundo,
491 2010 554 2073 Dei
581 2029 618 2073 ac
646 2010 777 2075 divinae
798 2010 977 2076 voluntatis
999 2033 1074 2095 cog-

98 2096 197 2172 nitio,
233 2101 267 2157 et
292 2095 381 2159 vitae
413 2095 593 2160 secundum
626 2117 699 2159 eam
733 2096 922 2162 formandae
950 2098 1072 2181 regula.

98 2182 151 2246 De
173 2181 275 2263 priori
296 2188 405 2244 autern
427 2181 473 2245 sic
495 2180 677 2245 fatendum:
706 2182 860 2262 quoniam
882 2182 980 2248 bomo
1004 2186 1073 2247 aui·

97 2266 164 2331 mal
193 2272 245 2331 est
271 2275 392 2330 natura
419 2267 551 2345 sociale,
584 2267 729 2331 naturali
758 2288 884 2350 quoque
905 2270 1072 2348 instinctu,

99 2353 142 2417 ad
162 2352 337 2417 fovendam
359 2353 681 2435 conservandamque
703 2374 776 2418 eam
793 2354 981 2419 societatem
999 2377 1073 2437 pro·

99 2438 236 2522 pendet;
268 2438 405 2520 ideoque
432 2439 537 2503 civilis
570 2438 739 2504 cuiusdam
768 2446 801 2503 et
833 2440 1013 2506 honestatis
1041 2448 1073 2505 et

99 2524 223 2590 ordinis
245 2524 448 2589 universales
470 2525 701 2608 impressiones
719 2525 825 2590 inesse
848 2527 995 2590 omnium
1014 2527 1073 2592 ho-

98 2612 227 2675 minum
249 2611 366 2675 animis
388 2612 614 2693 conspicimus.
659 2611 749 2676 Hinc
775 2613 814 2675 fit
843 2619 881 2675 ut
903 2634 1000 2677 nemo
1022 2635 1073 2677 re-

99 2699 246 2780 periatur
272 2696 328 2779 qui
350 2718 416 2760 non
437 2697 613 2780 intelligat,
645 2705 793 2779 oportere
815 2700 947 2780 quosvis
970 2698 1075 2762 homi·

1127 1174 1197 1216 esse
1225 1171 1322 1234 quam
1349 1150 1621 1231 recordationem,
1655 1156 1702 1218 ita
1732 1177 1792 1219 nos
1824 1158 1947 1239 optima
1979 1161 2104 1226 ratione

1127 1239 1215 1320 cogit
1243 1238 1352 1313 fateri,
1387 1258 1458 1301 esse
1485 1239 1669 1321 ingenitum
1698 1240 1842 1306 humano
1874 1245 2005 1326 ingenio
2035 1247 2105 1311 eius

1127 1323 1331 1406 principium.
1376 1323 1469 1386 Haec
1490 1344 1569 1407 ergo
1592 1324 1787 1390 documenta
1809 1336 1920 1409 aperto
1941 1337 2106 1396 testantur

1126 1409 1347 1474 universalem
1369 1409 1505 1472 rationis
1526 1416 1559 1473 et
1579 1410 1818 1494 intelligentiae
1843 1416 2105 1497 comprehensio·

1126 1516 1203 1559 nem
1225 1516 1296 1559 esse
1318 1494 1505 1559 hominibus
1526 1496 1722 1561 naturaliter
1739 1496 1884 1563 inditam.
1920 1499 1977 1565 Sic
1995 1511 2105 1569 tamen

1126 1580 1311 1645 universale
1333 1587 1383 1644 est
1405 1580 1543 1657 bonum,
1573 1590 1611 1645 ut
1639 1584 1674 1645 in
1695 1604 1732 1646 eo
1753 1605 1813 1666 pro
1836 1607 1871 1649 se
1890 1587 2027 1668 quisque
2049 1611 2105 1671 pe-
2155 1640 2163 1650 .

1126 1667 1282 1730 culiarem
1304 1666 1367 1730 Dei
1398 1668 1538 1748 gratiam
1564 1687 1738 1750 agnoscere
1761 1669 1883 1735 debeat
1929 1672 1983 1736 Ad
2006 1694 2105 1754 quam

1126 1751 1365 1836 gratitudinem
1393 1773 1452 1816 nos
1479 1752 1607 1817 abunde
1634 1756 1854 1837 expergefacit
1881 1757 1949 1838 ipse
1972 1763 2105 1824 araturae

1126 1839 1268 1914 corditer,
1289 1837 1367 1901 dum
1389 1838 1552 1902 moriones
1570 1849 1666 1917 creat,
1691 1841 1725 1903 in
1747 1841 1864 1922 quibus
1882 1851 2105 1924 repraesentat

1125 1925 1243 2006 quibus
1276 1923 1415 1987 excellat
1447 1922 1576 1988 dotibus
1609 1925 1749 1989 hominis
1782 1927 1906 2005 anima,
1940 1930 2003 2000 nisi
2033 1931 2104 1995 eius

1125 2011 1248 2074 lumine
1269 2009 1416 2092 perfusa;
1447 2009 1533 2091 quod
1547 2008 1571 2093 ¹)
1594 2012 1640 2073 sie
1662 2013 1812 2076 naturale
1835 2014 1921 2079 inest
1943 2016 2102 2095 omnibus,

1124 2105 1161 2160 nt
1183 2117 1315 2178 prorsus
1337 2096 1520 2177 gratuitum
1542 2097 1586 2160 sit
1608 2118 1687 2179 erga
1704 2098 1852 2181 singulos
1870 2100 2102 2167 beneticentiae

1126 2183 1196 2246 eius
1224 2203 1352 2245 munus.
1397 2181 1551 2263 Ipsarum
1583 2202 1680 2264 porro
1714 2186 1834 2247 artium
1865 2186 2012 2250 inventio
2046 2194 2102 2252 ant

1125 2266 1309 2332 methodica
1331 2266 1471 2343 traditio,
1495 2273 1553 2331 aut
1573 2268 1710 2332 interior
1732 2278 1765 2333 et
1786 2272 2007 2353 praestantior
2027 2295 2102 2356 cog-

1126 2353 1208 2417 nitio
1235 2352 1333 2435 (quae
1354 2353 1486 2434 propria
1507 2360 1557 2417 est
1578 2356 1772 2439 paucorum)
1799 2377 1866 2419 non
1894 2364 1945 2420 cst
1972 2358 2102 2440 quidem

1126 2438 1266 2504 solidum
1296 2447 1525 2521 argumentum
1556 2442 1736 2505 communis
1762 2443 1995 2524 perspicaciae;
2027 2445 2104 2526 qnia

1125 2533 1235 2589 tamen
1257 2524 1440 2606 promiscue
1462 2525 1624 2607 contingit
1645 2526 1707 2607 piis
1729 2535 1763 2590 et
1784 2528 1902 2610 impiis,
1924 2528 1997 2593 iure
2018 2531 2105 2595 inter

1125 2610 1292 2676 naturales
1315 2609 1405 2675 dotes
1426 2620 1629 2675 numeratur.

1215 2700 1263 2759 15.
1309 2693 1444 2775 Quoties
1473 2718 1550 2779 ergo
1578 2697 1613 2760 in
1642 2698 1793 2779 profanos
1823 2699 1996 2780 scriptores
2020 2699 2102 2766 inci·

99 2805 179 2847 num
212 2791 320 2847 coetus
351 2782 479 2865 legibus
512 2784 687 2861 contineri,
721 2784 841 2865 quique
868 2806 934 2848 non
962 2806 1075 2848 aarum
1127 2782 1249 2860 dimus,
1272 2781 1329 2845 illa
1349 2803 1432 2863 quae
1455 2781 1656 2848 admirabilis
1678 2785 1711 2847 in
1734 2784 1775 2848 iis
1798 2784 1934 2867 affulget
1954 2785 2103 2852 veritatis

99 2868 211 2952 legum
230 2869 391 2951 principia
412 2877 520 2933 mente
541 2868 781 2950 complectatur.
815 2870 905 2934 Hinc
925 2869 980 2934 ille
1002 2892 1075 2952 per·
1126 2870 1198 2933 luce
1226 2868 1473 2947 admoneamur,
1503 2876 1647 2933 mentem
1677 2869 1833 2948 hominis,
1866 2871 2108 2951 quantumlibet

99 2962 217 3037 petuus
250 2963 319 3019 tarn
352 2956 499 3037 gentium
533 2955 694 3033 omnium,
734 2977 832 3037 quam
872 2956 1076 3039 singulorum
1127 2956 1168 3019 ab
1191 2955 1379 3036 integritate
1408 2974 1468 3017 sna
1490 2953 1666 3036 collapsam
1695 2964 1728 3019 et
1748 2977 1953 3037 perversam,
1978 2957 2109 3021 eximiis

100 3040 287 3106 mortalium
307 3041 342 3104 in
364 3040 452 3124 leges
475 3062 661 3117 consensus,
684 3042 760 3122 quia
781 3043 881 3106 insita
902 3049 980 3107 sunt
1001 3042 1076 3105 uni-
1128 3050 1238 3105 tamen
1269 3040 1451 3103 etiamnum
1472 3039 1538 3103 Dei
1566 3040 1660 3105 donis
1682 3042 1835 3105 vestitam
1857 3063 1927 3106 esse
1957 3050 1990 3105 et
2012 3064 2108 3108 exor-

100 3128 212 3205 versis,
235 3125 356 3209 absque
377 3127 535 3210 magistro
557 3126 751 3209 legislatore,
773 3128 920 3209 ipsarum
942 3129 1074 3192 semina.
1127 3136 1247 3190 natam
1304 3122 1342 3189 Si
1371 3126 1503 3190 unicum
1538 3126 1685 3192 veritatis
1712 3127 1837 3191 fontem
1863 3128 1927 3190 Dei
1954 3128 2107 3210 spiritum

100 3212 216 3295 Neque
228 3232 339 3276 moror
356 3212 574 3277 dissensiones
587 3221 759 3296 etpugnas
776 3234 860 3295 quae
877 3235 955 3278 mox
972 3235 1077 3277 emer·
1128 3233 1199 3278 esse
1222 3220 1428 3293 reputamus,
1457 3211 1630 3276 veritatem
1652 3214 1758 3294 ipsam
1779 3234 1884 3294 neque
1907 3234 2107 3295 respuemus,

100 3307 199 3381 gunt,
224 3297 304 3362 dum
325 3298 380 3362 alii
402 3300 539 3381 cupiunt
560 3299 613 3362 ius
639 3306 672 3362 et
697 3299 746 3363 fas
773 3319 870 3364 omne
898 3301 1075 3377 inversum,
1128 3319 1233 3380 neque
1255 3305 1510 3374 contemnemus,
1533 3297 1717 3380 ubicunque
1740 3298 1918 3380 apparebit,
1942 3300 2006 3363 nisi
2027 3300 2108 3364 veli-

100 3384 209 3448 soluta
239 3383 351 3466 legum
383 3385 553 3467 repagula,
584 3383 755 3449 libidinem
789 3384 893 3449 solam
920 3406 979 3469 pro
1007 3386 1077 3450 iuro
1128 3406 1202 3448 mus
1230 3385 1264 3447 in
1295 3384 1444 3464 spiritum
1467 3383 1531 3446 Dei
1559 3384 1785 3449 contumeliosi
1814 3406 1898 3463 esse;
1928 3406 1993 3448 non
2021 3387 2109 3449 enim

99 3469 260 3553 grassari,
285 3477 323 3532 ut
338 3470 426 3535 fures
443 3479 477 3535 et
493 3470 650 3548 latrones3
679 3470 733 3534 alii
752 3469 852 3554 (quod
869 3472 984 3535 vitium
1004 3472 1078 3553 plus
1129 3469 1216 3534 dona
1242 3469 1390 3551 spiritus,
1424 3471 1493 3532 sine
1521 3469 1623 3550 ipsius
1653 3479 1841 3553 contemptu
1870 3479 1903 3534 et
1924 3470 2107 3553 opprobrio,

101 3574 202 3637 quam
229 3554 366 3637 vulgare
392 3556 454 3640 est)
483 3557 629 3638 iniquum
657 3577 727 3621 esse
753 3565 874 3639 putant
905 3557 991 3639 quod
1019 3578 1077 3639 pro
1130 3554 1386 3637 vilipenduntur.
1433 3552 1522 3634 Quid
1550 3555 1680 3620 autem?
1731 3557 1916 3620 Veritatem
1947 3557 2109 3623 affulsisse

101 3661 205 3723 aequo
226 3641 268 3705 ab
291 3641 362 3706 aliis
384 3644 538 3721 sancitur,
561 3649 675 3707 contra
695 3641 858 3707 laudabile
875 3642 1079 3707 contendunt
1131 3642 1272 3723 antiquis
1293 3640 1523 3704 iureconsultis
1541 3641 1734 3724 negabimus
1756 3643 1810 3725 qui
1833 3650 1927 3706 tanta
1946 3645 2108 3725 aequitate

101 3725 188 3809 quod
210 3727 251 3791 ab
274 3727 346 3792 aliis
364 3736 507 3816 petatur.
544 3726 712 3810 Siquidem
735 3729 783 3792 illi
805 3750 871 3792 non
894 3728 968 3793 ideo
989 3729 1078 3812 leges
1130 3727 1261 3792 civilem
1290 3725 1437 3789 ordinem
1464 3733 1497 3790 et
1519 3726 1724 3809 disciplinam
1746 3727 1981 3810 prodiderunt?
2026 3729 2108 3792 Phi-

102 3811 240 3877 oderunt
265 3813 351 3897 quod
377 3815 530 3898 ignorent
557 3815 657 3878 bonas
685 3824 718 3878 et
744 3822 875 3880 sanctas
904 3837 974 3880 esse
981 3839 989 3894 ;
1021 3815 1079 3879 sed
1130 3814 1282 3895 losephos
1310 3813 1487 3878 caecutisse
1514 3812 1659 3877 dicemus
1689 3834 1764 3878 cum
1792 3815 1828 3877 in
1857 3815 2017 3893 exquisita
2044 3814 2109 3877 ista
2180 3824 2183 3834 '

101 3900 269 3983 praecipiti
292 3899 468 3982 cupiditate
489 3900 635 3963 furentes
659 3922 736 3964 cum
756 3902 931 3966 manifesta
953 3902 1078 3966 ratione
1130 3910 1267 3964 naturae
1285 3898 1565 3980 contemplatione,
1584 3907 1656 3963 tum
1674 3901 1848 3964 artificiosa
1865 3897 2107 3980 descriptione?

101 3991 265 4068 pugnant,
287 3993 334 4064 et,
358 3985 444 4068 quod
466 3986 585 4049 mentis
607 3986 825 4069 intelligentia
842 3988 995 4069 probant,
1018 4007 1078 4068 pro
1130 3987 1286 4051 Dicemus
1313 3993 1457 4048 mentem
1483 3984 1549 4049 illis
1572 3985 1725 4061 defuisse,
1756 3986 1811 4065 qui
1835 3997 1904 4048 arte
1928 3984 2109 4049 disserendi

102 4093 160 4134 sua
187 4070 321 4136 libidine
349 4072 587 4135 abominantur.
632 4072 801 4138 Posterius
827 4082 992 4138 certamen
1013 4072 1078 4136 tale
1130 4072 1321 4148 constituta,
1352 4091 1411 4134 nos
1439 4090 1515 4134 cum
1536 4072 1661 4135 ratione
1689 4071 1778 4151 loqui
1800 4069 2002 4135 docuerunt?
2048 4072 2109 4136 Di·

102 4166 168 4234 est,
200 4164 237 4221 ut
262 4159 405 4239 primam
426 4157 518 4222 illam
540 4159 783 4238 conceptionem
809 4160 983 4241 aequitatis
1011 4180 1078 4222 non
1130 4180 1240 4223 cemus
1273 4178 1327 4221 eos
1359 4156 1546 4234 insaniisse,
1587 4157 1641 4238 qui
1678 4155 1875 4221 medicinam
1907 4157 2107 4234 excudendo,

102 4241 241 4307 dirimat.
265 4241 436 4326 Siquidem
458 4243 499 4307 de
520 4243 632 4326 legum
654 4245 813 4325 capitibus
836 4244 914 4308 dum
936 4246 1021 4309 iuter
1043 4266 1078 4309 se
1129 4265 1224 4308 suam
1251 4242 1447 4307 industriam
1468 4243 1561 4306 nobis
1583 4242 1823 4323 impenderunt.
1870 4241 1958 4322 Quid
1981 4243 2108 4306 mathe-

102 4328 285 4410 disccptant
307 4329 463 4405 homines,
485 4330 521 4392 in
543 4326 707 4410 quandam
726 4331 897 4411 aequitatis
915 4352 1078 4395 summam
1102 4332 1105 4345 '
1130 4341 1219 4394 mata
1240 4327 1373 4393 omnia?
1400 4328 1628 4410 putabimusne
1654 4329 1834 4393 amentium
1856 4328 1991 4392 deliria?
2037 4327 2108 4390 Iino

101 4415 317 4479 consentiunt.
351 4414 393 4479 In
414 4436 477 4497 quo
498 4414 647 4478 debilitas
669 4424 755 4479 certe
777 4416 941 4480 humanae
959 4419 1077 4481 mentis
1130 4437 1171 4479 ne
1194 4416 1264 4483 sine
1286 4416 1412 4497 ingenti
1434 4413 1565 4497 quidam
1588 4413 1805 4478 admiratione
1822 4422 1969 4478 veterum
1988 4413 2109 4493 scripta

101 4501 259 4583 arguitur,
283 4521 366 4583 quae
388 4502 488 4565 etiam
510 4501 588 4565 dum
605 4501 693 4565 viani
715 4505 806 4583 sequi
827 4502 965 4580 videtur,
989 4503 1077 4573 clane
1129 4501 1239 4584 legere
1261 4501 1301 4564 de
1324 4500 1375 4564 his
1397 4501 1494 4564 rebus
1512 4502 1706 4582 poterimus
1730 4498 1964 4562 admirabimur
1986 4506 2105 4576 autem,

101 4585 187 4650 dicat
208 4594 242 4650 et
258 4587 398 4652 vacillat.
432 4588 547 4651 Manet
564 4596 675 4651 tamen
693 4587 783 4662 illud,
807 4586 991 4670 inspersum
1006 4609 1077 4653 esse
1129 4588 1205 4669 quia
1226 4586 1403 4669 praeclara,
1427 4599 1463 4649 ut
1485 4595 1573 4664 sunt,
1596 4607 1750 4668 cogemur
1772 4603 1954 4667 agnoscere.
2000 4583 2107 4648 Porro

100 4673 263 4737 universis
287 4693 399 4738 semen
420 4672 551 4754 aliquod
573 4673 696 4738 ordinis
718 4673 849 4754 politici.
884 4674 993 4754 Atque
1016 4673 1077 4738 hoc
1129 4673 1335 4738 laudabilene
1352 4672 1473 4754 aliquid
1491 4680 1548 4735 aut
1564 4671 1769 4752 praeclarum
1789 4669 2002 4745 censebimus,
2020 4668 2108 4751 quod

102 4759 246 4840 amplum
270 4768 501 4843 argumentum
527 4767 590 4837 est,
620 4761 654 4823 in
682 4760 781 4823 huius
809 4759 896 4823 vitae
919 4760 1077 4824 constitu-
1130 4781 1196 4823 non
1225 4778 1493 4842 recognoscamus
1522 4778 1542 4818 a
1563 4757 1634 4819 Deo
1657 4753 1852 4837 provenire?
1897 4755 2027 4819 Pudeat
2047 4777 2108 4820 nos

100 4844 188 4908 tione
210 4844 339 4909 nullum
361 4845 493 4910 destitui
513 4844 585 4910 luce
607 4847 743 4910 rationis
765 4845 941 4909 honnnem.
1130 4853 1241 4911 tantae
1263 4841 1508 4928 ingratitudinis
1528 4843 1680 4922 inquam
1697 4862 1764 4903 non
1780 4840 1967 4906 inciderimt
1984 4841 2108 4908 ethnici

188 4935 237 4994 14.
284 4929 476 5013 Sequuntur
504 4938 592 4995 artes
620 4942 693 4995 tum
713 4931 880 5009 liberales,
909 4939 979 4994 tum
1007 4952 1077 4995 ma·
1130 4941 1252 5014 poetae,
1281 4931 1336 5013 qui
1358 4936 1391 4993 et
1411 4924 1671 5010 philosophianii
1687 4933 1721 4990 et
1741 4926 1839 5010 leges,
1863 4936 1895 4991 ct
1915 4928 2018 4992 bonas
2038 4949 2108 4993 om-

101 5017 251 5095 nuariae,
279 5017 397 5100 quibus
426 5015 587 5083 discendis
609 5020 684 5099 quia
705 5020 791 5083 inest
811 5018 962 5081 omnibus
984 5016 1078 5081 nobis

101 5102 261 5183 quaedam
284 5103 441 5186 aptitudo,
466 5105 501 5167 in
522 5103 569 5166 eis
590 5105 689 5167 etiam
712 5112 847 5187 apparet
868 5105 918 5168 vis
941 5102 1077 5166 humani

101 5189 273 5254 acuminis.
308 5187 506 5272 Quanquam
527 5198 637 5253 autem
655 5212 720 5255 non
738 5200 818 5255 sunt
838 5211 952 5254 omnes
973 5189 1078 5252 omni-

1132 5108 1201 5114 ·—-
1216 5106 1335 5114 ,μη-.-

1143 5278 1147 5287 ¹
1203 5205 1231 5272 1)
1252 5205 1423 5260 Romame
1441 5203 1516 5257 editt.
1534 5203 1682 5257 iioanulloe
1700 5202 1811 5257 babeat:
1830 5201 1959 5338 ugaquod.
