4672 5842
249 317 312 377 487
894 305 1161 374 INSTI'PUTIO
1182 307 1287 372 REL.
1309 304 1489 373 CHRIST.
1515 310 1607 375 1559.
2190 307 2252 368 488

250 508 377 585 patrata
388 500 502 581 gratia,
525 519 638 562 omnes
660 507 772 562 tamen
790 496 1117 578 adhuoperpetimur,
1141 518 1225 577 quae
1249 499 1252 579 t
1277 516 1296 559 o
1317 517 1385 572 rex,
1409 496 1564 559 iniustam
1587 503 1620 559 et
1636 496 1815 559 violentam
1837 495 2098 571 dominationem,
2122 515 2255 576 oppres·

251 589 285 651 in
308 586 431 667 peccati
458 605 598 667 poenam
619 585 749 666 parenti
776 591 888 648 nostro
916 582 1058 646 indictae
1085 583 1223 659 fuerant,
1278 583 1347 645 sisti
1367 580 1516 659 humiles,
1539 580 1682 663 spoliasti
1701 603 1868 663 pauperes,
1888 580 1969 644 dure
1988 590 2022 643 et
2041 581 2153 661 inique
2171 589 2255 643 trae-

251 672 411 746 miserias,
446 671 566 734 talibus
594 671 857 735 exercitamentis
880 668 1047 731 admoneri
1070 689 1129 732 nos
1151 690 1225 732 sen·
1278 667 1355 731 tasti
1377 667 1534 750 populum
1556 678 1663 739 tuum:
1690 689 1749 749 pro
1778 668 1907 731 iniustis
1930 667 2168 742 exactionibus,
2196 687 2255 748 pro

250 759 351 821 timus
383 778 483 838 quam
515 758 660 839 graviter
687 757 759 819 Deo
792 755 874 838 legis
902 775 980 818 suae
1008 755 1224 837 transgressio
1277 753 1434 817 violentia
1455 762 1488 817 et
1509 755 1717 835 oppressione
1739 775 1826 817 nune
1843 753 1929 816 refer
1946 751 2203 817 misericordiam
2224 763 2257 816 et

251 843 434 925 displiceat:
464 863 527 925 quo
566 844 704 907 miserae
736 849 866 905 nostrae
899 841 995 904 sortis
1027 840 1226 904 conscientia
1276 840 1446 903 iustitiam.
1482 837 1643 904 Similiter
1666 838 1822 909 Salomon
1845 839 1981 902 caritate
2003 838 2122 919 operiri
2145 838 2257 901 multi·

251 928 367 994 deiecti
396 938 429 992 et
455 929 620 992 humiliati
649 928 690 992 ad
712 949 825 991 veram
848 925 1085 990 beatitudinem
1108 925 1226 989 arden·
1278 925 1426 988 tudinem
1460 936 1665 1007 peccatorum
1694 926 1740 988 ait
1768 926 1881 1008 (Prov.
1905 929 1959 1002 10,
1984 925 2051 1007 12);
2079 945 2146 987 non
2170 923 2256 1006 apud

250 1016 317 1079 tius
357 1016 547 1096 aspiremus.
599 1013 820 1078 stultissimus
850 1032 927 1075 vero
960 1013 1060 1076 fuerit
1092 1013 1121 1075 si
1153 1012 1226 1093 quis
1278 1011 1402 1089 Deum,
1436 1011 1494 1074 sed
1522 1011 1608 1075 inter
1637 1012 1786 1074 homines
1814 1012 1909 1092 ipsos.
1955 1008 2012 1075 Sic
2039 1010 2128 1074 enim
2159 1009 2258 1074 habet

251 1102 430 1165 arbitretur
469 1101 648 1182 praesentis
680 1100 767 1162 vitae
800 1098 1002 1162 calamitates
1035 1100 1069 1160 in
1102 1100 1226 1180 peceati
1278 1099 1408 1179 integer
1431 1117 1560 1161 versus:
1589 1096 1701 1160 odium
1730 1097 1850 1161 excitat
1871 1096 2109 1173 contentiones,
2137 1097 2258 1160 caritas

145 1206 151 1221 ·
225 1208 372 1251 ·noxam
395 1208 465 1251 esse
487 1186 579 1250 uobis
601 1185 777 1267 impositas.
812 1183 853 1247 Id
873 1183 955 1247 mihi
974 1181 1105 1248 videtur
1118 1183 1227 1268 Chry·
1280 1204 1357 1248 vero
1385 1184 1490 1265 operit
1518 1194 1651 1247 cunctas
1678 1183 1875 1264 iniquitates.
1921 1181 1995 1261 Quo
2019 1204 2133 1259 versu,
2166 1203 2257 1245 more

252 1280 415 1337 sostomus
441 1272 599 1348 voluisse,
628 1292 729 1352 quum
758 1271 807 1334 ita
834 1270 975 1352 scripsit:
991 1271 1015 1352 ¹)
1045 1270 1073 1334 si
1102 1270 1143 1333 ob
1166 1270 1228 1334 hoc
1280 1291 1353 1345 suo,
1376 1290 1435 1351 per
1457 1269 1652 1345 antithesin,
1680 1268 1768 1332 mala
1795 1290 1878 1350 quae
1900 1290 1941 1332 ex
1963 1267 2046 1332 odiis
2066 1276 2255 1344 naseuntur,

251 1380 372 1441 poenas
405 1359 504 1421 infert
530 1358 621 1420 Deus
653 1364 690 1421 ut
716 1357 752 1419 in
781 1356 877 1420 malis
906 1364 1153 1437 pe1severantes
1186 1354 1228 1419 ad
1281 1376 1356 1419 eum
1378 1355 1538 1420 fructibus
1559 1355 1705 1419 caritatis
1723 1356 1857 1432 confert,
1880 1355 1914 1416 in
1933 1354 2021 1418 hunc
2032 1375 2178 1418 sensum:
2202 1355 2258 1435 qui

252 1445 486 1528 poenitentiam
513 1450 620 1518 vocet,
655 1452 786 1506 ostensa
813 1442 1029 1523 poenitentia,
1063 1444 1229 1524 superflua
1279 1442 1367 1504 inter
1388 1462 1423 1505 11
1445 1440 1593 1518 oderunt,
1621 1441 1764 1505 vicissim
1785 1439 1945 1515 mordent,
1968 1449 2116 1523 carpunt,
2140 1461 2259 1521 expro-

251 1532 318 1596 iam
336 1530 397 1593 erit
414 1550 526 1611 poena.
562 1527 682 1608 Quare,
705 1538 803 1609 prout
824 1528 1079 1610 uniuscuiusque
1096 1529 1228 1611 ingenio
1280 1528 1385 1602 brant,
1409 1528 1563 1605 lacerant,
1586 1528 1696 1589 omnia
1717 1527 1796 1589 vitio
1819 1533 1968 1604 vertunt;
1992 1540 2025 1589 at
2047 1547 2123 1591 vero
2145 1527 2202 1607 qui
2225 1547 2260 1589 se

251 1615 405 1699 expedire
439 1616 544 1690 novit,
577 1616 624 1677 ita
654 1615 742 1676 huuc
769 1613 884 1677 maiori
911 1615 1100 1695 asperitate,
1134 1614 1228 1676 illum
1281 1612 1432 1696 diligunt,
1454 1613 1558 1676 multa
1576 1612 1662 1676 inter
1683 1633 1717 1675 so
1735 1610 2078 1690 mutuodissimulant,
2099 1610 2141 1676 ad
2153 1612 2260 1676 multa

249 1701 441 1783 benigniore
475 1709 595 1764 tractat
627 1698 839 1782 indulgentia.
897 1699 1009 1779 Itaque
1039 1700 1093 1762 abi
1124 1701 1229 1763 docere
1280 1700 1464 1776 connivent,
1483 1698 1589 1761 multa
1606 1699 1750 1763 vicissim
1767 1698 1966 1763 condonant:
1986 1718 2052 1762 non
2069 1697 2158 1780 quod
2177 1697 2261 1762 alter

250 1789 316 1852 vait
342 1807 375 1852 sc
400 1807 546 1850 1111111
571 1787 603 1847 iu
620 1787 731 1865 pomis
752 1786 912 1867 acipaidis
934 1785 1146 1863 immodicam,
1176 1805 1228 1848 ea·
1280 1785 1416 1849 alterius
1437 1785 1519 1848 vitia
1540 1784 1663 1865 probet,
1687 1783 1744 1847 sed
1761 1784 1889 1861 tolerat,
1913 1792 1947 1848 et
1964 1783 2172 1848 admonendo
2190 1805 2259 1847 me-

245 1874 376 1953 probrat
402 1873 482 1936 deero
504 1878 531 1935 et
552 1871 701 1935 obstinato
717 1871 850 1951 populo,
876 1872 956 1950 qaod
973 1892 1145 1952 pacarem
1166 1892 1228 1935 111
1280 1868 1389 1948 detur,
1421 1871 1531 1953 potius
1563 1892 1662 1952 quam
1692 1870 1881 1934 insectando
1914 1870 2086 1935 exulceret
2131 1869 2260 1934 Eodem

250 1964 352 2023 taram
379 1959 478 2037 saciat
502 1957 595 2036 finan
617 1957 770 2037 peccandi
793 1956 870 2036 (Ier.
895 1961 928 2033 5,
949 1958 992 2040 3).
1044 1956 1110 2021 Hoc
1135 1975 1228 2020 seara
1280 1978 1379 2021 sensu
1405 1956 1540 2020 citatum
1570 1957 1677 2019 locum
1706 1956 1793 2020 hunc
1821 1977 1841 2019 a
1868 1957 1968 2021 Petro
1990 1957 2022 2039 (l
2049 1956 2138 2020 Petr.
2165 1961 2200 2033 4,
2224 1959 2259 2033 8;

250 2044 447 2124 certqaeritar
469 2041 540 2125 (Os.
561 2047 594 2119 t,
615 2044 666 2122 8),
704 2041 864 2123 Ephraim
888 2063 953 2106 esse
980 2045 1075 2123 quasi
1102 2042 1228 2124 placea-
1278 2042 1376 2106 Prov.
1400 2047 1452 2118 16,
1474 2041 1508 2124 6)
1531 2042 1615 2105 nihil
1636 2041 1868 2123 ambigendum
1889 2049 1952 2118 est,
1975 2043 2038 2105 nisi
2061 2040 2259 2123 depravatae

252 2135 317 2194 tam
338 2128 378 2191 ab
400 2149 466 2191 aaa
481 2131 575 2207 parte
595 2129 756 2204 tartidate,
777 2127 816 2190 ab
837 2128 936 2192 attera
953 2134 1044 2209 parte
1065 2130 1227 2192 imoctam:
1279 2130 1434 2209 vafroque
1460 2127 1607 2192 detortae
1635 2129 1814 2210 scripturae
1842 2126 2034 2192 insimulare
2062 2149 2138 2191 eum
2167 2127 2259 2191 volu·

252 2217 331 2296 qaia
362 2214 476 2277 scilicet
501 2234 562 2276 111
589 2213 790 2294 penetrabaat
816 2214 851 2276 ia
879 2215 1001 2278 1111111
1025 2215 1161 2294 terciae,
1194 2220 1229 2277 at
1278 2235 1362 2277 mus.
1408 2212 1471 2278 Ubi
1504 2235 1581 2277 vero
1614 2213 1836 2278 niiserieordia
1869 2222 1901 2277 et
1935 2215 2136 2296 benignitate
2166 2214 2260 2278 docet

252 2301 340 2364 vitiis
362 2300 489 2363 excoctis
506 2300 645 2379 popataa
667 2301 735 2378 ipse
755 2320 856 2379 capae
876 2301 984 2363 amice
1003 2301 1096 2380 fieret.
1142 2298 1230 2365 Uerta
1279 2300 1405 2381 expiari
1434 2307 1617 2380 peccatum,
1651 2320 1719 2363 non
1751 2299 1907 2383 intelligit
1938 2300 2003 2364 illis
2035 2320 2146 2364 coram
2179 2300 2258 2364 facie

253 2386 310 2466 qai
332 2386 377 2448 sic
399 2386 548 2465 loquitar,
574 2386 717 2461 ostendit,
744 2384 877 2449 simulac
902 2387 1032 2466 1111111
1053 2387 1228 2466 resipuerit,
1280 2385 1416 2449 Domini
1443 2386 1662 2468 compensari,
1691 2393 1728 2448 ut
1757 2385 1813 2449 tali
1842 2387 2060 2449 satisfactione
2085 2398 2222 2467 pacatus
2235 2384 2257 2469 ¹)

252 2492 286 2534 ae
311 2491 382 2533 moa
401 2472 469 2551 sore
486 2471 687 2551 placabilem,
714 2472 834 2551 sibique
856 2476 963 2535 nestra
979 2473 1159 2552 pervicacia
1180 2493 1229 2535 11-
1279 2472 1381 2548 Deus,
1404 2492 1553 2554 poenam,
1573 2492 1672 2555 quam
1689 2471 1809 2552 alioqui
1828 2480 1900 2535 erat
1912 2473 2127 2554 expetiturus,
2145 2472 2257 2535 remit·

252 2556 352 2638 primi
378 2577 468 2637 qoem
501 2564 617 2620 exercet
648 2558 780 2638 11111111
812 2557 847 2620 ia
879 2559 955 2622 1111Ι
975 2557 1069 2623 andis
1100 2558 1229 2636 delictis,
1280 2565 1342 2635 tat;
1370 2557 1428 2622 sed
1454 2557 1608 2621 familiari
1634 2557 1816 2640 scripturae
1838 2579 1928 2621 more
1950 2557 2073 2622 indicat
2101 2557 2187 2640 quod
2209 2558 2257 2638 ip-

253 2643 305 2706 cai
337 2643 515 2706 catartaria
547 2645 689 2707 correctio
709 2649 884 2707 1111111111.
940 2579 1081 2722 grando
1116 2651 1228 2707 tamen
1281 2664 1354 2708 sum
1376 2643 1436 2708 sibi
1459 2644 1636 2724 propitium
1658 2642 1819 2725 reperturi
1842 2645 1922 2719 sint,
1953 2644 2009 2726 qui
2031 2644 2119 2708 vitiis
2140 2665 2178 2707 11
2200 2664 2257 2706 11-

255 2749 294 2792 11
328 2737 378 2792 cst
411 2738 523 2792 nostra
551 2729 699 2792 omnium
727 2728 865 2793 durities
900 2738 933 2792 et
970 2728 1111 2806 ruditas,
1144 2751 1228 2811 quae
1280 2730 1392 2811 quitiis
1413 2730 1574 2810 prioribus
1597 2729 1707 2793 valere
1728 2729 1835 2804 iussis,
1858 2751 1917 2810 per
1938 2730 2095 2813 pietatem
2116 2738 2148 2792 et
2170 2729 2257 2792 veri-

248 2814 460 2895 oastigatione
486 2815 521 2877 in
545 2815 736 2879 universum
765 2836 846 2896 opus
873 2814 1007 2892 habeat,
1042 2815 1150 2879 visum
1178 2822 1229 2879 eet
1280 2823 1381 2879 tatem
1405 2814 1447 2878 ad
1468 2816 1577 2896 ipsum
1599 2823 1844 2879 convertuntur.
1889 2816 1939 2881 Ac
1962 2816 1989 2879 si
2014 2815 2149 2891 diceret,
2172 2815 2257 2878 iram

247 2899 503 2982 prudentissimo
543 2901 628 2982 patri
663 2921 776 2965 omnes
811 2901 882 2965 sine
917 2901 1110 2983 exceptione
1143 2922 1227 2966 eom·
1278 2901 1415 2965 Domini
1435 2899 1578 2964 residere
1605 2902 1829 2983 acquiescere
1857 2901 1927 2965 eius
1953 2901 2123 2978 iudicium,
2152 2901 2208 2965 ubi
2237 2921 2256 2963 a

248 2986 343 3049 muni
376 2986 507 3068 flagello
538 3008 597 3069 per
631 2994 734 3050 totam
763 2987 866 3052 vitam
894 3008 1055 3051 exercere.
1102 2987 1227 3051 Mirum
1278 2988 1412 3070 flagitiis
1434 2987 1556 3050 nostris
1577 2987 1781 3068 quiescimus.
1821 2987 1885 3050 Nec
1901 3008 1972 3051 acro
1992 3008 2121 3052 1111111
2139 2989 2254 3064 111111,

251 3079 361 3136 autern
383 3080 432 3135 est
454 3094 513 3136 eur
535 3073 581 3135 sic
608 3073 643 3135 in
660 3094 763 3136 unum
780 3071 919 3137 Davidis
942 3072 1128 3154 exemplum
1150 3094 1226 3138 ocu·
1278 3074 1332 3137 sed
1348 3074 1458 3153 petias
1475 3072 1600 3136 modam
1622 3094 1713 3137 verae
1729 3073 1938 3138 movcrsioeis
1959 3073 2112 3138 desmihd.
2156 3072 2256 3136 Sicuti

247 3156 296 3221 los
325 3158 511 3234 coniiciant;
546 3166 595 3222 tot
621 3159 780 3240 exemplis
808 3180 874 3223 non
896 3167 1164 3239 permoveantur,
1191 3160 1225 3223 in
1276 3159 1450 3240 frequenter
1466 3159 1652 3223 denuntiant
1666 3159 1843 3239 prophetae,
1860 3158 2064 3240 fmotraDea
2080 3159 2255 3241 hypocritas

247 3244 366 3326 quibus
400 3244 577 3328 gratuitam
607 3253 815 3326 peecatorum
849 3245 1076 3308 remissionem
1107 3244 1227 3309 licebat
1278 3246 1415 3327 inperare
1439 3244 1564 3324 1111111
1591 3246 1675 3308 ritas
1696 3266 1759 3327 pro
1780 3245 1987 3326 poenitentia,
2015 3266 2105 3326 qoem
2133 3246 2256 3310 11111111

248 3329 471 3410 contemplari.
507 3330 649 3412 Legitur
668 3330 861 3410 publicanus
879 3329 1085 3395 descendisse
1107 3339 1226 3395 11111-
1279 3332 1441 3412 iateqritas
1468 3350 1538 3394 cam
1560 3331 1672 3410 officiis
1693 3332 1844 3395 caritatis.
1891 3330 1978 3393 stae
1999 3333 2094 3394 etiam
2115 3333 2256 3395 admonet

247 3415 301 3497 plo
323 3416 533 3493 iustificatus;
561 3436 666 3497 poena
688 3415 779 3479 nulla
801 3417 947 3497 sequitur
969 3415 1065 3499 (Luc.
1088 3420 1136 3493 18,
1162 3415 1224 3500 14).
1278 3422 1371 3481 autor
1391 3416 1536 3496 11111111
1556 3417 1600 3480 ad
1622 3416 1778 3480 Hebraeos
1800 3416 1865 3500 (13,
1889 3415 1956 3496 16),
1979 3417 2209 3496 beneficentiam
2229 3422 2256 3480 ct

247 3501 368 3564 Petrus
390 3499 501 3565 delicti
522 3502 653 3565 veniam
681 3500 823 3565 obtinuit
843 3500 934 3649 gibid.
955 3504 1005 3579 22,
1026 3501 1097 3586 61);
1120 3503 1225 3587 lacry-
1277 3503 1502 3566 demandatam
1523 3502 1754 3580 caramendaac,
1777 3503 1930 3567 eiusmodi
1955 3504 2114 3583 sacrificia
2131 3504 2257 3582 placere

248 3606 320 3649 mas
343 3588 426 3665 eius,
453 3587 560 3667 inquit
580 3586 827 3669 Ambrosius,²)
863 3588 1004 3670 egimus:
1034 3589 1226 3654 satisfactio-
1278 3588 1354 3653 Deo.
1389 3588 1454 3652 Nec
1474 3593 1551 3652 certe
1570 3586 1867 3671 01111111(Μ11111.
1887 3592 2007 3668 23,25;
2027 3587 2254 3670 11111141),

248 3693 324 3735 nem
352 3692 419 3735 non
442 3671 589 3754 legimus.
630 3672 676 3736 Et
702 3672 794 3736 audit
819 3673 1018 3758 paralyticus
1041 3673 1175 3757 (Matth.
1195 3679 1224 3752 9,
1277 3675 1367 3750 dam,
1401 3673 1592 3738 Pharisaeos
1612 3673 1811 3738 1111111111
1838 3674 1919 3753 qood
1935 3676 2115 3756 parpartdia
2135 3679 2255 3736 tantam

248 3760 299 3841 2):
323 3777 435 3840 surge,
464 3759 677 3822 remittuntur
700 3758 759 3822 tibi
781 3766 913 3840 peccata
934 3768 1005 3839 tua;
1033 3781 1139 3842 poena
1160 3782 1225 3824 non
1278 3760 1392 3825 catinis
1413 3761 1521 3823 intenti
1542 3761 1646 3825 cordis
1667 3761 1850 3824 maaddicm
1870 3761 2067 3842 septiperent,
2094 3759 2175 3823 iubet
2195 3779 2253 3836 eos,

247 3844 436 3925 imponitur.
477 3841 602 3908 Omnes
625 3864 708 3926 quae
730 3845 765 3907 in
787 3845 949 3926 scriptura
968 3866 1226 3910 commemorari·
1278 3867 1338 3928 qao
1365 3846 1472 3910 amaia
1499 3845 1618 3908 manda
1645 3848 1723 3923 siat,
1749 3847 1827 3910 dare
1847 3847 2065 3928 aenasyaas,
2093 3845 2135 3909 ad
2161 3846 2255 3908 satis-

248 3935 305 3991 tur
331 3927 565 4007 absolutiones,
600 3931 764 4012 gratuitae
799 3930 1036 3996 describuntur.
1081 3931 1135 3995 Ex
1163 3932 1225 3997 hae
1276 3932 1456 4013 societatum
1476 3931 1633 4010 hortatur,
1659 3933 1714 3996 scd
1740 3937 1861 3996 taratara
1883 3934 1966 3997 docet
1985 3931 2090 4013 quatis
2107 3931 2256 4012 probetm

248 4014 474 4095 exemplorum
496 4016 679 4097 frequentia
704 4015 818 4099 regula
838 4018 946 4098 potius
968 4017 1035 4098 peti
1058 4016 1224 4097 debuerat,
1279 4017 1346 4081 Deo
1377 4017 1554 4081 maaddies.
1609 4017 1662 4081 De
1700 4039 1764 4101 qua
1802 4017 1990 4101 loquutione
2022 4016 2097 4081 alibi
2133 4025 2255 4081 tracta-

249 4120 348 4181 quam
380 4100 420 4164 ab
452 4101 548 4166 unico
581 4101 652 4179 illo,
684 4101 772 4183 quod
804 4103 913 4166 nescio
945 4102 1025 4184 quid
1059 4101 1225 4185 singulare
1278 4112 1351 4167 turn
1369 4111 1427 4168 est.

249 4185 403 4250 continet.
1365 4193 1414 4252 37.
1460 4186 1629 4268 Quantum
1657 4190 1775 4254 attinet
1796 4190 1838 4255 ad
1859 4190 1967 4256 locum
1986 4191 2099 4255 Lucae
2121 4187 2167 4272 (7,
2188 4193 2253 4276 36),

335 4275 385 4335 36.
431 4271 552 4336 Daniel
575 4294 635 4337 sua
656 4273 885 4338 exhortatione
908 4273 952 4357 (4,
976 4274 1042 4356 24),
1065 4294 1130 4357 qua
1150 4297 1226 4340 sua-
1262 4278 1388 4354 nemo,
1422 4276 1476 4357 qui
1509 4274 1697 4356 parabolam
1730 4276 1796 4341 illic
1828 4296 1848 4340 a
1880 4278 2023 4341 Domino
2054 4277 2256 4359 propositam

248 4357 347 4423 debat
368 4356 647 4423 Nebuehadneaer
679 4368 717 4424 ut
740 4368 873 4442 peccata
900 4381 960 4424 sua
987 4361 1111 4425 iustitia
1139 4362 1226 4426 redi-
1279 4382 1359 4426 sano
1380 4360 1499 4425 iudicio
1520 4361 1654 4444 legerit,
1682 4363 1775 4427 nobis
1803 4383 1844 4426 ex
1871 4363 2187 4427 eo'oontroversiam
2209 4364 2255 4426 fa-

139 4468 144 4482 ·
250 4453 356 4508 meret
377 4454 411 4509 et
432 4445 618 4527 iniquitates
641 4465 716 4509 suas
728 4445 935 4510 miseratione
946 4467 1137 4529 pauperum,
1159 4469 1226 4512 non
1279 4449 1350 4514 1111
1394 4447 1594 4511 Pharisaeus
1615 4448 1702 4530 apud
1723 4470 1758 4513 se
1780 4450 1951 4531 cogitabat,
1975 4469 2041 4512 non
2064 4450 2256 4532 cognosaia

251 4529 354 4595 voluit
370 4530 557 4613 significare
574 4530 733 4595 iustitiam
750 4539 783 4596 et
799 4531 1055 4596 misericordiam
1073 4555 1144 4598 esse
1162 4535 1226 4599 Dei
1279 4536 1423 4599 Domino
1447 4533 1621 4597 mulierem
1648 4555 1746 4615 quam
1773 4542 1867 4599 tanta
1888 4535 2043 4599 facilitate
2072 4534 2115 4598 ad
2142 4556 2177 4598 se
2199 4533 2256 4598 ad-

251 4617 513 4698 propitiationem
555 4627 589 4680 et
627 4637 809 4699 poenarum
839 4616 1097 4699 redemptionem
1128 4619 1228 4702 (absit
1279 4621 1430 4686 misisset.
1476 4617 1646 4684 Sentiebat
1679 4622 1767 4684 enim
1800 4642 1865 4684 non
1897 4621 1997 4685 fuisse
2026 4620 2254 4695 admissurum,

252 4702 341 4764 enim
368 4709 406 4766 ut
432 4703 497 4766 alia
518 4724 665 4784 unquam
685 4703 784 4767 fircrit
805 4699 1011 4786 ἀπολύτρωσις
1032 4725 1131 4786 quam
1153 4726 1228 4769 san·
1280 4707 1309 4771 si
1330 4707 1559 4789 peccatricem,
1583 4705 1687 4787 qualis
1709 4713 1794 4781 erat,
1823 4708 2036 4790 cognovisset.
2082 4707 2191 4787 Atque
2214 4727 2256 4769 ex

253 4786 327 4869 guis
345 4786 496 4872 Christi),
520 4788 577 4852 sod
596 4788 678 4851 illud
699 4787 867 4867 redimere,
889 4789 931 4853 ad
952 4789 1102 4855 homines
1120 4793 1229 4873 potius
1280 4813 1319 4856 eo
1341 4793 1515 4877 colligebat
1534 4812 1599 4854 nou
1622 4812 1692 4854 esse
1713 4792 1923 4873 prophetam,
1953 4794 2008 4874 qui
2030 4813 2107 4856 eum
2129 4793 2162 4854 in
2185 4812 2256 4855 mo-

254 4891 352 4953 quam
374 4871 416 4935 ad
438 4874 547 4937 Deum
569 4874 690 4938 retulit
736 4877 785 4940 Ac
812 4877 839 4940 si
861 4874 1011 4941 dixisset:
1042 4877 1227 4956 exercuisti,
1281 4877 1359 4942 dum
1377 4879 1447 4943 falli
1463 4886 1579 4961 posset
1614 4877 1786 4955 Dominus,
1810 4887 1847 4941 ut
1867 4880 2081 4960 peccatricem
2101 4898 2168 4942 non
2187 4898 2256 4942 esse

325 5159 513 5240 1)Η1111’1.3,
532 5164 566 5216 (11
584 5166 688 5232 provid
708 5168 741 5218 ad
760 5167 913 5236 Stagirinm.
983 5168 1014 5232 2)
1032 5169 1117 5223 Serm.
1136 5167 1177 5223 46.
1196 5170 1230 5222 (11
1351 5169 1381 5233 1)
1401 5167 1447 5221 Sic
1463 5168 1528 5220 libri
1544 5170 1633 5219 aoatrr'
1649 5183 1741 5220 amaea
1757 5167 1820 5221 inde
1838 5170 1873 5222 ab
1890 5185 1916 5223 a
1928 5168 2009 5235 istm
2026 5175 2109 5222 antea
2120 5171 2257 5239 repetatur

256 5238 403 5300 poamtent
423 5233 506 5286 Petri.
1282 5238 1410 5306 placatus,
1429 5238 1503 5304 qaod
1520 5237 1629 5291 amatae
1642 5237 1861 5304 praesmeadum.
