4672 5842
77 306 139 370 ere
314 305 404 371 nra.
425 304 489 370 111.
533 304 598 371 nu
620 302 757 372 uene
778 303 1126 373 Paaemmueaa
1149 306 1341 375 cunum
1362 286 1581 377 enarras
1627 309 1726 377 ear.
1749 311 1846 378 xiv.
2025 323 2088 385 ιιι

76 493 173 593 (Lev.
190 496 238 571 18,
259 492 303 577 5),
325 495 381 576 qai
399 495 506 577 feeerit
525 493 600 558 toea
620 494 793 574 victarum
813 495 1055 561 meledictionem
1107 496 1199 561 abest
1221 499 1262 564 ab
1283 498 1347 563 ista
1368 499 1472 584 meta)
1491 500 1651 583 quomodo
1673 499 1850 566 audeamus
1873 502 2006 586 gloriari
2027 528 2087 571 nos

74 578 165 645 sltem
181 579 325 644 celebrem
341 601 496 662 opponens
512 585 617 646 corbe
635 599 739 644 muers
759 600 809 645 ees
830 582 885 661 qai
905 602 967 646 aea
981 603 1056 662 per-
1106 583 1274 648 eumulum
1296 583 1459 650 addidisse
1481 585 1523 649 ad
1544 587 1664 651 iustam
1690 587 1900 653 mensuram?
1944 590 2013 655 Neo
2038 600 2088 659 est

73 665 210 730 auant
241 666 278 730 in
310 666 459 732 oreadas.
507 665 627 747 Quibus
653 666 774 731 obrude
799 667 952 751 refellitur
979 688 1056 732 eem-
1107 667 1193 751 qued
1211 671 1355 752 exeipiat
1372 671 1542 753 quispiam,
1561 671 1646 735 nihil
1663 672 1791 738 obstare
1810 676 1982 756 quominus
1998 678 2088 744 ultra

73 756 212 819 mutam
232 753 389 834 partiatis
416 754 571 830 iustitiae,
602 752 657 817 eei
683 772 745 816 uere
766 752 835 816 elie
856 754 981 818 iustitia
1001 755 1056 819 ed·
1106 755 1291 820 necessaria
1307 756 1413 820 officia
1430 754 1567 838 prodeat
1587 758 1657 822 eius
1679 757 1835 837 studium,
1857 762 1913 842 qui
1935 784 1954 825 a
1975 785 2087 830 neees-

73 838 210 902 mr'tta'tur
226 838 261 901 iu
278 839 370 904 eeele's
386 860 481 920 quem
499 841 620 921 integre
637 837 713 920 lepis
730 838 906 904 obserate.
941 839 1055 921 Neque
1108 841 1203 906 sariis
1236 839 1346 924 aliqua
1377 842 1414 905 in
1445 848 1540 925 parte
1572 850 1686 909 eessat.
1749 842 1805 909 Sic
1838 848 1926 910 enim
1958 850 2088 929 penitus

74 944 156 990 vere
183 923 317 990 solidius
346 925 504 1010 estquod
526 924 652 1008 garrire
674 925 781 989 solent
804 923 844 988 de
865 924 1056 991 suffieienda
1107 925 1307 1006 habendum,
1331 927 1415 991 nihil
1438 929 1532 994 nobis
1551 929 1605 994 vel
1628 928 1713 1012 quod
1732 929 1774 994 ad
1790 928 1856 996 Dei
1875 931 2012 1015 eultum,
2035 936 2088 1001 vel

75 1029 136 1093 per
170 1012 466 1095 supererogationis
505 1031 605 1093 opera
643 1011 914 1092 compensatione.
966 1008 1056 1091 Quid
1108 1012 1196 1095 quod
1229 1012 1271 1079 ad
1304 1013 1512 1079 dilectionem
1547 1015 1692 1080 conferat
1726 1017 1762 1079 in
1797 1025 1941 1081 mentem
1973 1022 2087 1088 venire

75 1094 186 1161 enim?
220 1117 330 1161 annon
358 1118 396 1161 ee
423 1118 554 1180 semper
586 1095 727 1161 redeunt
759 1095 847 1160 unde
879 1097 947 1160 iam
978 1102 1057 1161 sunt
1108 1119 1218 1180 posse,
1253 1098 1340 1181 qued
1374 1120 1441 1164 non
1478 1100 1539 1165 sub
1571 1101 1636 1167 Dei
1670 1100 1744 1185 lege
1783 1103 2087 1185 comprehendatur.

75 1181 221 1248 exelusi‘l
253 1203 329 1247 eum
356 1183 412 1266 qui
440 1205 482 1248 ex
510 1189 605 1266 parte
632 1183 750 1265 legem·
769 1189 893 1262 servat,
921 1189 1056 1247 eatenus
1109 1181 1207 1264 Quod
1236 1185 1263 1249 si
1295 1206 1373 1267 pars
1405 1193 1455 1250 est
1487 1185 1584 1269 legis,
1618 1208 1661 1251 ne
1694 1187 1917 1253 voluntariam
1946 1189 2088 1257 liberali·

73 1270 198 1334 iustum
224 1270 374 1352 oporibus
403 1290 488 1349 esse,
516 1268 603 1352 quod
629 1268 696 1334 illis
722 1288 819 1332 nemo
847 1269 919 1333 sani
946 1267 1057 1333 iudioii
1108 1277 1211 1335 tatem
1232 1271 1401 1350 iaetemus,
1424 1271 1480 1337 ubi
1501 1271 1716 1356 astringimur
1736 1274 1938 1340 necessitate.

74 1355 279 1434 eoneesserit,
298 1356 396 1421 nimis
413 1353 623 1438 impudenter
640 1354 856 1437 prooenfesse
874 1360 1054 1419 assumunt.
1199 1360 1246 1421 15.
1291 1358 1400 1439 Atque
1418 1357 1453 1422 in
1473 1357 1560 1423 hane
1582 1378 1653 1423 rem
1674 1359 1905 1442 intempestive
1927 1362 2090 1447 allegatur

75 1441 185 1506 Tetios
220 1441 416 1506 testifieatur
447 1441 611 1506 Dominus
645 1440 773 1504 nullam
807 1461 843 1506 se
879 1461 1055 1524 agnoseere
1107 1441 1167 1507 illa
1193 1441 1291 1506 Pauli
1319 1442 1471 1527 gloriatio
1500 1444 1532 1528 (l
1559 1443 1635 1509 Cor.
1660 1445 1710 1530 9),
1740 1446 1825 1529 quod
1852 1447 1941 1512 inter
1969 1446 2088 1514 Corin-

74 1548 212 1610 eperum
238 1527 398 1592 iustitiam
424 1527 489 1593 nisi
510 1529 546 1592 in
573 1527 718 1608 perlecta
738 1525 821 1610 legis
843 1547 923 1591 suae
944 1526 1055 1592 obser·
1107 1527 1197 1593 thies
1218 1527 1290 1593 iure
1311 1549 1372 1593 sue
1394 1535 1509 1612 sponte
1531 1531 1679 1609 eesserit,
1709 1531 1794 1615 quod
1815 1532 1935 1597 lieebat
1956 1533 2087 1619 alioqui,

74 1613 214 1682 vatione.
259 1611 355 1694 Quae
376 1621 427 1678 est
448 1611 648 1695 improbitas,
670 1633 772 1695 quum
794 1633 833 1677 ea
855 1611 1054 1692 deliciamur,
1107 1615 1136 1678 si
1156 1612 1321 1693 libuisset,
1350 1637 1523 1697 usurpare,
1553 1636 1615 1682 nee
1640 1616 1706 1682 illis
1733 1625 1864 1681 tantum
1890 1618 2089 1702 impenderit

73 1721 117 1765 ne
138 1698 311 1764 videamur
336 1701 426 1763 omni
453 1700 560 1783 gloria
581 1699 724 1781 spoliati,
754 1698 817 1764 hoe
839 1705 898 1776 est,
921 1719 1055 1782 prorsus
1108 1697 1194 1783 quod
1211 1720 1252 1764 ex
1270 1700 1376 1766 offieio
1394 1699 1546 1780 debebat,
1570 1701 1628 1767 sed
1648 1703 1827 1786 gratuitam
1844 1724 1978 1787 operam
2000 1706 2088 1772 ultra

73 1786 148 1852 Deo
176 1786 325 1864 eessisse,
352 1785 462 1851 neseio
484 1785 602 1868 quibus
624 1804 805 1867 paueerum
828 1805 965 1867 operum
985 1784 1054 1848 iru-
1107 1786 1204 1850 officii
1232 1787 1332 1851 finem
1359 1786 1498 1870 largitus
1526 1789 1576 1853 sit
1622 1790 1726 1872 Atqui
1748 1790 1894 1854 animum
1917 1790 2089 1858 advertere

74 1871 170 1937 stolis
191 1892 251 1936 nes
271 1871 407 1951 iaetare,
435 1878 470 1936 et
490 1870 576 1954 quod
598 1870 690 1936 deest
709 1869 869 1936 redimere
890 1878 951 1954 per
974 1871 1055 1935 alias
1107 1870 1322 1938 eonveniebat
1341 1872 1383 1937 ad
1405 1874 1566 1938 rationem
1586 1872 1655 1940 illie
1676 1875 1856 1959 signatam,
1884 1875 1945 1941 hee
1973 1876 2088 1945 leehse

75 1957 314 2024 sahsfaetiones
346 1957 482 2024 oonari?
526 1956 775 2024 Satisfaetiones
807 1957 874 2021 iam
904 1963 1056 2039 potenter
1107 1978 1149 2021 ne
1170 1958 1311 2023 infirmis
1333 1956 1530 2025 offendieule
1556 1961 1649 2025 ieret.
1693 1961 1920 2027 Venditabant
1941 1963 2031 2026 enim
2052 1985 2088 2030 se

75 2043 203 2109 dirutae
229 2065 330 2128 supra
356 2044 504 2123 luerunt,
533 2051 572 2107 ιιι
592 2064 634 2108 ne
655 2064 715 2125 per
736 2043 901 2107 somnium
923 2041 1056 2127 quidem
1107 2043 1170 2109 hoe
1191 2043 1405 2128 benignitatis
1431 2045 1593 2111 lenoeinio
1618 2047 1697 2112 mali
1725 2047 1989 2130 fraudrdentique
2012 2071 2088 2132 ope-

73 2129 188 2197 venire
219 2131 312 2195 nobis
350 2130 386 2194 in
423 2137 570 2195 mentem
601 2128 750 2194 debeant
797 2129 942 2193 'lantum
973 2128 1054 2208 dieo,
1107 2130 1203 2208 rarii,
1226 2150 1290 2212 quo
1313 2137 1347 2195 et
1367 2130 1515 2197 faverem
1536 2132 1668 2198 sontieis
1691 2134 1760 2198 suis
1782 2133 1989 2218 dogmatibus
2011 2156 2087 2200 een·

73 2237 129 2282 ees
155 2215 213 2299 qui
241 2217 287 2282 sie
314 2216 497 2299 ineptiunt,
527 2215 664 2280 minime
692 2220 844 2297 reputare
873 2235 973 2297 quam
1001 2236 1055 2280 res
1107 2215 1258 2281 eiliarent
1279 2222 1313 2280 et
1334 2215 1444 2282 edium
1467 2219 1647 2283 eonflarent
1674 2220 1860 2303 evangelio,
1889 2227 1928 2285 ut
1955 2241 2088 2287 neeesse

74 2302 117 2368 sit
141 2323 252 2367 eoram
272 2303 345 2368 Dee
370 2301 581 2368 exseerabilis
602 2308 781 2384 peeeatum.
824 2300 1055 2384 Intelligerent
1105 2300 1211 2367 Paulo
1244 2302 1358 2381 fuerit,
1393 2304 1446 2368 rel
1478 2304 1514 2367 in
1545 2303 1728 2386 perieulum
1762 2326 1926 2371 aeeersere
1962 2306 2088 2372 Christi

73 2388 163 2453 enim
183 2389 341 2470 preleoto,
370 2395 474 2453 tetam
500 2387 674 2452 hominum
700 2386 862 2452 iustitiam
888 2387 923 2451 in
949 2408 1054 2451 unum
1106 2385 1304 2467 doetrinam,
1335 2389 1388 2454 rel
1409 2389 1570 2454 eiusmodi
1591 2390 1716 2456 artibus
1737 2389 1878 2457 ebriare.
1923 2390 2087 2476 Agedum,

73 2473 244 2540 eumulum
266 2483 426 2553 eoaetam,
449 2475 547 2539 unius
569 2473 826 2556 compensationi
846 2493 961 2555 parem
983 2494 1054 2539 esse
1106 2474 1135 2538 ei
1163 2494 1218 2539 res
1249 2480 1300 2538 est
1331 2474 1458 2540 homini
1488 2475 1668 2541 ehristiano
1699 2476 1823 2557 media,
1856 2476 2088 2544 offendiculum

73 2580 143 2624 non
163 2579 266 2642 posse.
310 2561 472 2626 Videmus
492 2579 636 2643 namque
659 2558 825 2625 hominem
847 2579 914 2624 uno
936 2558 1054 2624 delieto
1105 2560 1290 2639 incurrere,
1317 2580 1420 2643 quum
1442 2561 1607 2627 abstinere
1631 2563 1742 2639 liceat,
1771 2562 1877 2628 fateor
1904 2565 2088 2647 apostolum

73 2646 120 2712 rie
142 2667 163 2711 a
183 2645 256 2712 Dee
280 2647 444 2713 abieetum
469 2646 571 2713 luisse
599 2652 633 2710 et
659 2644 861 2723 abdicatum,
890 2651 931 2709 ut
956 2644 1055 2710 simul
1106 2644 1229 2728 aliquid
1250 2644 1394 2711 Domino
1416 2667 1681 2732 supererogasse,
1714 2649 1766 2713 sin
1793 2648 1856 2714 hoe
1882 2649 1993 2733 ipsum
2014 2652 2088 2716 iure

73 2751 206 2797 omnem
236 2733 481 2818 reeuperandae
515 2731 633 2798 salutis
666 2731 828 2797 rationem
863 2729 1052 2813 perdiderit.
1106 2732 1333 2814 requirebatur
1355 2755 1375 2797 a
1395 2733 1550 2816 prudenti
1572 2734 1735 2818 evangelii
1758 2734 1990 2817 dispensatore,
2014 2735 2087 2802 dieo

73 2814 213 2884 Sublata
241 2828 292 2886 est
318 2820 422 2904 igitur
454 2810 684 2885 satisfaetionis
716 2817 869 2895 facultas,
902 2838 967 2898 qua
997 2817 1054 2899 qui
1104 2816 1220 2883 fecisse
1247 2817 1334 2901 quod
1355 2817 1501 2886 debebat.
1545 2818 1697 2902 Denique
1729 2821 1858 2886 etiamsi
1884 2821 1960 2886 talis
1988 2842 2087 2887 eausa

73 2902 135 2969 sibi
148 2904 372 2986 blandiuntur,
396 2926 567 2988 nunquam
579 2912 667 2969 eerte
680 2904 753 2968 Deo
770 2902 979 2980 satisfaoient,
998 2903 1053 2969 eui
1105 2924 1173 2968 non
1201 2911 1352 2986 apparet,
1382 2926 1500 2970 verum
1521 2912 1633 2971 tamen
1655 2927 1785 2989 semper
1806 2915 1857 2971 est
1876 2906 1958 2972 illud
1976 2904 2086 2992 Chry·

70 2989 156 3054 nihil
181 3001 314 3075 gratum
338 2999 549 3075 aeeeptumve
578 2999 629 3055 ost
649 2989 736 3072 qued
757 2989 798 3055 ab
820 2989 963 3055 inimieis
984 2989 1054 3054 suis
1104 2991 1250 3068 sestomi,
1279 2999 1392 3055 nostra
1418 2992 1529 3056 emnia
1558 2992 1696 3057 eandem
1724 2992 1846 3057 habere
1867 2992 2086 3058 eonditienem

68 3077 252 3158 preleetum
284 3078 336 3143 sit.
382 3077 513 3142 Inimiei
547 3097 646 3161 porro
678 3083 757 3140 sunt
788 3095 901 3140 omnes
933 3075 1052 3157 quibus
1105 3096 1180 3141 oum
1207 3097 1378 3141 serrorum
1404 3077 1555 3159 peonius,
1582 3098 1666 3160 quae
1694 3079 1766 3143 iure
1791 3079 1863 3161 ipso
1891 3077 2002 3143 deberi
2029 3078 2086 3143 do·

67 3161 231 3244 imputare
258 3171 392 3246 peecata
420 3164 572 3228 instituit.
618 3162 719 3229 'leeta
739 3161 841 3245 igitur
862 3168 896 3226 et
914 3161 1054 3226 remissa
1104 3161 1195 3225 mino
1228 3168 1364 3228 constat
1409 3163 1524 3247 Neque
1552 3161 1586 3227 id
1618 3163 1836 3230 dissimularit
1864 3162 2018 3229 Christus
2050 3165 2086 3230 in

68 3257 204 3330 peecata
230 3247 324 3313 nobis
350 3257 427 3314 ante
454 3257 595 3331 oportet,
626 3269 726 3330 quam
759 3245 802 3312 ad
832 3246 938 3311 ullum
970 3268 1052 3330 opus
1104 3247 1261 3329 parabola
1282 3249 1379 3333 (Lue.
1402 3253 1450 3328 17,
1471 3248 1514 3332 7).
1559 3249 1749 3334 Interrogat
1770 3251 1859 3315 enim
1885 3271 1984 3333 qnam
2010 3271 2086 3334 gra

69 3338 221 3397 nostrum
241 3334 407 3400 Dominus
427 3335 588 3417 respieiat.
633 3334 688 3399 Ex
712 3354 776 3417 quo
800 3333 948 3416 sequeitur
975 3354 1051 3416 gra·
1104 3333 1185 3397 tiam
1205 3332 1350 3398 habituri
1373 3335 1476 3400 simus
1496 3356 1605 3412 serve,
1633 3336 1691 3400 ubi
1709 3342 1779 3399 teta
1795 3336 1849 3401 die
1865 3337 1958 3403 vario
1975 3335 2086 3402 labore

70 3418 191 3481 tuitam
218 3439 288 3485 esse
315 3428 522 3502 peceaterum
549 3420 790 3500 remissionem;
822 3440 921 3502 quam
950 3419 1052 3484 seele-
1105 3420 1304 3486 exercitatus
1326 3419 1367 3485 ad
1390 3443 1450 3486 nos
1473 3423 1600 3504 vesperi
1623 3421 1765 3486 redierit.
1799 3422 1902 3504 Atqui
1919 3423 1992 3487 fieri
2013 3430 2086 3505 pot·

69 3510 143 3568 rate
171 3503 400 3587 blasphemant
424 3507 480 3589 qui
508 3505 747 3571 satisfaetienes
775 3506 860 3571 ullas
886 3505 1050 3589 ingerunt
1105 3511 1157 3569 est
1182 3512 1221 3569 ut
1246 3506 1370 3572 maiore
1390 3504 1554 3573 industria
1573 3507 1760 3574 ineubuorit
1785 3530 1884 3590 quam
1913 3508 1984 3573 ausi
2006 3509 2086 3573 luis·

68 3589 140 3655 Nos
162 3610 249 3673 ergo,
273 3590 421 3673 exemplo
444 3592 581 3675 apostoli
603 3590 704 3678 (Phil.
719 3596 747 3670 3,
770 3591 834 3676 13),
857 3612 941 3675 quae
962 3599 1051 3657 retro
1104 3611 1215 3656 semus
1237 3592 1377 3675 exigere.
1422 3594 1521 3658 Esto:
1551 3593 1636 3659 nihil
1661 3599 1775 3659 tamen
1801 3594 1879 3660 feeit
1905 3592 1992 3676 quod
2017 3615 2086 3659 non

69 3682 148 3741 sunt
168 3675 407 3756 oblivisoentes,
430 3677 472 3742 ad
490 3699 529 3743 ea
547 3684 658 3743 autem
679 3685 855 3762 pergentes
894 3698 956 3742 uae
974 3686 1051 3743 ante
1104 3697 1146 3741 ex
1168 3675 1352 3743 mndieono
1374 3680 1542 3745 servitutis
1565 3679 1712 3758 deberet,
1740 3680 1819 3762 quia
1839 3701 1915 3746 eum
1936 3687 2005 3744 tota
2026 3701 2086 3745 sua

68 3783 129 3827 nos
156 3769 252 3842 sunt,
283 3778 453 3829 curramus
474 3765 509 3827 in
531 3763 636 3829 stadio
656 3771 785 3843 nestro,
814 3698 987 3828 tenlentes
1009 3763 1051 3829 ad
1102 3762 1259 3827 facultate
1280 3771 1392 3829 noster
1413 3771 1471 3830 est.
1517 3766 1623 3832 'Paeeo
1650 3765 1764 3848 quales
1785 3767 1853 3831 sint
1872 3786 2085 3848 supereroga-

68 3848 214 3931 palmam
235 3869 398 3931 supernae
421 3850 607 3916 vocationis.
873 3915 878 3935 ,
1103 3849 1209 3914 tiones
1229 3869 1311 3932 quas
1332 3851 1389 3916 isti
1411 3850 1582 3917 venditare
1600 3851 1673 3918 Deo
1695 3851 1819 3919 volunt
1857 3851 1974 3934 Nugae
1995 3851 2085 3916 enim

157 3938 206 3999 14.
251 3934 381 4000 laetare
401 3955 480 4002 vero
502 3936 798 4020 supererogationis
826 3955 940 4018 opera,
972 3955 1051 4019 quo-
1103 3941 1190 4014 sunt,
1212 3956 1295 4018 quas
1316 3958 1422 4020 neque
1443 3938 1514 4019 ipse
1530 3958 1676 4019 unquam
1693 3936 1876 4020 imperavit,
1899 3957 2005 4019 neque
2027 3958 2085 4020 ap-

67 4019 165 4086 medo
186 4042 262 4087 eum
283 4021 340 4086 illo
362 4022 516 4087 eonvenit
535 4021 622 4104 quod
641 4022 735 4087 nobis
756 4029 968 4104 praeceptum
990 4027 1049 4100 est,
1102 4019 1227 4103 probat,
1246 4043 1421 4105 neequum
1435 4021 1603 4089 reddenda
1620 4024 1683 4088 erit
1701 4022 1788 4105 apud
1806 4044 1841 4087 se
1859 4023 1952 4103 ratio,
1972 4045 2085 4107 aeeep-

67 4112 106 4169 ut
126 4128 229 4189 quum
248 4108 423 4173 feeerimus
446 4128 657 4190 quaeeunque
678 4108 924 4192 praecipiuntur
945 4107 1049 4187 nobis,
1102 4114 1154 4172 tas
1189 4108 1280 4173 feret.
1335 4108 1409 4175 Hae
1436 4107 1569 4173 demum
1603 4109 1842 4192 significatione
1871 4108 2085 4176 eoneedemus

67 4189 215 4258 dieamus
240 4214 301 4259 nos
329 4213 441 4260 servos
469 4215 541 4259 esse
567 4194 716 4273 inutiles,
744 4215 806 4259 nee
832 4195 906 4278 plus
934 4193 1050 4260 leeisse
1102 4213 1173 4258 esse
1194 4195 1491 4278 supererogationis
1514 4215 1627 4276 opera,
1658 4200 1771 4277 utpote
1793 4195 1834 4261 de
1856 4197 1974 4278 quibus
1996 4194 2084 4279 apud

66 4297 167 4359 quam
188 4277 276 4361 quod
297 4279 494 4345 debuimus?
531 4280 651 4346 Dieere
673 4301 784 4346 eoram
805 4279 887 4360 Dee,
910 4300 977 4344 non
999 4286 1050 4345 est
1100 4278 1297 4428 ppephetam
1324 4280 1458 4365 (Ies.·1,
1486 4278 1539 4363 12)
1568 4278 1692 4345 dietum
1723 4289 1787 4358 est,
1819 4283 1892 4363 quis
1922 4282 2084 4364 quaesivit

66 4363 223 4430 simulare
251 4373 310 4431 sut
338 4366 487 4446 mentiri;
521 4364 579 4432 sed
610 4365 697 4449 quod
722 4386 782 4448 pro
808 4375 897 4433 eerte
927 4365 1048 4432 habeas
1146 4386 1183 4430 ee
1205 4364 1246 4429 de
1267 4364 1420 4431 manibus
1437 4363 1579 4432 vestris?
1626 4361 1694 4430 Sed
1715 4367 1929 4433 meminerint
1948 4365 2028 4448 quid
2049 4372 2084 4429 et

66 4449 155 4532 apud
187 4458 221 4516 te
254 4453 462 4518 constituere.
517 4452 616 4517 Iubet
650 4452 760 4534 itaque
791 4453 956 4517 Dominus
988 4473 1048 4518 nos
1101 4448 1178 4514 alibi
1204 4449 1295 4535 (ibid.
1316 4456 1367 4530 bb,
1393 4452 1429 4536 2)
1458 4452 1586 4517 dieatur
1614 4450 1655 4516 de
1680 4451 1735 4516 iis:
1770 4472 1871 4534 quare
1898 4448 2083 4534 appenditis

65 4535 192 4602 sinemo
224 4540 347 4604 sentire
381 4546 415 4603 et
447 4539 618 4604 nobiseum
652 4544 822 4620 reputare,
858 4538 951 4602 nulla
985 4536 1048 4602 sibi
1100 4544 1275 4620 argentum
1307 4544 1456 4605 vestrum
1489 4545 1524 4602 et
1555 4557 1625 4603 non
1658 4536 1695 4600 in
1732 4536 1896 4619 panibus?
1936 4536 2082 4602 laborem

63 4630 232 4773 perpestare
259 4626 405 4708 gratuita
432 4625 556 4704 offieia,
589 4625 648 4689 sed
676 4622 801 4689 debitas
830 4645 946 4707 operas
973 4621 1048 4688 red·
1099 4630 1247 4689 vestrum
1273 4624 1455 4703 insumitis,
1483 4631 1518 4688 et
1543 4644 1609 4688 non
1636 4622 1672 4687 in
1695 4621 1889 4688 saturitate?
1934 4622 2010 4686 Non
2032 4628 2083 4687 est

143 4758 150 4772 .
194 4709 241 4775 Et
268 4711 398 4777 merite:
433 4713 521 4777 servi
552 4712 647 4776 enim
666 4731 782 4776 sumus
809 4716 861 4774 tet
885 4709 1048 4792 obsequiis
1099 4709 1231 4792 quidem
1258 4708 1354 4775 valde
1383 4707 1584 4775 laboriosum
1606 4708 1717 4775 otiosis
1738 4709 1811 4774 istis
1832 4708 1977 4774 rabbinis
2000 4708 2083 4774 haee

64 4790 264 4860 defoenerati
300 4804 380 4880 quot
418 4796 555 4883 defungi
586 4819 656 4862 non
687 4816 880 4881 pessumus,
920 4795 1048 4861 etiamsi
1100 4795 1160 4862 sub
1199 4795 1317 4861 umbra
1353 4797 1391 4860 in
1425 4794 1578 4861 mollibus
1613 4792 1777 4861 cathedris
1812 4793 1989 4876 disputare.
2034 4794 2082 4858 At

63 4898 178 4946 omnes
208 4889 340 4948 nostrae
374 4885 587 4969 eogitationes
621 4883 796 4966 omniaque
829 4882 979 4948 membra
1010 4880 1048 4945 in
1099 4902 1202 4965 quum
1239 4903 1389 4950 summus
1427 4881 1484 4947 ille
1521 4881 1622 4947 iudex
1660 4901 1720 4964 pre
1758 4878 1917 4947 tribunali
1950 4878 2081 4960 sederit,

61 4963 146 5049 legis
174 4967 280 5034 effide
306 4977 524 5036 verterentur.
568 4969 713 5056 Ideoque
738 4969 826 5054 qnod
853 4970 913 5035 ait:
943 4989 1047 5052 quum
1098 4988 1293 5036 evaneseere
1337 4975 1473 5037 ventosa
1516 4966 1704 5035 huiusmodi
1746 4967 1867 5050 plseita
1908 4967 2081 5051 oportebit

60 5050 204 5120 feeeritis
235 5075 450 5139 quaeeunque
485 5057 593 5139 praeei
617 5058 731 5123 iuntur
764 5056 871 5136 vobis,
910 5052 1047 5138 perinde
1098 5052 1181 5133 Hoe,
1205 5054 1268 5122 hoo
1289 5055 1514 5139 quaerendum
1536 5060 1617 5135 erat,
1646 5075 1745 5137 quam
1767 5052 1809 5120 ad
1836 5054 1907 5119 eius
1934 5052 2082 5120 tribunal

61 5137 240 5207 valeteesi
257 5141 445 5224 plusquam
463 5162 578 5210 omnes
594 5078 767 5210 bominum
784 5142 930 5209 iustitiae
947 5142 1047 5208 unius
1098 5137 1296 5207 defensionis
1316 5142 1471 5209 fiduciam
1492 5140 1625 5222 afferre,
1653 5162 1720 5207 nen
1748 5138 1827 5224 quid
1848 5141 1885 5205 in
1907 5140 2027 5207 seholis
2048 5146 2083 5205 et

59 5224 177 5291 forent
228 5225 298 5293 Nes
331 5248 410 5312 ergo
439 5227 596 5312 (quorum
625 5250 724 5295 neme
754 5249 822 5296 nen
853 5227 1046 5312 longissime
1098 5224 1230 5308 suguilis
1249 5227 1392 5293 fabulari
1413 5247 1596 5312 pomumm.
