<?xml version="1.0" encoding="UTF-8"?>
<!DOCTYPE html PUBLIC "-//W3C//DTD XHTML 1.0 Transitional//EN"
    "http://www.w3.org/TR/xhtml1/DTD/xhtml1-transitional.dtd">
<html xmlns="http://www.w3.org/1999/xhtml" xml:lang="en" lang="en">
 <head>
  <title>
</title>
<meta http-equiv="Content-Type" content="text/html;charset=utf-8" />
  <meta name='ocr-system' content='tesseract 3.04.00' />
  <meta name='ocr-capabilities' content='ocr_page ocr_carea ocr_par ocr_line ocrx_word'/>
</head>
<body>
  <div class='ocr_page' id='page_1' title='image "./ioanniscalvinii00cunigoog_0370.png"; bbox 0 0 4672 5842; ppageno 0'>
   <div class='ocr_carea' id='block_1_1' title="bbox 21 296 2108 404">
    <p class='ocr_par' dir='ltr' id='par_1_1' title="bbox 21 296 2108 404">
     <span class='ocr_line' id='line_1_1' title="bbox 21 296 2108 404; baseline 0.002 -6"><span class='ocrx_word' id='word_1_1' title='bbox 21 296 23 300; x_wconf 42' lang='lat'><strong><em>⁴</em></strong></span> <span class='ocrx_word' id='word_1_2' title='bbox 104 340 165 399; x_wconf 84' lang='grc' dir='ltr'><strong>ιιι</strong></span> <span class='ocrx_word' id='word_1_3' title='bbox 322 333 413 400; x_wconf 78' lang='grc' dir='ltr'>ιιι.</span> <span class='ocrx_word' id='word_1_4' title='bbox 436 333 500 398; x_wconf 85' lang='grc' dir='ltr'>ιιι.</span> <span class='ocrx_word' id='word_1_5' title='bbox 543 333 608 399; x_wconf 86' lang='lat' dir='ltr'><strong>nn</strong></span> <span class='ocrx_word' id='word_1_6' title='bbox 629 331 765 400; x_wconf 82' lang='lat' dir='ltr'><strong>nouo</strong></span> <span class='ocrx_word' id='word_1_7' title='bbox 786 331 1136 404; x_wconf 69' lang='lat' dir='ltr'><strong>monianum</strong></span> <span class='ocrx_word' id='word_1_8' title='bbox 1158 331 1349 400; x_wconf 81' lang='lat' dir='ltr'><strong>cnarsm</strong></span> <span class='ocrx_word' id='word_1_9' title='bbox 1371 332 1590 400; x_wconf 73' lang='lat' dir='ltr'><strong>animis.</strong></span> <span class='ocrx_word' id='word_1_10' title='bbox 1636 333 1734 401; x_wconf 77' lang='lat' dir='ltr'><strong>one.</strong></span> <span class='ocrx_word' id='word_1_11' title='bbox 1758 334 1889 400; x_wconf 78' lang='lat' dir='ltr'><strong>xxiv,</strong></span> <span class='ocrx_word' id='word_1_12' title='bbox 2045 342 2108 404; x_wconf 86' lang='grc' dir='ltr'><strong>ιιι</strong></span> 
     </span>
    </p>
   </div>
   <div class='ocr_carea' id='block_1_2' title="bbox 95 521 2110 5325">
    <p class='ocr_par' dir='ltr' id='par_1_2' title="bbox 105 521 2110 777">
     <span class='ocr_line' id='line_1_2' title="bbox 105 521 2107 609; baseline 0.002 -19"><span class='ocrx_word' id='word_1_13' title='bbox 105 531 226 591; x_wconf 84' lang='grc' dir='ltr'>ιιιιιιιιι·</span> <span class='ocrx_word' id='word_1_14' title='bbox 254 545 292 588; x_wconf 86' lang='grc' dir='ltr'><strong>ιι</strong></span> <span class='ocrx_word' id='word_1_15' title='bbox 320 521 498 587; x_wconf 89' lang='lat' dir='ltr'><strong>concrediti</strong></span> <span class='ocrx_word' id='word_1_16' title='bbox 527 521 625 586; x_wconf 91' lang='lat' dir='ltr'><strong>utin</strong></span> <span class='ocrx_word' id='word_1_17' title='bbox 651 523 755 586; x_wconf 85' lang='lat' dir='ltr'><strong>vitam</strong></span> <span class='ocrx_word' id='word_1_18' title='bbox 783 529 950 589; x_wconf 90' lang='lat' dir='ltr'><strong>aeternam</strong></span> <span class='ocrx_word' id='word_1_19' title='bbox 972 530 1080 590; x_wconf 87' lang='lat' dir='ltr'><strong>custo·</strong></span> <span class='ocrx_word' id='word_1_20' title='bbox 1132 544 1189 589; x_wconf 77' lang='grc' dir='ltr'><strong>ιιι</strong></span> <span class='ocrx_word' id='word_1_21' title='bbox 1209 542 1271 588; x_wconf 83' lang='lat' dir='ltr'><strong>acc</strong></span> <span class='ocrx_word' id='word_1_22' title='bbox 1292 528 1343 589; x_wconf 82' lang='lat' dir='ltr'><strong>est.</strong></span> <span class='ocrx_word' id='word_1_23' title='bbox 1388 521 1477 604; x_wconf 79' lang='lat' dir='ltr'><strong>Quid</strong></span> <span class='ocrx_word' id='word_1_24' title='bbox 1498 523 1576 588; x_wconf 87' lang='lat' dir='ltr'><strong>hino</strong></span> <span class='ocrx_word' id='word_1_25' title='bbox 1597 545 1657 589; x_wconf 91' lang='lat' dir='ltr'><strong>nos</strong></span> <span class='ocrx_word' id='word_1_26' title='bbox 1678 524 1801 590; x_wconf 88' lang='lat' dir='ltr'><strong>discere</strong></span> <span class='ocrx_word' id='word_1_27' title='bbox 1822 526 1927 590; x_wconf 84' lang='lat' dir='ltr'><strong>voluit</strong></span> <span class='ocrx_word' id='word_1_28' title='bbox 1946 525 2107 609; x_wconf 79' lang='lat' dir='ltr'><strong>Christus,</strong></span> 
     </span>
     <span class='ocr_line' id='line_1_3' title="bbox 105 606 2110 695; baseline 0.003 -21"><span class='ocrx_word' id='word_1_29' title='bbox 105 610 246 675; x_wconf 72' lang='lat' dir='ltr'><strong>dianurr,</strong></span> <span class='ocrx_word' id='word_1_30' title='bbox 292 606 382 689; x_wconf 78' lang='lat' dir='ltr'><strong>Quid</strong></span> <span class='ocrx_word' id='word_1_31' title='bbox 413 608 508 672; x_wconf 89' lang='lat' dir='ltr'><strong>nobis</strong></span> <span class='ocrx_word' id='word_1_32' title='bbox 539 606 714 676; x_wconf 79' lang='lat' dir='ltr'><strong>volumus?</strong></span> <span class='ocrx_word' id='word_1_33' title='bbox 749 606 880 673; x_wconf 78' lang='lat' dir='ltr'><strong>Clamat</strong></span> <span class='ocrx_word' id='word_1_34' title='bbox 901 611 970 675; x_wconf 89' lang='lat' dir='ltr'><strong>alta</strong></span> <span class='ocrx_word' id='word_1_35' title='bbox 1002 630 1081 675; x_wconf 86' lang='lat' dir='ltr'><strong>voce</strong></span> <span class='ocrx_word' id='word_1_36' title='bbox 1133 610 1196 674; x_wconf 89' lang='lat' dir='ltr'><strong>nisi</strong></span> <span class='ocrx_word' id='word_1_37' title='bbox 1222 616 1260 673; x_wconf 93' lang='lat' dir='ltr'><strong>ut</strong></span> <span class='ocrx_word' id='word_1_38' title='bbox 1286 608 1486 674; x_wconf 89' lang='lat' dir='ltr'><strong>confidamus</strong></span> <span class='ocrx_word' id='word_1_39' title='bbox 1513 616 1669 691; x_wconf 91' lang='lat' dir='ltr'><strong>perpetuo</strong></span> <span class='ocrx_word' id='word_1_40' title='bbox 1696 630 1757 675; x_wconf 91' lang='lat' dir='ltr'><strong>nos</strong></span> <span class='ocrx_word' id='word_1_41' title='bbox 1784 610 1853 675; x_wconf 82' lang='lat' dir='ltr'><strong>tore</strong></span> <span class='ocrx_word' id='word_1_42' title='bbox 1880 611 2002 691; x_wconf 87' lang='lat' dir='ltr'><strong>salvos,</strong></span> <span class='ocrx_word' id='word_1_43' title='bbox 2032 613 2110 695; x_wconf 89' lang='lat' dir='ltr'><strong>quia</strong></span> 
     </span>
     <span class='ocr_line' id='line_1_4' title="bbox 107 692 1602 777; baseline -0.003 -17"><span class='ocrx_word' id='word_1_44' title='bbox 107 695 277 772; x_wconf 77' lang='lat' dir='ltr'><strong>Christus,</strong></span> <span class='ocrx_word' id='word_1_45' title='bbox 301 701 459 777; x_wconf 77' lang='lat' dir='ltr'><strong>quotquot</strong></span> <span class='ocrx_word' id='word_1_46' title='bbox 478 699 573 777; x_wconf 89' lang='lat' dir='ltr'><strong>pater</strong></span> <span class='ocrx_word' id='word_1_47' title='bbox 594 692 701 758; x_wconf 81' lang='lat' dir='ltr'><strong>salvos</strong></span> <span class='ocrx_word' id='word_1_48' title='bbox 723 714 794 758; x_wconf 87' lang='lat' dir='ltr'><strong>esse</strong></span> <span class='ocrx_word' id='word_1_49' title='bbox 815 695 909 773; x_wconf 85' lang='lat' dir='ltr'><strong>velit,</strong></span> <span class='ocrx_word' id='word_1_50' title='bbox 940 715 996 760; x_wconf 90' lang='lat' dir='ltr'><strong>eos</strong></span> <span class='ocrx_word' id='word_1_51' title='bbox 1018 695 1081 761; x_wconf 84' lang='lat' dir='ltr'>sibi</span> <span class='ocrx_word' id='word_1_52' title='bbox 1132 695 1223 759; x_wconf 86' lang='lat' dir='ltr'><strong>illius</strong></span> <span class='ocrx_word' id='word_1_53' title='bbox 1245 695 1345 761; x_wconf 87' lang='lat' dir='ltr'><strong>semel</strong></span> <span class='ocrx_word' id='word_1_54' title='bbox 1367 695 1445 760; x_wconf 82' lang='lat' dir='ltr'><strong>facti</strong></span> <span class='ocrx_word' id='word_1_55' title='bbox 1467 692 1602 760; x_wconf 81' lang='lat' dir='ltr'><strong>sumus?</strong></span> 
     </span>
    </p>

    <p class='ocr_par' dir='ltr' id='par_1_3' title="bbox 99 777 2109 5153">
     <span class='ocr_line' id='line_1_5' title="bbox 104 777 2109 864; baseline 0.004 -20"><span class='ocrx_word' id='word_1_56' title='bbox 104 782 141 844; x_wconf 92' lang='lat' dir='ltr'><strong>in</strong></span> <span class='ocrx_word' id='word_1_57' title='bbox 161 782 397 864; x_wconf 89' lang='lat' dir='ltr'><strong>protectionem</strong></span> <span class='ocrx_word' id='word_1_58' title='bbox 424 778 598 845; x_wconf 73' lang='lat' dir='ltr'><strong>tradidisse</strong></span> <span class='ocrx_word' id='word_1_59' title='bbox 628 777 755 863; x_wconf 88' lang='lat' dir='ltr'><strong>(Ioann.</strong></span> <span class='ocrx_word' id='word_1_60' title='bbox 781 788 809 857; x_wconf 99' lang='grc'><strong>6,</strong></span> <span class='ocrx_word' id='word_1_61' title='bbox 834 785 883 845; x_wconf 89' lang='grc'><strong>37.</strong></span> <span class='ocrx_word' id='word_1_62' title='bbox 909 786 948 846; x_wconf 88' lang='grc'><strong>39</strong></span> <span class='ocrx_word' id='word_1_63' title='bbox 972 790 1007 845; x_wconf 91' lang='grc' dir='ltr'><strong>ιι</strong></span> <span class='ocrx_word' id='word_1_64' title='bbox 1032 785 1080 860; x_wconf 86' lang='grc'><strong>17,</strong></span> <span class='ocrx_word' id='word_1_65' title='bbox 1220 785 1248 845; x_wconf 88' lang='grc'><strong>7.</strong></span> <span class='ocrx_word' id='word_1_66' title='bbox 1293 782 1341 845; x_wconf 84' lang='lat' dir='ltr'><strong>At</strong></span> <span class='ocrx_word' id='word_1_67' title='bbox 1362 779 1504 862; x_wconf 89' lang='lat' dir='ltr'><strong>quotidie</strong></span> <span class='ocrx_word' id='word_1_68' title='bbox 1525 780 1656 859; x_wconf 89' lang='lat' dir='ltr'><strong>accidit,</strong></span> <span class='ocrx_word' id='word_1_69' title='bbox 1685 783 1800 863; x_wconf 92' lang='lat' dir='ltr'><strong>utqui</strong></span> <span class='ocrx_word' id='word_1_70' title='bbox 1821 781 2017 850; x_wconf 88' lang='lat' dir='ltr'><strong>videbantur</strong></span> <span class='ocrx_word' id='word_1_71' title='bbox 2038 805 2109 852; x_wconf 85' lang='lat' dir='ltr'><strong>esse</strong></span> 
     </span>
     <span class='ocr_line' id='line_1_6' title="bbox 107 861 2108 952; baseline 0.002 -22"><span class='ocrx_word' id='word_1_72' title='bbox 107 872 136 930; x_wconf 89' lang='grc'><strong>6.</strong></span> <span class='ocrx_word' id='word_1_73' title='bbox 164 865 227 952; x_wconf 89' lang='grc'><strong>12).</strong></span> <span class='ocrx_word' id='word_1_74' title='bbox 272 867 363 949; x_wconf 82' lang='lat' dir='ltr'><strong>Ilrgo</strong></span> <span class='ocrx_word' id='word_1_75' title='bbox 385 866 414 930; x_wconf 93' lang='lat' dir='ltr'><strong>si</strong></span> <span class='ocrx_word' id='word_1_76' title='bbox 434 866 555 930; x_wconf 79' lang='lat' dir='ltr'>rescire</span> <span class='ocrx_word' id='word_1_77' title='bbox 576 865 657 945; x_wconf 82' lang='lat' dir='ltr'><strong>libet</strong></span> <span class='ocrx_word' id='word_1_78' title='bbox 678 884 720 928; x_wconf 91' lang='lat' dir='ltr'><strong>an</strong></span> <span class='ocrx_word' id='word_1_79' title='bbox 742 861 815 929; x_wconf 90' lang='lat' dir='ltr'><strong>Deo</strong></span> <span class='ocrx_word' id='word_1_80' title='bbox 837 888 935 932; x_wconf 90' lang='lat' dir='ltr'><strong>curae</strong></span> <span class='ocrx_word' id='word_1_81' title='bbox 957 867 1002 932; x_wconf 90' lang='lat' dir='ltr'><strong>sit</strong></span> <span class='ocrx_word' id='word_1_82' title='bbox 1023 889 1081 932; x_wconf 93' lang='lat' dir='ltr'><strong>no-</strong></span> <span class='ocrx_word' id='word_1_83' title='bbox 1108 934 1110 940; x_wconf 68' lang='grc'><strong>,</strong></span> <span class='ocrx_word' id='word_1_84' title='bbox 1135 865 1277 945; x_wconf 84' lang='lat' dir='ltr'><strong>Ohristi,</strong></span> <span class='ocrx_word' id='word_1_85' title='bbox 1307 887 1439 930; x_wconf 91' lang='lat' dir='ltr'><strong>rursum</strong></span> <span class='ocrx_word' id='word_1_86' title='bbox 1461 866 1614 931; x_wconf 89' lang='lat' dir='ltr'><strong>deficiant</strong></span> <span class='ocrx_word' id='word_1_87' title='bbox 1635 867 1676 931; x_wconf 90' lang='lat' dir='ltr'><strong>ab</strong></span> <span class='ocrx_word' id='word_1_88' title='bbox 1697 888 1750 945; x_wconf 89' lang='lat' dir='ltr'><strong>eo,</strong></span> <span class='ocrx_word' id='word_1_89' title='bbox 1773 874 1807 930; x_wconf 91' lang='lat' dir='ltr'><strong>et</strong></span> <span class='ocrx_word' id='word_1_90' title='bbox 1828 876 1990 933; x_wconf 75' lang='lat' dir='ltr'>corruant.</span> <span class='ocrx_word' id='word_1_91' title='bbox 2035 870 2108 936; x_wconf 92' lang='lat' dir='ltr'><strong>Imo</strong></span> 
     </span>
     <span class='ocr_line' id='line_1_7' title="bbox 105 948 2109 1036; baseline 0.002 -18"><span class='ocrx_word' id='word_1_92' title='bbox 105 960 174 1018; x_wconf 85' lang='lat' dir='ltr'><strong>stra</strong></span> <span class='ocrx_word' id='word_1_93' title='bbox 200 952 301 1030; x_wconf 85' lang='lat' dir='ltr'><strong>salus,</strong></span> <span class='ocrx_word' id='word_1_94' title='bbox 334 971 530 1033; x_wconf 76' lang='lat' dir='ltr'>quaeramus</span> <span class='ocrx_word' id='word_1_95' title='bbox 563 971 605 1014; x_wconf 88' lang='lat' dir='ltr'><strong>an</strong></span> <span class='ocrx_word' id='word_1_96' title='bbox 627 948 761 1014; x_wconf 83' lang='lat' dir='ltr'><strong>Ohristo</strong></span> <span class='ocrx_word' id='word_1_97' title='bbox 795 951 1081 1031; x_wconf 78' lang='lat' dir='ltr'><strong>commendaverit,</strong></span> <span class='ocrx_word' id='word_1_98' title='bbox 1134 972 1173 1016; x_wconf 92' lang='grc' dir='ltr'><strong>ιο</strong></span> <span class='ocrx_word' id='word_1_99' title='bbox 1197 953 1268 1036; x_wconf 89' lang='lat' dir='ltr'><strong>ipsc</strong></span> <span class='ocrx_word' id='word_1_100' title='bbox 1294 952 1380 1030; x_wconf 91' lang='lat' dir='ltr'><strong>loco,</strong></span> <span class='ocrx_word' id='word_1_101' title='bbox 1412 951 1468 1016; x_wconf 89' lang='lat' dir='ltr'><strong>ubi</strong></span> <span class='ocrx_word' id='word_1_102' title='bbox 1502 952 1620 1016; x_wconf 90' lang='lat' dir='ltr'><strong>asserit</strong></span> <span class='ocrx_word' id='word_1_103' title='bbox 1645 954 1810 1018; x_wconf 90' lang='lat' dir='ltr'><strong>neminem</strong></span> <span class='ocrx_word' id='word_1_104' title='bbox 1836 954 1971 1035; x_wconf 88' lang='lat' dir='ltr'><strong>periisse</strong></span> <span class='ocrx_word' id='word_1_105' title='bbox 1998 977 2040 1020; x_wconf 84' lang='lat' dir='ltr'><strong>ex</strong></span> <span class='ocrx_word' id='word_1_106' title='bbox 2067 957 2109 1023; x_wconf 88' lang='lat' dir='ltr'><strong>iis</strong></span> 
     </span>
     <span class='ocr_line' id='line_1_8' title="bbox 106 1037 2109 1121; baseline 0.002 -19"><span class='ocrx_word' id='word_1_107' title='bbox 106 1058 204 1121; x_wconf 88' lang='lat' dir='ltr'><strong>quern</strong></span> <span class='ocrx_word' id='word_1_108' title='bbox 224 1037 392 1102; x_wconf 89' lang='lat' dir='ltr'><strong>constituit</strong></span> <span class='ocrx_word' id='word_1_109' title='bbox 408 1038 542 1100; x_wconf 90' lang='lat' dir='ltr'><strong>unicum</strong></span> <span class='ocrx_word' id='word_1_110' title='bbox 560 1057 693 1102; x_wconf 88' lang='lat' dir='ltr'><strong>suorum</strong></span> <span class='ocrx_word' id='word_1_111' title='bbox 711 1038 858 1101; x_wconf 91' lang='lat' dir='ltr'><strong>omnium</strong></span> <span class='ocrx_word' id='word_1_112' title='bbox 876 1039 1080 1105; x_wconf 80' lang='lat' dir='ltr'><strong>salvatorem.</strong></span> <span class='ocrx_word' id='word_1_113' title='bbox 1134 1038 1191 1120; x_wconf 91' lang='lat' dir='ltr'><strong>qui</strong></span> <span class='ocrx_word' id='word_1_114' title='bbox 1212 1037 1274 1101; x_wconf 90' lang='lat' dir='ltr'><strong>sibi</strong></span> <span class='ocrx_word' id='word_1_115' title='bbox 1296 1059 1315 1102; x_wconf 92' lang='lat' dir='ltr'><strong>a</strong></span> <span class='ocrx_word' id='word_1_116' title='bbox 1336 1045 1429 1119; x_wconf 91' lang='lat' dir='ltr'><strong>patre</strong></span> <span class='ocrx_word' id='word_1_117' title='bbox 1452 1037 1520 1102; x_wconf 92' lang='lat' dir='ltr'><strong>dati</strong></span> <span class='ocrx_word' id='word_1_118' title='bbox 1547 1038 1689 1115; x_wconf 80' lang='lat' dir='ltr'><strong>hierant,</strong></span> <span class='ocrx_word' id='word_1_119' title='bbox 1719 1039 1840 1121; x_wconf 83' lang='lat' dir='ltr'><strong>excipit</strong></span> <span class='ocrx_word' id='word_1_120' title='bbox 1865 1047 1976 1105; x_wconf 92' lang='lat' dir='ltr'><strong>tamen</strong></span> <span class='ocrx_word' id='word_1_121' title='bbox 2002 1042 2109 1107; x_wconf 91' lang='lat' dir='ltr'><strong>filium</strong></span> 
     </span>
     <span class='ocr_line' id='line_1_9' title="bbox 105 1120 2106 1208; baseline 0.002 -20"><span class='ocrx_word' id='word_1_122' title='bbox 105 1123 227 1188; x_wconf 90' lang='lat' dir='ltr'><strong>Iamsi</strong></span> <span class='ocrx_word' id='word_1_123' title='bbox 249 1120 435 1188; x_wconf 91' lang='lat' dir='ltr'><strong>dubitamus</strong></span> <span class='ocrx_word' id='word_1_124' title='bbox 462 1143 505 1186; x_wconf 87' lang='lat' dir='ltr'><strong>an</strong></span> <span class='ocrx_word' id='word_1_125' title='bbox 527 1123 629 1187; x_wconf 91' lang='lat' dir='ltr'><strong>simus</strong></span> <span class='ocrx_word' id='word_1_126' title='bbox 651 1143 672 1186; x_wconf 95' lang='lat' dir='ltr'><strong>a</strong></span> <span class='ocrx_word' id='word_1_127' title='bbox 692 1120 826 1187; x_wconf 84' lang='lat' dir='ltr'><strong>Ohristo</strong></span> <span class='ocrx_word' id='word_1_128' title='bbox 848 1125 884 1187; x_wconf 96' lang='lat' dir='ltr'><strong>in</strong></span> <span class='ocrx_word' id='word_1_129' title='bbox 904 1125 1003 1189; x_wconf 90' lang='lat' dir='ltr'><strong>fidem</strong></span> <span class='ocrx_word' id='word_1_130' title='bbox 1026 1144 1082 1188; x_wconf 88' lang='lat' dir='ltr'><strong>cu·</strong></span> <span class='ocrx_word' id='word_1_131' title='bbox 1134 1123 1327 1206; x_wconf 74' lang='lat' dir='ltr'><strong>perditionis</strong></span> <span class='ocrx_word' id='word_1_132' title='bbox 1350 1122 1478 1206; x_wconf 90' lang='lat' dir='ltr'><strong>(Ioann.</strong></span> <span class='ocrx_word' id='word_1_133' title='bbox 1502 1129 1549 1201; x_wconf 83' lang='lat'><strong>17,</strong></span> <span class='ocrx_word' id='word_1_134' title='bbox 1576 1124 1639 1207; x_wconf 82' lang='lat'>12).</span> <span class='ocrx_word' id='word_1_135' title='bbox 1684 1124 1812 1188; x_wconf 85' lang='lat' dir='ltr'><strong>Verum</strong></span> <span class='ocrx_word' id='word_1_136' title='bbox 1833 1124 1939 1189; x_wconf 87' lang='lat' dir='ltr'><strong>estid</strong></span> <span class='ocrx_word' id='word_1_137' title='bbox 1960 1126 2106 1208; x_wconf 92' lang='lat' dir='ltr'><strong>quidem;</strong></span> 
     </span>
     <span class='ocr_line' id='line_1_10' title="bbox 107 1207 2108 1291; baseline 0.003 -18"><span class='ocrx_word' id='word_1_138' title='bbox 107 1208 312 1291; x_wconf 73' lang='lat' dir='ltr'><strong>studiumque</strong></span> <span class='ocrx_word' id='word_1_139' title='bbox 339 1210 476 1290; x_wconf 76' lang='lat' dir='ltr'><strong>recepti,</strong></span> <span class='ocrx_word' id='word_1_140' title='bbox 505 1209 561 1273; x_wconf 90' lang='lat' dir='ltr'><strong>ille</strong></span> <span class='ocrx_word' id='word_1_141' title='bbox 589 1207 784 1272; x_wconf 85' lang='lat' dir='ltr'><strong>dubitationi</strong></span> <span class='ocrx_word' id='word_1_142' title='bbox 811 1210 968 1288; x_wconf 90' lang='lat' dir='ltr'><strong>occurrit,</strong></span> <span class='ocrx_word' id='word_1_143' title='bbox 1002 1209 1083 1273; x_wconf 91' lang='lat' dir='ltr'><strong>dnm</strong></span> <span class='ocrx_word' id='word_1_144' title='bbox 1135 1209 1192 1273; x_wconf 89' lang='lat' dir='ltr'><strong>sed</strong></span> <span class='ocrx_word' id='word_1_145' title='bbox 1210 1229 1313 1290; x_wconf 90' lang='lat' dir='ltr'><strong>aeque</strong></span> <span class='ocrx_word' id='word_1_146' title='bbox 1331 1210 1431 1273; x_wconf 89' lang='lat' dir='ltr'><strong>etiam</strong></span> <span class='ocrx_word' id='word_1_147' title='bbox 1448 1215 1582 1287; x_wconf 88' lang='lat' dir='ltr'><strong>certum,</strong></span> <span class='ocrx_word' id='word_1_148' title='bbox 1606 1230 1777 1291; x_wconf 92' lang='lat' dir='ltr'><strong>nunquam</strong></span> <span class='ocrx_word' id='word_1_149' title='bbox 1799 1232 1838 1274; x_wconf 91' lang='lat' dir='ltr'><strong>ea</strong></span> <span class='ocrx_word' id='word_1_150' title='bbox 1859 1210 1965 1278; x_wconf 88' lang='lat' dir='ltr'><strong>cordis</strong></span> <span class='ocrx_word' id='word_1_151' title='bbox 1986 1212 2108 1279; x_wconf 90' lang='lat' dir='ltr'><strong>fiducia</strong></span> 
     </span>
     <span class='ocr_line' id='line_1_11' title="bbox 107 1293 2106 1378; baseline 0.003 -18"><span class='ocrx_word' id='word_1_152' title='bbox 107 1317 142 1360; x_wconf 86' lang='grc' dir='ltr'><strong>ιι</strong></span> <span class='ocrx_word' id='word_1_153' title='bbox 162 1301 329 1378; x_wconf 84' lang='lat' dir='ltr'><strong>pastorem</strong></span> <span class='ocrx_word' id='word_1_154' title='bbox 351 1302 466 1378; x_wconf 91' lang='lat' dir='ltr'><strong>sponte</strong></span> <span class='ocrx_word' id='word_1_155' title='bbox 489 1294 594 1373; x_wconf 87' lang='lat' dir='ltr'><strong>offert,</strong></span> <span class='ocrx_word' id='word_1_156' title='bbox 617 1313 654 1356; x_wconf 90' lang='lat' dir='ltr'><strong>ac</strong></span> <span class='ocrx_word' id='word_1_157' title='bbox 676 1295 711 1357; x_wconf 92' lang='lat' dir='ltr'><strong>in</strong></span> <span class='ocrx_word' id='word_1_158' title='bbox 732 1294 843 1359; x_wconf 86' lang='lat' dir='ltr'><strong>ovium</strong></span> <span class='ocrx_word' id='word_1_159' title='bbox 865 1316 997 1360; x_wconf 90' lang='lat' dir='ltr'><strong>suarum</strong></span> <span class='ocrx_word' id='word_1_160' title='bbox 1020 1316 1083 1359; x_wconf 91' lang='lat' dir='ltr'><strong>nu·</strong></span> <span class='ocrx_word' id='word_1_161' title='bbox 1134 1294 1216 1360; x_wconf 89' lang='lat' dir='ltr'><strong>tales</strong></span> <span class='ocrx_word' id='word_1_162' title='bbox 1239 1295 1373 1366; x_wconf 81' lang='lat' dir='ltr'><strong>Christo</strong></span> <span class='ocrx_word' id='word_1_163' title='bbox 1401 1293 1587 1360; x_wconf 76' lang='lat' dir='ltr'><strong>adhaesisse</strong></span> <span class='ocrx_word' id='word_1_164' title='bbox 1615 1317 1680 1376; x_wconf 90' lang='lat' dir='ltr'><strong>qua</strong></span> <span class='ocrx_word' id='word_1_165' title='bbox 1706 1295 1800 1360; x_wconf 92' lang='lat' dir='ltr'><strong>nobis</strong></span> <span class='ocrx_word' id='word_1_166' title='bbox 1822 1296 1989 1363; x_wconf 89' lang='lat' dir='ltr'><strong>electionis</strong></span> <span class='ocrx_word' id='word_1_167' title='bbox 2011 1301 2106 1364; x_wconf 88' lang='lat' dir='ltr'><strong>uerti-</strong></span> 
     </span>
     <span class='ocr_line' id='line_1_12' title="bbox 105 1378 2107 1466; baseline 0.003 -22"><span class='ocrx_word' id='word_1_168' title='bbox 105 1400 196 1445; x_wconf 88' lang='lat' dir='ltr'><strong>mero</strong></span> <span class='ocrx_word' id='word_1_169' title='bbox 217 1399 278 1444; x_wconf 88' lang='lat' dir='ltr'><strong>nos</strong></span> <span class='ocrx_word' id='word_1_170' title='bbox 300 1380 369 1445; x_wconf 84' lang='lat' dir='ltr'><strong>fore</strong></span> <span class='ocrx_word' id='word_1_171' title='bbox 391 1380 589 1464; x_wconf 90' lang='lat' dir='ltr'><strong>pronuntiat,</strong></span> <span class='ocrx_word' id='word_1_172' title='bbox 613 1381 640 1444; x_wconf 93' lang='lat' dir='ltr'><strong>si</strong></span> <span class='ocrx_word' id='word_1_173' title='bbox 663 1399 777 1444; x_wconf 83' lang='lat' dir='ltr'><strong>vocem</strong></span> <span class='ocrx_word' id='word_1_174' title='bbox 798 1401 892 1445; x_wconf 88' lang='lat' dir='ltr'><strong>suam</strong></span> <span class='ocrx_word' id='word_1_175' title='bbox 913 1381 1083 1446; x_wconf 86' lang='lat' dir='ltr'><strong>audiamus</strong></span> <span class='ocrx_word' id='word_1_176' title='bbox 1134 1378 1283 1445; x_wconf 88' lang='lat' dir='ltr'><strong>tudinem</strong></span> <span class='ocrx_word' id='word_1_177' title='bbox 1315 1380 1454 1445; x_wconf 88' lang='lat' dir='ltr'><strong>stabiliri</strong></span> <span class='ocrx_word' id='word_1_178' title='bbox 1487 1379 1567 1445; x_wconf 90' lang='lat' dir='ltr'><strong>dicu.</strong></span> <span class='ocrx_word' id='word_1_179' title='bbox 1611 1381 1776 1446; x_wconf 83' lang='lat' dir='ltr'><strong>Exierunt</strong></span> <span class='ocrx_word' id='word_1_180' title='bbox 1807 1403 1826 1446; x_wconf 90' lang='lat' dir='ltr'><strong>e</strong></span> <span class='ocrx_word' id='word_1_181' title='bbox 1858 1381 1966 1461; x_wconf 88' lang='lat' dir='ltr'><strong>nobis,</strong></span> <span class='ocrx_word' id='word_1_182' title='bbox 2000 1383 2107 1466; x_wconf 88' lang='lat' dir='ltr'><strong>inquit</strong></span> 
     </span>
     <span class='ocr_line' id='line_1_13' title="bbox 107 1463 2106 1556; baseline 0.002 -27"><span class='ocrx_word' id='word_1_183' title='bbox 107 1465 236 1551; x_wconf 89' lang='lat' dir='ltr'><strong>(Ioann.</strong></span> <span class='ocrx_word' id='word_1_184' title='bbox 260 1470 307 1543; x_wconf 88' lang='lat'><strong>10,</strong></span> <span class='ocrx_word' id='word_1_185' title='bbox 329 1466 372 1548; x_wconf 86' lang='lat'><strong>3).</strong></span> <span class='ocrx_word' id='word_1_186' title='bbox 415 1464 586 1530; x_wconf 76' lang='lat' dir='ltr'><strong>Christum</strong></span> <span class='ocrx_word' id='word_1_187' title='bbox 607 1486 685 1548; x_wconf 83' lang='lat' dir='ltr'><strong>ergo</strong></span> <span class='ocrx_word' id='word_1_188' title='bbox 706 1464 847 1549; x_wconf 81' lang='lat' dir='ltr'><strong>benigne</strong></span> <span class='ocrx_word' id='word_1_189' title='bbox 869 1466 962 1532; x_wconf 92' lang='lat' dir='ltr'><strong>nohis</strong></span> <span class='ocrx_word' id='word_1_190' title='bbox 984 1470 1084 1550; x_wconf 83' lang='lat' dir='ltr'><strong>sirpo-</strong></span> <span class='ocrx_word' id='word_1_191' title='bbox 1134 1465 1290 1544; x_wconf 89' lang='lat' dir='ltr'><strong>Ioannes,</strong></span> <span class='ocrx_word' id='word_1_192' title='bbox 1324 1463 1382 1530; x_wconf 90' lang='lat' dir='ltr'><strong>sed</strong></span> <span class='ocrx_word' id='word_1_193' title='bbox 1408 1486 1427 1529; x_wconf 89' lang='lat' dir='ltr'><strong>e</strong></span> <span class='ocrx_word' id='word_1_194' title='bbox 1449 1467 1542 1531; x_wconf 92' lang='lat' dir='ltr'><strong>nobis</strong></span> <span class='ocrx_word' id='word_1_195' title='bbox 1570 1487 1637 1530; x_wconf 90' lang='lat' dir='ltr'><strong>non</strong></span> <span class='ocrx_word' id='word_1_196' title='bbox 1665 1474 1766 1531; x_wconf 89' lang='lat' dir='ltr'><strong>erant</strong></span> <span class='ocrx_word' id='word_1_197' title='bbox 1790 1466 1822 1551; x_wconf 93' lang='grc'><strong>(1</strong></span> <span class='ocrx_word' id='word_1_198' title='bbox 1846 1468 1960 1532; x_wconf 89' lang='lat' dir='ltr'><strong>Ioann.</strong></span> <span class='ocrx_word' id='word_1_199' title='bbox 1984 1473 2012 1548; x_wconf 84' lang='lat'><strong>2,</strong></span> <span class='ocrx_word' id='word_1_200' title='bbox 2038 1470 2106 1556; x_wconf 83' lang='lat' dir='ltr'><strong>le);</strong></span> 
     </span>
     <span class='ocr_line' id='line_1_14' title="bbox 105 1549 2106 1636; baseline 0.002 -20"><span class='ocrx_word' id='word_1_201' title='bbox 105 1553 225 1631; x_wconf 91' lang='lat' dir='ltr'><strong>situm,</strong></span> <span class='ocrx_word' id='word_1_202' title='bbox 258 1558 292 1616; x_wconf 86' lang='lat' dir='ltr'><strong>et</strong></span> <span class='ocrx_word' id='word_1_203' title='bbox 324 1550 453 1615; x_wconf 85' lang='lat' dir='ltr'><strong>obviam</strong></span> <span class='ocrx_word' id='word_1_204' title='bbox 485 1549 703 1634; x_wconf 87' lang='lat' dir='ltr'><strong>prodeuntem</strong></span> <span class='ocrx_word' id='word_1_205' title='bbox 736 1551 991 1633; x_wconf 81' lang='lat' dir='ltr'><strong>amplectamur:</strong></span> <span class='ocrx_word' id='word_1_206' title='bbox 1026 1553 1082 1618; x_wconf 93' lang='lat' dir='ltr'><strong>ille</strong></span> <span class='ocrx_word' id='word_1_207' title='bbox 1134 1552 1162 1616; x_wconf 91' lang='lat' dir='ltr'><strong>si</strong></span> <span class='ocrx_word' id='word_1_208' title='bbox 1184 1553 1321 1616; x_wconf 88' lang='lat' dir='ltr'><strong>tuissent</strong></span> <span class='ocrx_word' id='word_1_209' title='bbox 1348 1552 1438 1615; x_wconf 90' lang='lat' dir='ltr'><strong>enim</strong></span> <span class='ocrx_word' id='word_1_210' title='bbox 1459 1571 1478 1615; x_wconf 90' lang='lat' dir='ltr'><strong>e</strong></span> <span class='ocrx_word' id='word_1_211' title='bbox 1500 1552 1612 1632; x_wconf 91' lang='lat' dir='ltr'><strong>nobis,</strong></span> <span class='ocrx_word' id='word_1_212' title='bbox 1635 1553 1894 1636; x_wconf 86' lang='lat' dir='ltr'><strong>permansissent</strong></span> <span class='ocrx_word' id='word_1_213' title='bbox 1915 1555 2026 1636; x_wconf 89' lang='lat' dir='ltr'><strong>utique</strong></span> <span class='ocrx_word' id='word_1_214' title='bbox 2047 1577 2106 1621; x_wconf 92' lang='lat' dir='ltr'><strong>no-</strong></span> 
     </span>
     <span class='ocr_line' id='line_1_15' title="bbox 106 1636 2107 1721; baseline 0.002 -19"><span class='ocrx_word' id='word_1_215' title='bbox 106 1644 217 1702; x_wconf 88' lang='lat' dir='ltr'><strong>autem</strong></span> <span class='ocrx_word' id='word_1_216' title='bbox 244 1658 306 1702; x_wconf 90' lang='lat' dir='ltr'><strong>nos</strong></span> <span class='ocrx_word' id='word_1_217' title='bbox 334 1638 369 1700; x_wconf 93' lang='lat' dir='ltr'><strong>in</strong></span> <span class='ocrx_word' id='word_1_218' title='bbox 398 1658 496 1721; x_wconf 75' lang='lat' dir='ltr'><strong>grege</strong></span> <span class='ocrx_word' id='word_1_219' title='bbox 525 1658 584 1701; x_wconf 89' lang='lat' dir='ltr'><strong>suo</strong></span> <span class='ocrx_word' id='word_1_220' title='bbox 613 1637 813 1715; x_wconf 80' lang='lat' dir='ltr'><strong>recensebit,</strong></span> <span class='ocrx_word' id='word_1_221' title='bbox 850 1648 883 1701; x_wconf 90' lang='lat' dir='ltr'><strong>et</strong></span> <span class='ocrx_word' id='word_1_222' title='bbox 909 1639 996 1703; x_wconf 92' lang='lat' dir='ltr'><strong>inter</strong></span> <span class='ocrx_word' id='word_1_223' title='bbox 1023 1660 1083 1705; x_wconf 92' lang='lat' dir='ltr'><strong>sna</strong></span> <span class='ocrx_word' id='word_1_224' title='bbox 1133 1638 1268 1703; x_wconf 90' lang='lat' dir='ltr'><strong>bisoum.</strong></span> <span class='ocrx_word' id='word_1_225' title='bbox 1302 1636 1371 1702; x_wconf 89' lang='lat' dir='ltr'><strong>Neo</strong></span> <span class='ocrx_word' id='word_1_226' title='bbox 1388 1637 1513 1701; x_wconf 92' lang='lat' dir='ltr'><strong>infitior</strong></span> <span class='ocrx_word' id='word_1_227' title='bbox 1530 1640 1609 1720; x_wconf 90' lang='lat' dir='ltr'><strong>quin</strong></span> <span class='ocrx_word' id='word_1_228' title='bbox 1627 1638 1770 1704; x_wconf 88' lang='lat' dir='ltr'><strong>habeant</strong></span> <span class='ocrx_word' id='word_1_229' title='bbox 1786 1640 1966 1705; x_wconf 79' lang='lat' dir='ltr'><strong>vocationis</strong></span> <span class='ocrx_word' id='word_1_230' title='bbox 1987 1641 2107 1706; x_wconf 85' lang='lat' dir='ltr'><strong>similia</strong></span> 
     </span>
     <span class='ocr_line' id='line_1_16' title="bbox 105 1721 2106 1806; baseline 0.002 -18"><span class='ocrx_word' id='word_1_231' title='bbox 105 1730 199 1806; x_wconf 86' lang='lat' dir='ltr'><strong>septa</strong></span> <span class='ocrx_word' id='word_1_232' title='bbox 220 1723 388 1787; x_wconf 90' lang='lat' dir='ltr'><strong>conclusos</strong></span> <span class='ocrx_word' id='word_1_233' title='bbox 415 1723 546 1787; x_wconf 86' lang='lat' dir='ltr'><strong>tenebit.</strong></span> <span class='ocrx_word' id='word_1_234' title='bbox 592 1723 639 1787; x_wconf 85' lang='lat' dir='ltr'><strong>At</strong></span> <span class='ocrx_word' id='word_1_235' title='bbox 660 1721 749 1787; x_wconf 89' lang='lat' dir='ltr'><strong>subit</strong></span> <span class='ocrx_word' id='word_1_236' title='bbox 769 1723 873 1787; x_wconf 80' lang='lat' dir='ltr'><strong>futuri</strong></span> <span class='ocrx_word' id='word_1_237' title='bbox 895 1732 1001 1789; x_wconf 89' lang='lat' dir='ltr'><strong>status</strong></span> <span class='ocrx_word' id='word_1_238' title='bbox 1023 1745 1081 1788; x_wconf 92' lang='lat' dir='ltr'><strong>an·</strong></span> <span class='ocrx_word' id='word_1_239' title='bbox 1134 1743 1209 1788; x_wconf 92' lang='lat' dir='ltr'><strong>cum</strong></span> <span class='ocrx_word' id='word_1_240' title='bbox 1237 1722 1349 1787; x_wconf 89' lang='lat' dir='ltr'><strong>electis</strong></span> <span class='ocrx_word' id='word_1_241' title='bbox 1376 1724 1485 1806; x_wconf 83' lang='lat' dir='ltr'><strong>signa;</strong></span> <span class='ocrx_word' id='word_1_242' title='bbox 1513 1724 1571 1788; x_wconf 90' lang='lat' dir='ltr'><strong>sed</strong></span> <span class='ocrx_word' id='word_1_243' title='bbox 1597 1723 1679 1788; x_wconf 91' lang='lat' dir='ltr'><strong>illud</strong></span> <span class='ocrx_word' id='word_1_244' title='bbox 1701 1731 1827 1789; x_wconf 89' lang='lat' dir='ltr'><strong>certum</strong></span> <span class='ocrx_word' id='word_1_245' title='bbox 1849 1725 2017 1791; x_wconf 79' lang='lat' dir='ltr'><strong>electionis</strong></span> <span class='ocrx_word' id='word_1_246' title='bbox 2039 1734 2106 1792; x_wconf 88' lang='lat' dir='ltr'><strong>sta·</strong></span> 
     </span>
     <span class='ocr_line' id='line_1_17' title="bbox 104 1807 2107 1895; baseline 0.002 -22"><span class='ocrx_word' id='word_1_247' title='bbox 104 1810 219 1873; x_wconf 86' lang='lat' dir='ltr'><strong>xietas.</strong></span> <span class='ocrx_word' id='word_1_248' title='bbox 255 1808 342 1872; x_wconf 89' lang='lat' dir='ltr'><strong>Nam</strong></span> <span class='ocrx_word' id='word_1_249' title='bbox 362 1818 401 1872; x_wconf 93' lang='lat' dir='ltr'><strong>ut</strong></span> <span class='ocrx_word' id='word_1_250' title='bbox 417 1808 544 1872; x_wconf 89' lang='lat' dir='ltr'><strong>Paulus</strong></span> <span class='ocrx_word' id='word_1_251' title='bbox 565 1810 674 1872; x_wconf 87' lang='lat' dir='ltr'><strong>vocari</strong></span> <span class='ocrx_word' id='word_1_252' title='bbox 696 1807 790 1872; x_wconf 90' lang='lat' dir='ltr'><strong>docet</strong></span> <span class='ocrx_word' id='word_1_253' title='bbox 810 1811 866 1891; x_wconf 91' lang='lat' dir='ltr'><strong>qui</strong></span> <span class='ocrx_word' id='word_1_254' title='bbox 888 1810 984 1876; x_wconf 90' lang='lat' dir='ltr'><strong>electi</strong></span> <span class='ocrx_word' id='word_1_255' title='bbox 1005 1817 1082 1874; x_wconf 90' lang='lat' dir='ltr'><strong>ante</strong></span> <span class='ocrx_word' id='word_1_256' title='bbox 1134 1807 1354 1886; x_wconf 90' lang='lat' dir='ltr'><strong>bilimentum,</strong></span> <span class='ocrx_word' id='word_1_257' title='bbox 1381 1807 1469 1890; x_wconf 91' lang='lat' dir='ltr'><strong>quod</strong></span> <span class='ocrx_word' id='word_1_258' title='bbox 1495 1809 1609 1875; x_wconf 90' lang='lat' dir='ltr'><strong>fideles</strong></span> <span class='ocrx_word' id='word_1_259' title='bbox 1637 1831 1658 1874; x_wconf 92' lang='lat' dir='ltr'><strong>a</strong></span> <span class='ocrx_word' id='word_1_260' title='bbox 1681 1811 1782 1875; x_wconf 88' lang='lat' dir='ltr'><strong>verbo</strong></span> <span class='ocrx_word' id='word_1_261' title='bbox 1809 1811 1971 1895; x_wconf 84' lang='lat' dir='ltr'><strong>evangelii</strong></span> <span class='ocrx_word' id='word_1_262' title='bbox 1995 1821 2107 1893; x_wconf 76' lang='lat' dir='ltr'><strong>petere</strong></span> 
     </span>
     <span class='ocr_line' id='line_1_18' title="bbox 104 1892 2107 1981; baseline 0.002 -23"><span class='ocrx_word' id='word_1_263' title='bbox 104 1895 241 1972; x_wconf 84' lang='lat' dir='ltr'><strong>tuerint,</strong></span> <span class='ocrx_word' id='word_1_264' title='bbox 269 1895 317 1958; x_wconf 90' lang='grc' dir='ltr'><strong>ιιι</strong></span> <span class='ocrx_word' id='word_1_265' title='bbox 338 1893 492 1959; x_wconf 84' lang='lat' dir='ltr'><strong>Ohristus</strong></span> <span class='ocrx_word' id='word_1_266' title='bbox 521 1892 664 1958; x_wconf 88' lang='lat' dir='ltr'><strong>ostendit</strong></span> <span class='ocrx_word' id='word_1_267' title='bbox 689 1893 811 1958; x_wconf 90' lang='lat' dir='ltr'><strong>multos</strong></span> <span class='ocrx_word' id='word_1_268' title='bbox 839 1916 909 1959; x_wconf 85' lang='lat' dir='ltr'><strong>esse</strong></span> <span class='ocrx_word' id='word_1_269' title='bbox 941 1903 1080 1975; x_wconf 84' lang='lat' dir='ltr'><strong>vocatos,</strong></span> <span class='ocrx_word' id='word_1_270' title='bbox 1132 1894 1241 1971; x_wconf 90' lang='lat' dir='ltr'><strong>iubeo,</strong></span> <span class='ocrx_word' id='word_1_271' title='bbox 1269 1893 1336 1981; x_wconf 86' lang='lat' dir='ltr'><strong>illis</strong></span> <span class='ocrx_word' id='word_1_272' title='bbox 1356 1894 1490 1959; x_wconf 91' lang='lat' dir='ltr'><strong>minime</strong></span> <span class='ocrx_word' id='word_1_273' title='bbox 1512 1895 1660 1961; x_wconf 90' lang='lat' dir='ltr'><strong>concedo.</strong></span> <span class='ocrx_word' id='word_1_274' title='bbox 1707 1894 1928 1977; x_wconf 78' lang='lat' dir='ltr'><strong>Quamobrem</strong></span> <span class='ocrx_word' id='word_1_275' title='bbox 1950 1895 2107 1963; x_wconf 85' lang='lat' dir='ltr'><strong>eiusmodi</strong></span> 
     </span>
     <span class='ocr_line' id='line_1_19' title="bbox 105 1978 2108 2071; baseline 0.002 -27"><span class='ocrx_word' id='word_1_276' title='bbox 105 2000 226 2063; x_wconf 89' lang='lat' dir='ltr'><strong>paucos</strong></span> <span class='ocrx_word' id='word_1_277' title='bbox 256 2001 336 2045; x_wconf 80' lang='lat' dir='ltr'><strong>vero</strong></span> <span class='ocrx_word' id='word_1_278' title='bbox 368 1979 487 2044; x_wconf 90' lang='lat' dir='ltr'><strong>electos</strong></span> <span class='ocrx_word' id='word_1_279' title='bbox 519 1978 630 2062; x_wconf 88' lang='lat' dir='ltr'><strong>(Rom.</strong></span> <span class='ocrx_word' id='word_1_280' title='bbox 653 1983 683 2058; x_wconf 89' lang='grc'><strong>8,</strong></span> <span class='ocrx_word' id='word_1_281' title='bbox 708 1982 765 2058; x_wconf 77' lang='lat'><strong>303</strong></span> <span class='ocrx_word' id='word_1_282' title='bbox 796 1980 990 2060; x_wconf 75' lang='lat' dir='ltr'><strong>Matium,</strong></span> <span class='ocrx_word' id='word_1_283' title='bbox 1016 1984 1084 2071; x_wconf 83' lang='grc' dir='ltr'><strong>14).Ι</strong></span> <span class='ocrx_word' id='word_1_284' title='bbox 1133 1978 1284 2061; x_wconf 81' lang='lat' dir='ltr'><strong>exempla</strong></span> <span class='ocrx_word' id='word_1_285' title='bbox 1311 2000 1515 2062; x_wconf 88' lang='lat' dir='ltr'><strong>nequaquam</strong></span> <span class='ocrx_word' id='word_1_286' title='bbox 1536 2001 1604 2045; x_wconf 90' lang='lat' dir='ltr'><strong>nos</strong></span> <span class='ocrx_word' id='word_1_287' title='bbox 1630 1989 1844 2065; x_wconf 85' lang='lat' dir='ltr'><strong>permoveant</strong></span> <span class='ocrx_word' id='word_1_288' title='bbox 1869 1984 2041 2065; x_wconf 90' lang='lat' dir='ltr'><strong>quominus</strong></span> <span class='ocrx_word' id='word_1_289' title='bbox 2071 1985 2108 2048; x_wconf 90' lang='lat' dir='ltr'><strong>in</strong></span> 
     </span>
     <span class='ocr_line' id='line_1_20' title="bbox 105 2064 2108 2151; baseline 0.002 -21"><span class='ocrx_word' id='word_1_290' title='bbox 105 2064 198 2147; x_wconf 76' lang='lat' dir='ltr'><strong>Quin</strong></span> <span class='ocrx_word' id='word_1_291' title='bbox 224 2066 325 2130; x_wconf 70' lang='lat' dir='ltr'><strong>eham</strong></span> <span class='ocrx_word' id='word_1_292' title='bbox 352 2066 422 2148; x_wconf 90' lang='lat' dir='ltr'><strong>ipse</strong></span> <span class='ocrx_word' id='word_1_293' title='bbox 449 2085 576 2147; x_wconf 91' lang='lat' dir='ltr'><strong>quoque</strong></span> <span class='ocrx_word' id='word_1_294' title='bbox 603 2064 728 2130; x_wconf 88' lang='lat' dir='ltr'><strong>Paulus</strong></span> <span class='ocrx_word' id='word_1_295' title='bbox 757 2064 834 2130; x_wconf 88' lang='lat' dir='ltr'><strong>alibi</strong></span> <span class='ocrx_word' id='word_1_296' title='bbox 861 2086 881 2129; x_wconf 91' lang='lat' dir='ltr'><strong>a</strong></span> <span class='ocrx_word' id='word_1_297' title='bbox 908 2069 1081 2133; x_wconf 89' lang='lat' dir='ltr'><strong>securitate</strong></span> <span class='ocrx_word' id='word_1_298' title='bbox 1133 2065 1269 2129; x_wconf 90' lang='lat' dir='ltr'><strong>Domini</strong></span> <span class='ocrx_word' id='word_1_299' title='bbox 1290 2065 1537 2146; x_wconf 91' lang='lat' dir='ltr'><strong>promissionem</strong></span> <span class='ocrx_word' id='word_1_300' title='bbox 1549 2068 1574 2151; x_wconf 82' lang='lat'><strong>¹)</strong></span> <span class='ocrx_word' id='word_1_301' title='bbox 1595 2068 1763 2150; x_wconf 89' lang='lat' dir='ltr'><strong>tranquilli</strong></span> <span class='ocrx_word' id='word_1_302' title='bbox 1784 2068 2028 2147; x_wconf 86' lang='lat' dir='ltr'><strong>recumbamus,</strong></span> <span class='ocrx_word' id='word_1_303' title='bbox 2049 2069 2108 2134; x_wconf 91' lang='lat' dir='ltr'><strong>ubi</strong></span> 
     </span>
     <span class='ocr_line' id='line_1_21' title="bbox 105 2149 2107 2238; baseline 0.002 -22"><span class='ocrx_word' id='word_1_304' title='bbox 105 2150 310 2230; x_wconf 67' lang='lat' dir='ltr'><strong>dehortatum</strong></span> <span class='ocrx_word' id='word_1_305' title='bbox 338 2153 394 2234; x_wconf 89' lang='lat' dir='ltr'><strong>qui</strong></span> <span class='ocrx_word' id='word_1_306' title='bbox 422 2149 506 2215; x_wconf 89' lang='lat' dir='ltr'><strong>bene</strong></span> <span class='ocrx_word' id='word_1_307' title='bbox 534 2158 614 2229; x_wconf 92' lang='lat' dir='ltr'><strong>stat,</strong></span> <span class='ocrx_word' id='word_1_308' title='bbox 642 2151 764 2232; x_wconf 90' lang='lat' dir='ltr'><strong>inquit,</strong></span> <span class='ocrx_word' id='word_1_309' title='bbox 793 2150 903 2215; x_wconf 85' lang='lat' dir='ltr'><strong>videat</strong></span> <span class='ocrx_word' id='word_1_310' title='bbox 924 2175 966 2217; x_wconf 91' lang='lat' dir='ltr'><strong>ne</strong></span> <span class='ocrx_word' id='word_1_311' title='bbox 987 2152 1083 2219; x_wconf 87' lang='lat' dir='ltr'><strong>cadat</strong></span> <span class='ocrx_word' id='word_1_312' title='bbox 1134 2151 1328 2233; x_wconf 87' lang='lat' dir='ltr'><strong>pronuntiat</strong></span> <span class='ocrx_word' id='word_1_313' title='bbox 1349 2150 1477 2235; x_wconf 87' lang='lat' dir='ltr'><strong>(Ioann.</strong></span> <span class='ocrx_word' id='word_1_314' title='bbox 1498 2156 1526 2230; x_wconf 89' lang='lat'><strong>3,</strong></span> <span class='ocrx_word' id='word_1_315' title='bbox 1548 2157 1587 2215; x_wconf 88' lang='grc'><strong>16</strong></span> <span class='ocrx_word' id='word_1_316' title='bbox 1605 2161 1639 2217; x_wconf 91' lang='lat' dir='ltr'><strong>et</strong></span> <span class='ocrx_word' id='word_1_317' title='bbox 1656 2157 1685 2231; x_wconf 88' lang='grc'><strong>6,</strong></span> <span class='ocrx_word' id='word_1_318' title='bbox 1705 2153 1761 2238; x_wconf 85' lang='grc'><strong>39)</strong></span> <span class='ocrx_word' id='word_1_319' title='bbox 1780 2175 1801 2218; x_wconf 89' lang='grc' dir='ltr'><strong>ι</strong></span> <span class='ocrx_word' id='word_1_320' title='bbox 1816 2160 1910 2236; x_wconf 84' lang='lat' dir='ltr'><strong>patre</strong></span> <span class='ocrx_word' id='word_1_321' title='bbox 1927 2153 2020 2219; x_wconf 91' lang='lat' dir='ltr'><strong>datos</strong></span> <span class='ocrx_word' id='word_1_322' title='bbox 2037 2174 2107 2221; x_wconf 88' lang='lat' dir='ltr'><strong>esse</strong></span> 
     </span>
     <span class='ocr_line' id='line_1_22' title="bbox 106 2235 2107 2324; baseline 0.002 -23"><span class='ocrx_word' id='word_1_323' title='bbox 106 2236 139 2321; x_wconf 94' lang='lat' dir='ltr'><strong>(l</strong></span> <span class='ocrx_word' id='word_1_324' title='bbox 161 2237 236 2303; x_wconf 79' lang='lat' dir='ltr'><strong>Gor.</strong></span> <span class='ocrx_word' id='word_1_325' title='bbox 259 2242 307 2313; x_wconf 92' lang='grc'><strong>10,</strong></span> <span class='ocrx_word' id='word_1_326' title='bbox 330 2235 392 2320; x_wconf 91' lang='grc'><strong>12).</strong></span> <span class='ocrx_word' id='word_1_327' title='bbox 427 2237 527 2302; x_wconf 89' lang='lat' dir='ltr'><strong>Item:</strong></span> <span class='ocrx_word' id='word_1_328' title='bbox 551 2238 693 2302; x_wconf 91' lang='lat' dir='ltr'><strong>insertus</strong></span> <span class='ocrx_word' id='word_1_329' title='bbox 715 2257 750 2300; x_wconf 91' lang='lat' dir='ltr'><strong>es</strong></span> <span class='ocrx_word' id='word_1_330' title='bbox 768 2238 804 2299; x_wconf 91' lang='lat' dir='ltr'><strong>in</strong></span> <span class='ocrx_word' id='word_1_331' title='bbox 820 2239 978 2320; x_wconf 92' lang='lat' dir='ltr'><strong>populum</strong></span> <span class='ocrx_word' id='word_1_332' title='bbox 995 2238 1081 2304; x_wconf 79' lang='lat' dir='ltr'><strong>Dei?</strong></span> <span class='ocrx_word' id='word_1_333' title='bbox 1132 2235 1195 2301; x_wconf 90' lang='lat' dir='ltr'><strong>sibi</strong></span> <span class='ocrx_word' id='word_1_334' title='bbox 1222 2256 1336 2301; x_wconf 90' lang='lat' dir='ltr'><strong>omnes</strong></span> <span class='ocrx_word' id='word_1_335' title='bbox 1363 2257 1384 2300; x_wconf 95' lang='lat' dir='ltr'><strong>a</strong></span> <span class='ocrx_word' id='word_1_336' title='bbox 1431 2237 1527 2303; x_wconf 89' lang='lat' dir='ltr'><strong>uibus</strong></span> <span class='ocrx_word' id='word_1_337' title='bbox 1555 2259 1635 2304; x_wconf 88' lang='lat' dir='ltr'><strong>vera</strong></span> <span class='ocrx_word' id='word_1_338' title='bbox 1664 2238 1729 2303; x_wconf 89' lang='lat' dir='ltr'><strong>fide</strong></span> <span class='ocrx_word' id='word_1_339' title='bbox 1761 2240 1932 2324; x_wconf 86' lang='lat' dir='ltr'><strong>recipitur,</strong></span> <span class='ocrx_word' id='word_1_340' title='bbox 1966 2260 2107 2323; x_wconf 88' lang='lat' dir='ltr'><strong>quorum</strong></span> 
     </span>
     <span class='ocr_line' id='line_1_23' title="bbox 105 2258 2108 2406; baseline 0.002 -19"><span class='ocrx_word' id='word_1_341' title='bbox 105 2323 175 2387; x_wconf 92' lang='lat' dir='ltr'><strong>noli</strong></span> <span class='ocrx_word' id='word_1_342' title='bbox 196 2322 374 2404; x_wconf 88' lang='lat' dir='ltr'><strong>superbire,</strong></span> <span class='ocrx_word' id='word_1_343' title='bbox 398 2321 456 2387; x_wconf 89' lang='lat' dir='ltr'><strong>sed</strong></span> <span class='ocrx_word' id='word_1_344' title='bbox 477 2323 572 2402; x_wconf 89' lang='lat' dir='ltr'><strong>time;</strong></span> <span class='ocrx_word' id='word_1_345' title='bbox 594 2330 702 2405; x_wconf 89' lang='lat' dir='ltr'><strong>potest</strong></span> <span class='ocrx_word' id='word_1_346' title='bbox 724 2323 813 2388; x_wconf 91' lang='lat' dir='ltr'><strong>enim</strong></span> <span class='ocrx_word' id='word_1_347' title='bbox 834 2322 928 2388; x_wconf 90' lang='lat' dir='ltr'><strong>Deus</strong></span> <span class='ocrx_word' id='word_1_348' title='bbox 949 2345 1080 2390; x_wconf 89' lang='lat' dir='ltr'><strong>rursum</strong></span> <span class='ocrx_word' id='word_1_349' title='bbox 1132 2342 1237 2400; x_wconf 89' lang='lat' dir='ltr'><strong>neme,</strong></span> <span class='ocrx_word' id='word_1_350' title='bbox 1261 2343 1296 2386; x_wconf 89' lang='lat' dir='ltr'><strong>se</strong></span> <span class='ocrx_word' id='word_1_351' title='bbox 1317 2258 1450 2387; x_wconf 81' lang='lat' dir='ltr'><strong>custode</strong></span> <span class='ocrx_word' id='word_1_352' title='bbox 1472 2344 1509 2387; x_wconf 92' lang='lat' dir='ltr'><strong>ae</strong></span> <span class='ocrx_word' id='word_1_353' title='bbox 1531 2331 1670 2406; x_wconf 85' lang='lat' dir='ltr'><strong>pastore,</strong></span> <span class='ocrx_word' id='word_1_354' title='bbox 1691 2325 1858 2406; x_wconf 89' lang='lat' dir='ltr'><strong>periturus</strong></span> <span class='ocrx_word' id='word_1_355' title='bbox 1880 2327 1931 2390; x_wconf 88' lang='lat' dir='ltr'><strong>sit</strong></span> <span class='ocrx_word' id='word_1_356' title='bbox 1960 2324 2108 2392; x_wconf 87' lang='lat' dir='ltr'><strong>DeInda</strong></span> 
     </span>
     <span class='ocr_line' id='line_1_24' title="bbox 105 2407 2108 2493; baseline 0.001 -19"><span class='ocrx_word' id='word_1_357' title='bbox 105 2408 280 2488; x_wconf 88' lang='lat' dir='ltr'><strong>succidere,</strong></span> <span class='ocrx_word' id='word_1_358' title='bbox 302 2417 340 2473; x_wconf 90' lang='lat' dir='ltr'><strong>ut</strong></span> <span class='ocrx_word' id='word_1_359' title='bbox 361 2409 442 2474; x_wconf 89' lang='lat' dir='ltr'><strong>alios</strong></span> <span class='ocrx_word' id='word_1_360' title='bbox 463 2409 587 2473; x_wconf 89' lang='lat' dir='ltr'><strong>inserat</strong></span> <span class='ocrx_word' id='word_1_361' title='bbox 611 2408 721 2493; x_wconf 85' lang='lat' dir='ltr'><strong>(Rom.</strong></span> <span class='ocrx_word' id='word_1_362' title='bbox 748 2413 797 2486; x_wconf 97' lang='grc'><strong>11,</strong></span> <span class='ocrx_word' id='word_1_363' title='bbox 822 2408 886 2493; x_wconf 89' lang='grc'><strong>20).</strong></span> <span class='ocrx_word' id='word_1_364' title='bbox 931 2410 1081 2493; x_wconf 90' lang='lat' dir='ltr'><strong>Denique</strong></span> <span class='ocrx_word' id='word_1_365' title='bbox 1133 2429 1225 2472; x_wconf 78' lang='lat' dir='ltr'><strong>mox·</strong></span> <span class='ocrx_word' id='word_1_366' title='bbox 1243 2407 1377 2472; x_wconf 89' lang='lat' dir='ltr'><strong>dicetur.</strong></span> <span class='ocrx_word' id='word_1_367' title='bbox 1428 2408 1553 2473; x_wconf 88' lang='lat' dir='ltr'><strong>Paulus</strong></span> <span class='ocrx_word' id='word_1_368' title='bbox 1585 2430 1653 2473; x_wconf 94' lang='lat' dir='ltr'><strong>non</strong></span> <span class='ocrx_word' id='word_1_369' title='bbox 1685 2410 1866 2492; x_wconf 90' lang='lat' dir='ltr'><strong>simplicem</strong></span> <span class='ocrx_word' id='word_1_370' title='bbox 1898 2411 2108 2476; x_wconf 80' lang='lat' dir='ltr'><strong>securitatem</strong></span> 
     </span>
     <span class='ocr_line' id='line_1_25' title="bbox 106 2491 2108 2578; baseline 0.001 -20"><span class='ocrx_word' id='word_1_371' title='bbox 106 2495 179 2577; x_wconf 90' lang='lat' dir='ltr'><strong>ipsa</strong></span> <span class='ocrx_word' id='word_1_372' title='bbox 200 2494 403 2577; x_wconf 85' lang='lat' dir='ltr'><strong>experientia</strong></span> <span class='ocrx_word' id='word_1_373' title='bbox 424 2495 503 2560; x_wconf 88' lang='lat' dir='ltr'><strong>satis</strong></span> <span class='ocrx_word' id='word_1_374' title='bbox 526 2494 696 2572; x_wconf 89' lang='lat' dir='ltr'><strong>docemur,</strong></span> <span class='ocrx_word' id='word_1_375' title='bbox 724 2495 818 2575; x_wconf 86' lang='lat' dir='ltr'><strong>parvi</strong></span> <span class='ocrx_word' id='word_1_376' title='bbox 846 2514 918 2560; x_wconf 89' lang='lat' dir='ltr'><strong>esse</strong></span> <span class='ocrx_word' id='word_1_377' title='bbox 939 2497 1080 2561; x_wconf 83' lang='lat' dir='ltr'><strong>vocatio·</strong></span> <span class='ocrx_word' id='word_1_378' title='bbox 1133 2491 1331 2558; x_wconf 76' lang='lat' dir='ltr'><strong>Christianis</strong></span> <span class='ocrx_word' id='word_1_379' title='bbox 1352 2491 1534 2573; x_wconf 86' lang='lat' dir='ltr'><strong>dissuadet,</strong></span> <span class='ocrx_word' id='word_1_380' title='bbox 1562 2493 1620 2559; x_wconf 91' lang='lat' dir='ltr'><strong>sed</strong></span> <span class='ocrx_word' id='word_1_381' title='bbox 1641 2496 1795 2578; x_wconf 90' lang='lat' dir='ltr'><strong>supinam</strong></span> <span class='ocrx_word' id='word_1_382' title='bbox 1816 2515 1855 2561; x_wconf 91' lang='lat' dir='ltr'><strong>ao</strong></span> <span class='ocrx_word' id='word_1_383' title='bbox 1876 2495 2015 2561; x_wconf 89' lang='lat' dir='ltr'><strong>solutam</strong></span> <span class='ocrx_word' id='word_1_384' title='bbox 2038 2514 2108 2567; x_wconf 54' lang='lat' dir='ltr'><strong>carr</strong></span> 
     </span>
     <span class='ocr_line' id='line_1_26' title="bbox 106 2578 2109 2665; baseline 0.002 -23"><span class='ocrx_word' id='word_1_385' title='bbox 106 2600 184 2644; x_wconf 90' lang='lat' dir='ltr'><strong>nem</strong></span> <span class='ocrx_word' id='word_1_386' title='bbox 204 2600 241 2645; x_wconf 90' lang='lat' dir='ltr'><strong>ac</strong></span> <span class='ocrx_word' id='word_1_387' title='bbox 260 2580 367 2657; x_wconf 88' lang='lat' dir='ltr'><strong>fidem,</strong></span> <span class='ocrx_word' id='word_1_388' title='bbox 393 2580 458 2644; x_wconf 88' lang='lat' dir='ltr'><strong>nisi</strong></span> <span class='ocrx_word' id='word_1_389' title='bbox 481 2580 612 2645; x_wconf 86' lang='lat' dir='ltr'><strong>accedat</strong></span> <span class='ocrx_word' id='word_1_390' title='bbox 632 2580 887 2662; x_wconf 85' lang='lat' dir='ltr'><strong>perseverantia,</strong></span> <span class='ocrx_word' id='word_1_391' title='bbox 909 2601 992 2663; x_wconf 90' lang='lat' dir='ltr'><strong>quae</strong></span> <span class='ocrx_word' id='word_1_392' title='bbox 1014 2602 1081 2646; x_wconf 93' lang='lat' dir='ltr'><strong>non</strong></span> <span class='ocrx_word' id='word_1_393' title='bbox 1131 2579 1184 2642; x_wconf 90' lang='lat' dir='ltr'><strong>nis</strong></span> <span class='ocrx_word' id='word_1_394' title='bbox 1206 2578 1414 2655; x_wconf 87' lang='lat' dir='ltr'><strong>securitatem</strong></span> <span class='ocrx_word' id='word_1_395' title='bbox 1435 2599 1518 2660; x_wconf 89' lang='lat' dir='ltr'><strong>qnae</strong></span> <span class='ocrx_word' id='word_1_396' title='bbox 1539 2579 1675 2660; x_wconf 88' lang='lat' dir='ltr'><strong>fastum,</strong></span> <span class='ocrx_word' id='word_1_397' title='bbox 1704 2583 1939 2665; x_wconf 81' lang='lat' dir='ltr'><strong>arrogantiam,</strong></span> <span class='ocrx_word' id='word_1_398' title='bbox 1968 2581 2109 2647; x_wconf 90' lang='lat' dir='ltr'><strong>aliorum</strong></span> 
     </span>
     <span class='ocr_line' id='line_1_27' title="bbox 106 2663 2107 2752; baseline 0.002 -23"><span class='ocrx_word' id='word_1_399' title='bbox 106 2666 257 2731; x_wconf 88' lang='lat' dir='ltr'><strong>omnibns</strong></span> <span class='ocrx_word' id='word_1_400' title='bbox 276 2666 447 2750; x_wconf 81' lang='lat' dir='ltr'><strong>contingit.</strong></span> <span class='ocrx_word' id='word_1_401' title='bbox 482 2663 550 2731; x_wconf 78' lang='lat' dir='ltr'><strong>Sed</strong></span> <span class='ocrx_word' id='word_1_402' title='bbox 569 2665 657 2730; x_wconf 87' lang='lat' dir='ltr'><strong>enim</strong></span> <span class='ocrx_word' id='word_1_403' title='bbox 673 2665 739 2730; x_wconf 89' lang='lat' dir='ltr'><strong>ista</strong></span> <span class='ocrx_word' id='word_1_404' title='bbox 760 2665 978 2732; x_wconf 91' lang='lat' dir='ltr'><strong>sollicitudine</strong></span> <span class='ocrx_word' id='word_1_405' title='bbox 1000 2666 1079 2733; x_wconf 89' lang='lat' dir='ltr'><strong>libe-</strong></span> <span class='ocrx_word' id='word_1_406' title='bbox 1132 2670 1356 2746; x_wconf 87' lang='lat' dir='ltr'><strong>contemptum</strong></span> <span class='ocrx_word' id='word_1_407' title='bbox 1378 2684 1489 2729; x_wconf 90' lang='lat' dir='ltr'><strong>secum</strong></span> <span class='ocrx_word' id='word_1_408' title='bbox 1509 2665 1635 2744; x_wconf 89' lang='lat' dir='ltr'><strong>trahat,</strong></span> <span class='ocrx_word' id='word_1_409' title='bbox 1666 2666 1887 2732; x_wconf 84' lang='lat' dir='ltr'><strong>hmnilitatem</strong></span> <span class='ocrx_word' id='word_1_410' title='bbox 1908 2669 2107 2752; x_wconf 82' lang='lat' dir='ltr'><strong>exstinguat,</strong></span> 
     </span>
     <span class='ocr_line' id='line_1_28' title="bbox 104 2749 2109 2837; baseline 0.001 -21"><span class='ocrx_word' id='word_1_411' title='bbox 104 2753 192 2816; x_wconf 83' lang='lat' dir='ltr'><strong>ravit</strong></span> <span class='ocrx_word' id='word_1_412' title='bbox 211 2772 273 2817; x_wconf 92' lang='lat' dir='ltr'><strong>nos</strong></span> <span class='ocrx_word' id='word_1_413' title='bbox 295 2750 451 2817; x_wconf 74' lang='lat' dir='ltr'><strong>Christus</strong></span> <span class='ocrx_word' id='word_1_414' title='bbox 457 2775 465 2830; x_wconf 92' lang='lat'>;</span> <span class='ocrx_word' id='word_1_415' title='bbox 495 2771 572 2818; x_wconf 90' lang='lat' dir='ltr'><strong>nam</strong></span> <span class='ocrx_word' id='word_1_416' title='bbox 599 2751 634 2814; x_wconf 91' lang='lat' dir='ltr'><strong>in</strong></span> <span class='ocrx_word' id='word_1_417' title='bbox 662 2760 829 2833; x_wconf 89' lang='lat' dir='ltr'><strong>posterum</strong></span> <span class='ocrx_word' id='word_1_418' title='bbox 858 2759 946 2817; x_wconf 89' lang='lat' dir='ltr'><strong>certe</strong></span> <span class='ocrx_word' id='word_1_419' title='bbox 975 2753 1079 2836; x_wconf 91' lang='lat' dir='ltr'><strong>respi·</strong></span> <span class='ocrx_word' id='word_1_420' title='bbox 1132 2771 1170 2815; x_wconf 89' lang='lat' dir='ltr'><strong>ac</strong></span> <span class='ocrx_word' id='word_1_421' title='bbox 1192 2749 1412 2814; x_wconf 88' lang='lat' dir='ltr'><strong>reverentiam</strong></span> <span class='ocrx_word' id='word_1_422' title='bbox 1431 2749 1505 2830; x_wconf 91' lang='lat' dir='ltr'><strong>Dei,</strong></span> <span class='ocrx_word' id='word_1_423' title='bbox 1528 2759 1742 2835; x_wconf 81' lang='lat' dir='ltr'><strong>acceptaeque</strong></span> <span class='ocrx_word' id='word_1_424' title='bbox 1764 2753 1891 2837; x_wconf 82' lang='lat' dir='ltr'><strong>gratiae</strong></span> <span class='ocrx_word' id='word_1_425' title='bbox 1911 2751 2109 2819; x_wconf 88' lang='lat' dir='ltr'><strong>oblivionem</strong></span> 
     </span>
     <span class='ocr_line' id='line_1_29' title="bbox 105 2834 2108 2921; baseline 0 -18"><span class='ocrx_word' id='word_1_426' title='bbox 105 2838 196 2903; x_wconf 89' lang='lat' dir='ltr'><strong>ciunt</strong></span> <span class='ocrx_word' id='word_1_427' title='bbox 216 2839 299 2902; x_wconf 90' lang='lat' dir='ltr'><strong>istae</strong></span> <span class='ocrx_word' id='word_1_428' title='bbox 316 2839 559 2920; x_wconf 88' lang='lat' dir='ltr'><strong>promissiones:</strong></span> <span class='ocrx_word' id='word_1_429' title='bbox 583 2858 679 2902; x_wconf 92' lang='lat' dir='ltr'><strong>omne</strong></span> <span class='ocrx_word' id='word_1_430' title='bbox 697 2836 783 2920; x_wconf 90' lang='lat' dir='ltr'><strong>quod</strong></span> <span class='ocrx_word' id='word_1_431' title='bbox 802 2835 858 2900; x_wconf 90' lang='lat' dir='ltr'><strong>dat</strong></span> <span class='ocrx_word' id='word_1_432' title='bbox 875 2837 958 2903; x_wconf 91' lang='lat' dir='ltr'><strong>mihi</strong></span> <span class='ocrx_word' id='word_1_433' title='bbox 976 2846 1078 2921; x_wconf 90' lang='lat' dir='ltr'><strong>pater,</strong></span> <span class='ocrx_word' id='word_1_434' title='bbox 1131 2834 1274 2900; x_wconf 91' lang='lat' dir='ltr'><strong>inducat.</strong></span> <span class='ocrx_word' id='word_1_435' title='bbox 1320 2834 1470 2900; x_wconf 81' lang='lat' dir='ltr'><strong>Gentiles</strong></span> <span class='ocrx_word' id='word_1_436' title='bbox 1491 2837 1580 2900; x_wconf 92' lang='lat' dir='ltr'><strong>enim</strong></span> <span class='ocrx_word' id='word_1_437' title='bbox 1601 2837 1786 2920; x_wconf 88' lang='lat' dir='ltr'><strong>alloquitur,</strong></span> <span class='ocrx_word' id='word_1_438' title='bbox 1811 2859 1891 2921; x_wconf 89' lang='lat' dir='ltr'><strong>qnos</strong></span> <span class='ocrx_word' id='word_1_439' title='bbox 1913 2839 2017 2918; x_wconf 88' lang='lat' dir='ltr'><strong>docet,</strong></span> <span class='ocrx_word' id='word_1_440' title='bbox 2039 2859 2108 2903; x_wconf 93' lang='lat' dir='ltr'><strong>non</strong></span> 
     </span>
     <span class='ocr_line' id='line_1_30' title="bbox 104 2920 2109 3006; baseline 0.001 -19"><span class='ocrx_word' id='word_1_441' title='bbox 104 2923 146 2987; x_wconf 86' lang='lat' dir='ltr'><strong>sd</strong></span> <span class='ocrx_word' id='word_1_442' title='bbox 172 2945 226 2988; x_wconf 92' lang='lat' dir='ltr'><strong>me</strong></span> <span class='ocrx_word' id='word_1_443' title='bbox 253 2924 379 3002; x_wconf 83' lang='lat' dir='ltr'><strong>veniet;</strong></span> <span class='ocrx_word' id='word_1_444' title='bbox 407 2932 441 2988; x_wconf 95' lang='lat' dir='ltr'><strong>et</strong></span> <span class='ocrx_word' id='word_1_445' title='bbox 468 2944 544 2987; x_wconf 92' lang='lat' dir='ltr'><strong>eum</strong></span> <span class='ocrx_word' id='word_1_446' title='bbox 566 2923 622 3006; x_wconf 93' lang='lat' dir='ltr'><strong>qui</strong></span> <span class='ocrx_word' id='word_1_447' title='bbox 644 2924 774 2987; x_wconf 85' lang='lat' dir='ltr'><strong>venerit</strong></span> <span class='ocrx_word' id='word_1_448' title='bbox 794 2923 836 2987; x_wconf 90' lang='lat' dir='ltr'><strong>ad</strong></span> <span class='ocrx_word' id='word_1_449' title='bbox 857 2944 911 2988; x_wconf 91' lang='lat' dir='ltr'><strong>me</strong></span> <span class='ocrx_word' id='word_1_450' title='bbox 932 2945 999 2989; x_wconf 91' lang='lat' dir='ltr'><strong>non</strong></span> <span class='ocrx_word' id='word_1_451' title='bbox 1020 2924 1079 2988; x_wconf 92' lang='lat' dir='ltr'><strong>eii·</strong></span> <span class='ocrx_word' id='word_1_452' title='bbox 1132 2942 1204 2987; x_wconf 86' lang='lat' dir='ltr'><strong>esso</strong></span> <span class='ocrx_word' id='word_1_453' title='bbox 1231 2920 1363 2986; x_wconf 91' lang='lat' dir='ltr'><strong>Iudaeis</strong></span> <span class='ocrx_word' id='word_1_454' title='bbox 1392 2924 1530 3005; x_wconf 90' lang='lat' dir='ltr'><strong>superbe</strong></span> <span class='ocrx_word' id='word_1_455' title='bbox 1562 2928 1596 2986; x_wconf 90' lang='lat' dir='ltr'><strong>et</strong></span> <span class='ocrx_word' id='word_1_456' title='bbox 1626 2923 1852 2989; x_wconf 89' lang='lat' dir='ltr'><strong>inhumaniter</strong></span> <span class='ocrx_word' id='word_1_457' title='bbox 1882 2923 2109 2989; x_wconf 90' lang='lat' dir='ltr'><strong>insultandum</strong></span> 
     </span>
     <span class='ocr_line' id='line_1_31' title="bbox 104 3005 2108 3093; baseline -0 -20"><span class='ocrx_word' id='word_1_458' title='bbox 104 3011 188 3074; x_wconf 91' lang='lat' dir='ltr'><strong>ciam</strong></span> <span class='ocrx_word' id='word_1_459' title='bbox 209 3010 296 3074; x_wconf 87' lang='lat' dir='ltr'><strong>toras</strong></span> <span class='ocrx_word' id='word_1_460' title='bbox 326 3008 454 3093; x_wconf 85' lang='lat' dir='ltr'><strong>(Ioann.</strong></span> <span class='ocrx_word' id='word_1_461' title='bbox 479 3014 507 3087; x_wconf 92' lang='grc'><strong>6,</strong></span> <span class='ocrx_word' id='word_1_462' title='bbox 528 3013 581 3072; x_wconf 78' lang='grc'><strong>67.</strong></span> <span class='ocrx_word' id='word_1_463' title='bbox 606 3008 672 3093; x_wconf 87' lang='grc'><strong>40).</strong></span> <span class='ocrx_word' id='word_1_464' title='bbox 717 3009 817 3073; x_wconf 91' lang='lat' dir='ltr'><strong>Item:</strong></span> <span class='ocrx_word' id='word_1_465' title='bbox 847 3009 928 3075; x_wconf 88' lang='lat' dir='ltr'><strong>haec</strong></span> <span class='ocrx_word' id='word_1_466' title='bbox 949 3017 1000 3076; x_wconf 90' lang='lat' dir='ltr'><strong>est</strong></span> <span class='ocrx_word' id='word_1_467' title='bbox 1020 3030 1079 3075; x_wconf 82' lang='lat' dir='ltr'><strong>vo·</strong></span> <span class='ocrx_word' id='word_1_468' title='bbox 1130 3005 1203 3073; x_wconf 88' lang='lat' dir='ltr'><strong>ideo</strong></span> <span class='ocrx_word' id='word_1_469' title='bbox 1232 3007 1309 3089; x_wconf 89' lang='lat' dir='ltr'><strong>qnia</strong></span> <span class='ocrx_word' id='word_1_470' title='bbox 1335 3007 1417 3090; x_wconf 86' lang='lat' dir='ltr'><strong>ipsis</strong></span> <span class='ocrx_word' id='word_1_471' title='bbox 1438 3005 1595 3073; x_wconf 88' lang='lat' dir='ltr'><strong>abdicatis</strong></span> <span class='ocrx_word' id='word_1_472' title='bbox 1616 3010 1652 3073; x_wconf 91' lang='lat' dir='ltr'><strong>iu</strong></span> <span class='ocrx_word' id='word_1_473' title='bbox 1674 3030 1789 3073; x_wconf 90' lang='lat' dir='ltr'><strong>eorum</strong></span> <span class='ocrx_word' id='word_1_474' title='bbox 1810 3010 1918 3075; x_wconf 89' lang='lat' dir='ltr'><strong>locum</strong></span> <span class='ocrx_word' id='word_1_475' title='bbox 1940 3009 2108 3076; x_wconf 88' lang='lat' dir='ltr'><strong>substituti</strong></span> 
     </span>
     <span class='ocr_line' id='line_1_32' title="bbox 103 3091 2107 3178; baseline 0 -20"><span class='ocrx_word' id='word_1_476' title='bbox 103 3095 214 3160; x_wconf 88' lang='lat' dir='ltr'><strong>luntas</strong></span> <span class='ocrx_word' id='word_1_477' title='bbox 236 3097 306 3160; x_wconf 90' lang='lat' dir='ltr'><strong>eius</strong></span> <span class='ocrx_word' id='word_1_478' title='bbox 326 3096 382 3177; x_wconf 93' lang='lat' dir='ltr'><strong>qui</strong></span> <span class='ocrx_word' id='word_1_479' title='bbox 404 3095 496 3159; x_wconf 90' lang='lat' dir='ltr'><strong>misit</strong></span> <span class='ocrx_word' id='word_1_480' title='bbox 518 3116 571 3160; x_wconf 91' lang='lat' dir='ltr'><strong>me</strong></span> <span class='ocrx_word' id='word_1_481' title='bbox 588 3095 700 3177; x_wconf 90' lang='lat' dir='ltr'><strong>patris,</strong></span> <span class='ocrx_word' id='word_1_482' title='bbox 724 3115 767 3159; x_wconf 93' lang='lat' dir='ltr'><strong>ne</strong></span> <span class='ocrx_word' id='word_1_483' title='bbox 785 3093 864 3177; x_wconf 91' lang='lat' dir='ltr'><strong>quid</strong></span> <span class='ocrx_word' id='word_1_484' title='bbox 881 3095 1016 3177; x_wconf 90' lang='lat' dir='ltr'><strong>perdam</strong></span> <span class='ocrx_word' id='word_1_485' title='bbox 1037 3118 1079 3161; x_wconf 83' lang='lat' dir='ltr'><strong>ex</strong></span> <span class='ocrx_word' id='word_1_486' title='bbox 1131 3099 1248 3158; x_wconf 88' lang='lat' dir='ltr'><strong>essent.</strong></span> <span class='ocrx_word' id='word_1_487' title='bbox 1282 3091 1449 3157; x_wconf 64' lang='lat' dir='ltr'><strong>&#39;llim0rem</strong></span> <span class='ocrx_word' id='word_1_488' title='bbox 1466 3100 1601 3176; x_wconf 65' lang='lat' dir='ltr'><strong>quoque*</strong></span> <span class='ocrx_word' id='word_1_489' title='bbox 1618 3096 1763 3178; x_wconf 89' lang='lat' dir='ltr'><strong>requirit,</strong></span> <span class='ocrx_word' id='word_1_490' title='bbox 1786 3117 1855 3160; x_wconf 92' lang='lat' dir='ltr'><strong>non</strong></span> <span class='ocrx_word' id='word_1_491' title='bbox 1876 3116 1939 3178; x_wconf 94' lang='lat' dir='ltr'><strong>quo</strong></span> <span class='ocrx_word' id='word_1_492' title='bbox 1961 3102 2107 3161; x_wconf 87' lang='lat' dir='ltr'><strong>conster-</strong></span> 
     </span>
     <span class='ocr_line' id='line_1_33' title="bbox 104 3177 2107 3264; baseline 0.001 -20"><span class='ocrx_word' id='word_1_493' title='bbox 104 3181 255 3245; x_wconf 90' lang='lat' dir='ltr'><strong>omnibus</strong></span> <span class='ocrx_word' id='word_1_494' title='bbox 275 3201 358 3262; x_wconf 89' lang='lat' dir='ltr'><strong>quae</strong></span> <span class='ocrx_word' id='word_1_495' title='bbox 378 3180 470 3246; x_wconf 87' lang='lat' dir='ltr'><strong>dedit</strong></span> <span class='ocrx_word' id='word_1_496' title='bbox 490 3180 590 3255; x_wconf 89' lang='lat' dir='ltr'><strong>mihi,</strong></span> <span class='ocrx_word' id='word_1_497' title='bbox 614 3179 671 3245; x_wconf 89' lang='lat' dir='ltr'><strong>sed</strong></span> <span class='ocrx_word' id='word_1_498' title='bbox 691 3182 882 3246; x_wconf 86' lang='lat' dir='ltr'><strong>resuscitem</strong></span> <span class='ocrx_word' id='word_1_499' title='bbox 904 3201 943 3245; x_wconf 89' lang='lat' dir='ltr'><strong>ea</strong></span> <span class='ocrx_word' id='word_1_500' title='bbox 964 3182 999 3245; x_wconf 92' lang='lat' dir='ltr'><strong>in</strong></span> <span class='ocrx_word' id='word_1_501' title='bbox 1020 3202 1078 3246; x_wconf 90' lang='lat' dir='ltr'><strong>no-</strong></span> <span class='ocrx_word' id='word_1_502' title='bbox 1130 3179 1202 3243; x_wconf 89' lang='lat' dir='ltr'><strong>nati</strong></span> <span class='ocrx_word' id='word_1_503' title='bbox 1228 3177 1397 3257; x_wconf 83' lang='lat' dir='ltr'><strong>vacillent,</strong></span> <span class='ocrx_word' id='word_1_504' title='bbox 1427 3178 1485 3242; x_wconf 90' lang='lat' dir='ltr'><strong>sed</strong></span> <span class='ocrx_word' id='word_1_505' title='bbox 1512 3180 1569 3261; x_wconf 93' lang='lat' dir='ltr'><strong>qui</strong></span> <span class='ocrx_word' id='word_1_506' title='bbox 1596 3180 1638 3244; x_wconf 92' lang='lat' dir='ltr'><strong>ad</strong></span> <span class='ocrx_word' id='word_1_507' title='bbox 1667 3180 1909 3264; x_wconf 88' lang='lat' dir='ltr'><strong>suspiciendam</strong></span> <span class='ocrx_word' id='word_1_508' title='bbox 1936 3181 2107 3246; x_wconf 87' lang='lat' dir='ltr'><strong>humihter</strong></span> 
     </span>
     <span class='ocr_line' id='line_1_34' title="bbox 104 3264 2107 3350; baseline 0 -19"><span class='ocrx_word' id='word_1_509' title='bbox 104 3266 238 3329; x_wconf 77' lang='lat' dir='ltr'><strong>sissimo</strong></span> <span class='ocrx_word' id='word_1_510' title='bbox 256 3265 317 3330; x_wconf 88' lang='lat' dir='ltr'><strong>die.</strong></span> <span class='ocrx_word' id='word_1_511' title='bbox 345 3266 432 3332; x_wconf 83' lang='lat' dir='ltr'><strong>Item</strong></span> <span class='ocrx_word' id='word_1_512' title='bbox 450 3267 580 3350; x_wconf 88' lang='lat' dir='ltr'><strong>(Ioann.</strong></span> <span class='ocrx_word' id='word_1_513' title='bbox 603 3271 651 3343; x_wconf 86' lang='lat'><strong>10,</strong></span> <span class='ocrx_word' id='word_1_514' title='bbox 671 3266 741 3350; x_wconf 85' lang='grc'><strong>27);</strong></span> <span class='ocrx_word' id='word_1_515' title='bbox 762 3288 839 3331; x_wconf 83' lang='lat' dir='ltr'><strong>oves</strong></span> <span class='ocrx_word' id='word_1_516' title='bbox 856 3286 949 3331; x_wconf 89' lang='lat' dir='ltr'><strong>meae</strong></span> <span class='ocrx_word' id='word_1_517' title='bbox 965 3288 1079 3334; x_wconf 85' lang='lat' dir='ltr'><strong>vocem</strong></span> <span class='ocrx_word' id='word_1_518' title='bbox 1130 3265 1196 3329; x_wconf 91' lang='lat' dir='ltr'><strong>Dei</strong></span> <span class='ocrx_word' id='word_1_519' title='bbox 1224 3264 1365 3347; x_wconf 82' lang='lat' dir='ltr'><strong>gratiam</strong></span> <span class='ocrx_word' id='word_1_520' title='bbox 1391 3282 1451 3330; x_wconf 90' lang='lat' dir='ltr'><strong>nos</strong></span> <span class='ocrx_word' id='word_1_521' title='bbox 1475 3266 1664 3346; x_wconf 89' lang='lat' dir='ltr'><strong>instituens,</strong></span> <span class='ocrx_word' id='word_1_522' title='bbox 1697 3267 1783 3332; x_wconf 89' lang='lat' dir='ltr'><strong>nihil</strong></span> <span class='ocrx_word' id='word_1_523' title='bbox 1815 3287 1857 3331; x_wconf 87' lang='lat' dir='ltr'><strong>ex</strong></span> <span class='ocrx_word' id='word_1_524' title='bbox 1885 3268 1955 3333; x_wconf 88' lang='lat' dir='ltr'><strong>eius</strong></span> <span class='ocrx_word' id='word_1_525' title='bbox 1987 3265 2107 3332; x_wconf 90' lang='lat' dir='ltr'><strong>fiducia</strong></span> 
     </span>
     <span class='ocr_line' id='line_1_35' title="bbox 104 3349 2107 3437; baseline 0.002 -25"><span class='ocrx_word' id='word_1_526' title='bbox 104 3369 213 3413; x_wconf 89' lang='lat' dir='ltr'><strong>meam</strong></span> <span class='ocrx_word' id='word_1_527' title='bbox 235 3350 373 3416; x_wconf 89' lang='lat' dir='ltr'><strong>audiunt</strong></span> <span class='ocrx_word' id='word_1_528' title='bbox 394 3361 428 3416; x_wconf 92' lang='lat' dir='ltr'><strong>et</strong></span> <span class='ocrx_word' id='word_1_529' title='bbox 448 3358 630 3435; x_wconf 88' lang='lat' dir='ltr'><strong>sequnntur</strong></span> <span class='ocrx_word' id='word_1_530' title='bbox 651 3372 718 3431; x_wconf 88' lang='lat' dir='ltr'><strong>me;</strong></span> <span class='ocrx_word' id='word_1_531' title='bbox 746 3373 807 3436; x_wconf 80' lang='lat' dir='ltr'><strong>ego</strong></span> <span class='ocrx_word' id='word_1_532' title='bbox 833 3373 991 3437; x_wconf 81' lang='lat' dir='ltr'><strong>cognosco</strong></span> <span class='ocrx_word' id='word_1_533' title='bbox 1014 3374 1078 3432; x_wconf 87' lang='lat' dir='ltr'><strong>eas,</strong></span> <span class='ocrx_word' id='word_1_534' title='bbox 1132 3349 1308 3429; x_wconf 89' lang='lat' dir='ltr'><strong>diminuat;</strong></span> <span class='ocrx_word' id='word_1_535' title='bbox 1340 3349 1614 3431; x_wconf 91' lang='lat' dir='ltr'><strong>quemadmodum</strong></span> <span class='ocrx_word' id='word_1_536' title='bbox 1647 3351 1725 3417; x_wconf 90' lang='lat' dir='ltr'><strong>alibi</strong></span> <span class='ocrx_word' id='word_1_537' title='bbox 1759 3351 1883 3418; x_wconf 80' lang='lat' dir='ltr'><strong>dichrm</strong></span> <span class='ocrx_word' id='word_1_538' title='bbox 1912 3360 1970 3419; x_wconf 85' lang='lat' dir='ltr'><strong>est.</strong></span> <span class='ocrx_word' id='word_1_539' title='bbox 2014 3350 2107 3417; x_wconf 72' lang='lat' dir='ltr'><strong>ridde</strong></span> 
     </span>
     <span class='ocr_line' id='line_1_36' title="bbox 105 3435 2106 3521; baseline 0.002 -21"><span class='ocrx_word' id='word_1_540' title='bbox 105 3443 138 3500; x_wconf 90' lang='lat' dir='ltr'><strong>et</strong></span> <span class='ocrx_word' id='word_1_541' title='bbox 157 3436 260 3498; x_wconf 85' lang='lat' dir='ltr'><strong>vitam</strong></span> <span class='ocrx_word' id='word_1_542' title='bbox 278 3443 445 3501; x_wconf 86' lang='lat' dir='ltr'><strong>aeternam</strong></span> <span class='ocrx_word' id='word_1_543' title='bbox 463 3438 503 3502; x_wconf 92' lang='lat' dir='ltr'><strong>do</strong></span> <span class='ocrx_word' id='word_1_544' title='bbox 521 3440 577 3514; x_wconf 91' lang='lat' dir='ltr'><strong>eis,</strong></span> <span class='ocrx_word' id='word_1_545' title='bbox 596 3458 656 3502; x_wconf 89' lang='lat' dir='ltr'><strong>nec</strong></span> <span class='ocrx_word' id='word_1_546' title='bbox 672 3436 826 3520; x_wconf 88' lang='lat' dir='ltr'><strong>peribunt</strong></span> <span class='ocrx_word' id='word_1_547' title='bbox 846 3439 880 3502; x_wconf 91' lang='lat' dir='ltr'><strong>in</strong></span> <span class='ocrx_word' id='word_1_548' title='bbox 899 3448 1078 3519; x_wconf 90' lang='lat' dir='ltr'><strong>aeternum,</strong></span> <span class='ocrx_word' id='word_1_549' title='bbox 1130 3435 1214 3517; x_wconf 79' lang='lat' dir='ltr'><strong>qaod</strong></span> <span class='ocrx_word' id='word_1_550' title='bbox 1233 3454 1295 3499; x_wconf 82' lang='lat' dir='ltr'><strong>coc</strong></span> <span class='ocrx_word' id='word_1_551' title='bbox 1315 3435 1464 3518; x_wconf 67' lang='lat' dir='ltr'><strong>mystes,</strong></span> <span class='ocrx_word' id='word_1_552' title='bbox 1486 3438 1540 3503; x_wconf 86' lang='lat' dir='ltr'><strong>sed</strong></span> <span class='ocrx_word' id='word_1_553' title='bbox 1558 3439 1729 3521; x_wconf 72' lang='grc' dir='ltr'>ριιιινιιιιι</span> <span class='ocrx_word' id='word_1_554' title='bbox 1749 3444 1848 3503; x_wconf 81' lang='lat' dir='ltr'><strong>sectas</strong></span> <span class='ocrx_word' id='word_1_555' title='bbox 1866 3439 1957 3520; x_wconf 78' lang='lat' dir='ltr'><strong>ipsas</strong></span> <span class='ocrx_word' id='word_1_556' title='bbox 1977 3439 2106 3519; x_wconf 66' lang='lat' dir='ltr'><strong>adopi-</strong></span> 
     </span>
     <span class='ocr_line' id='line_1_37' title="bbox 103 3519 2107 3609; baseline 0.002 -25"><span class='ocrx_word' id='word_1_557' title='bbox 103 3544 128 3585; x_wconf 96' lang='lat' dir='ltr'><strong>n</strong></span> <span class='ocrx_word' id='word_1_558' title='bbox 168 3541 210 3584; x_wconf 89' lang='lat' dir='ltr'><strong>ue</strong></span> <span class='ocrx_word' id='word_1_559' title='bbox 231 3521 336 3605; x_wconf 91' lang='lat' dir='ltr'><strong>rapiet</strong></span> <span class='ocrx_word' id='word_1_560' title='bbox 357 3543 412 3587; x_wconf 92' lang='lat' dir='ltr'><strong>eas</strong></span> <span class='ocrx_word' id='word_1_561' title='bbox 433 3525 606 3607; x_wconf 90' lang='lat' dir='ltr'><strong>quisquam</strong></span> <span class='ocrx_word' id='word_1_562' title='bbox 628 3522 668 3588; x_wconf 91' lang='lat' dir='ltr'><strong>de</strong></span> <span class='ocrx_word' id='word_1_563' title='bbox 684 3544 786 3588; x_wconf 90' lang='lat' dir='ltr'><strong>manu</strong></span> <span class='ocrx_word' id='word_1_564' title='bbox 803 3545 890 3589; x_wconf 92' lang='lat' dir='ltr'><strong>mea:</strong></span> <span class='ocrx_word' id='word_1_565' title='bbox 914 3533 1008 3608; x_wconf 87' lang='lat' dir='ltr'><strong>pater</strong></span> <span class='ocrx_word' id='word_1_566' title='bbox 1023 3526 1086 3609; x_wconf 85' lang='lat' dir='ltr'><strong>qui</strong></span> <span class='ocrx_word' id='word_1_567' title='bbox 1131 3527 1192 3586; x_wconf 78' lang='lat' dir='ltr'><strong>ar.</strong></span> <span class='ocrx_word' id='word_1_568' title='bbox 1237 3519 1440 3602; x_wconf 80' lang='lat' dir='ltr'><strong>Numquam</strong></span> <span class='ocrx_word' id='word_1_569' title='bbox 1460 3522 1564 3588; x_wconf 60' lang='lat' dir='ltr'><strong>dioec</strong></span> <span class='ocrx_word' id='word_1_570' title='bbox 1586 3528 1662 3589; x_wconf 83' lang='grc' dir='ltr'>ιιιιι</span> <span class='ocrx_word' id='word_1_571' title='bbox 1682 3525 1807 3591; x_wconf 71' lang='lat' dir='ltr'><strong>milesia</strong></span> <span class='ocrx_word' id='word_1_572' title='bbox 1827 3526 1864 3589; x_wconf 82' lang='lat' dir='ltr'><strong>ic</strong></span> <span class='ocrx_word' id='word_1_573' title='bbox 1884 3526 1967 3590; x_wconf 82' lang='lat' dir='ltr'><strong>daos</strong></span> <span class='ocrx_word' id='word_1_574' title='bbox 1986 3530 2107 3605; x_wconf 78' lang='lat' dir='ltr'><strong>portes,</strong></span> 
     </span>
     <span class='ocr_line' id='line_1_38' title="bbox 105 3605 2107 3693; baseline 0.002 -22"><span class='ocrx_word' id='word_1_575' title='bbox 105 3607 146 3671; x_wconf 90' lang='lat' dir='ltr'><strong>de</strong></span> <span class='ocrx_word' id='word_1_576' title='bbox 172 3607 196 3669; x_wconf 85' lang='lat' dir='ltr'><strong>&#39;t</strong></span> <span class='ocrx_word' id='word_1_577' title='bbox 217 3605 314 3684; x_wconf 92' lang='lat' dir='ltr'><strong>mihi,</strong></span> <span class='ocrx_word' id='word_1_578' title='bbox 335 3609 442 3672; x_wconf 87' lang='lat' dir='ltr'><strong>maior</strong></span> <span class='ocrx_word' id='word_1_579' title='bbox 463 3610 614 3674; x_wconf 90' lang='lat' dir='ltr'><strong>omnibus</strong></span> <span class='ocrx_word' id='word_1_580' title='bbox 636 3618 701 3683; x_wconf 89' lang='lat' dir='ltr'><strong>est,</strong></span> <span class='ocrx_word' id='word_1_581' title='bbox 725 3618 759 3675; x_wconf 93' lang='lat' dir='ltr'><strong>et</strong></span> <span class='ocrx_word' id='word_1_582' title='bbox 779 3630 875 3674; x_wconf 91' lang='lat' dir='ltr'><strong>nemo</strong></span> <span class='ocrx_word' id='word_1_583' title='bbox 896 3618 1004 3693; x_wconf 88' lang='lat' dir='ltr'><strong>potest</strong></span> <span class='ocrx_word' id='word_1_584' title='bbox 1025 3631 1079 3675; x_wconf 92' lang='lat' dir='ltr'><strong>ra·</strong></span> <span class='ocrx_word' id='word_1_585' title='bbox 1131 3612 1158 3672; x_wconf 88' lang='lat' dir='ltr'><strong>et</strong></span> <span class='ocrx_word' id='word_1_586' title='bbox 1180 3606 1349 3671; x_wconf 79' lang='lat' dir='ltr'><strong>aemulatio</strong></span> <span class='ocrx_word' id='word_1_587' title='bbox 1371 3608 1542 3673; x_wconf 59' lang='lat' dir='ltr'><strong>desidiam</strong></span> <span class='ocrx_word' id='word_1_588' title='bbox 1556 3614 1699 3690; x_wconf 80' lang='lat' dir='ltr'><strong>pareret,</strong></span> <span class='ocrx_word' id='word_1_589' title='bbox 1726 3612 1870 3677; x_wconf 78' lang='lat' dir='ltr'><strong>admonet</strong></span> <span class='ocrx_word' id='word_1_590' title='bbox 1892 3609 2018 3676; x_wconf 65' lang='lat' dir='ltr'><strong>Pacui</strong></span> <span class='ocrx_word' id='word_1_591' title='bbox 2036 3629 2107 3693; x_wconf 64' lang='lat' dir='ltr'><strong>peta</strong></span> 
     </span>
     <span class='ocr_line' id='line_1_39' title="bbox 104 3691 2108 3777; baseline 0.001 -20"><span class='ocrx_word' id='word_1_592' title='bbox 104 3715 183 3776; x_wconf 92' lang='lat' dir='ltr'><strong>pere</strong></span> <span class='ocrx_word' id='word_1_593' title='bbox 220 3691 260 3757; x_wconf 92' lang='lat' dir='ltr'><strong>de</strong></span> <span class='ocrx_word' id='word_1_594' title='bbox 295 3712 396 3757; x_wconf 90' lang='lat' dir='ltr'><strong>manu</strong></span> <span class='ocrx_word' id='word_1_595' title='bbox 430 3696 532 3776; x_wconf 88' lang='lat' dir='ltr'><strong>patris</strong></span> <span class='ocrx_word' id='word_1_596' title='bbox 565 3696 640 3760; x_wconf 89' lang='lat' dir='ltr'><strong>mei.</strong></span> <span class='ocrx_word' id='word_1_597' title='bbox 697 3695 771 3759; x_wconf 83' lang='lat' dir='ltr'><strong>Iam</strong></span> <span class='ocrx_word' id='word_1_598' title='bbox 806 3695 861 3759; x_wconf 83' lang='lat' dir='ltr'><strong>abi</strong></span> <span class='ocrx_word' id='word_1_599' title='bbox 894 3698 1080 3777; x_wconf 70' lang='lat' dir='ltr'><strong>procamiet</strong></span> <span class='ocrx_word' id='word_1_600' title='bbox 1131 3693 1210 3769; x_wconf 72' lang='lat' dir='ltr'><strong>titre,</strong></span> <span class='ocrx_word' id='word_1_601' title='bbox 1232 3691 1313 3772; x_wconf 78' lang='lat' dir='ltr'><strong>quod</strong></span> <span class='ocrx_word' id='word_1_602' title='bbox 1329 3691 1488 3776; x_wconf 63' lang='lat' dir='ltr'><strong>stracti·</strong></span> <span class='ocrx_word' id='word_1_603' title='bbox 1504 3700 1575 3759; x_wconf 75' lang='lat' dir='ltr'><strong>aei</strong></span> <span class='ocrx_word' id='word_1_604' title='bbox 1595 3696 1631 3759; x_wconf 80' lang='lat' dir='ltr'><strong>iu</strong></span> <span class='ocrx_word' id='word_1_605' title='bbox 1652 3696 1751 3761; x_wconf 71' lang='lat' dir='ltr'><strong>boam</strong></span> <span class='ocrx_word' id='word_1_606' title='bbox 1762 3695 1938 3777; x_wconf 65' lang='lat' dir='ltr'><strong>pericliteris</strong></span> <span class='ocrx_word' id='word_1_607' title='bbox 1959 3701 1989 3760; x_wconf 85' lang='lat' dir='ltr'><strong>et</strong></span> <span class='ocrx_word' id='word_1_608' title='bbox 2006 3694 2108 3760; x_wconf 66' lang='lat' dir='ltr'><strong>condi</strong></span> 
     </span>
     <span class='ocr_line' id='line_1_40' title="bbox 107 3777 2105 3863; baseline -0.002 -17"><span class='ocrx_word' id='word_1_609' title='bbox 107 3778 323 3863; x_wconf 81' lang='lat' dir='ltr'><strong>(Matth15,</strong></span> <span class='ocrx_word' id='word_1_610' title='bbox 350 3782 420 3858; x_wconf 80' lang='lat'>13).-</span> <span class='ocrx_word' id='word_1_611' title='bbox 452 3781 553 3845; x_wconf 83' lang='lat' dir='ltr'><strong>omnis</strong></span> <span class='ocrx_word' id='word_1_612' title='bbox 584 3781 678 3845; x_wconf 79' lang='lat' dir='ltr'><strong>orbor</strong></span> <span class='ocrx_word' id='word_1_613' title='bbox 708 3801 804 3863; x_wconf 79' lang='lat' dir='ltr'><strong>quom</strong></span> <span class='ocrx_word' id='word_1_614' title='bbox 834 3802 896 3846; x_wconf 82' lang='lat' dir='ltr'><strong>acc</strong></span> <span class='ocrx_word' id='word_1_615' title='bbox 923 3782 1081 3863; x_wconf 75' lang='grc' dir='ltr'>ριιιιιιιιιι</span> <span class='ocrx_word' id='word_1_616' title='bbox 1125 3777 1254 3862; x_wconf 78' lang='lat' dir='ltr'><strong>populi,</strong></span> <span class='ocrx_word' id='word_1_617' title='bbox 1283 3778 1406 3842; x_wconf 82' lang='lat' dir='ltr'><strong>timoris</strong></span> <span class='ocrx_word' id='word_1_618' title='bbox 1431 3782 1459 3843; x_wconf 87' lang='lat' dir='ltr'><strong>et</strong></span> <span class='ocrx_word' id='word_1_619' title='bbox 1484 3781 1649 3846; x_wconf 74' lang='lat' dir='ltr'><strong>mcdadice</strong></span> <span class='ocrx_word' id='word_1_620' title='bbox 1669 3783 1775 3847; x_wconf 67' lang='lat' dir='ltr'><strong>debeo</strong></span> <span class='ocrx_word' id='word_1_621' title='bbox 1795 3782 1863 3847; x_wconf 84' lang='lat' dir='ltr'><strong>illis</strong></span> <span class='ocrx_word' id='word_1_622' title='bbox 1884 3800 1949 3844; x_wconf 85' lang='lat' dir='ltr'><strong>esce</strong></span> <span class='ocrx_word' id='word_1_623' title='bbox 1969 3798 2105 3843; x_wconf 77' lang='lat' dir='ltr'><strong>cuasam.</strong></span> 
     </span>
     <span class='ocr_line' id='line_1_41' title="bbox 100 3863 2107 3950; baseline 0 -21"><span class='ocrx_word' id='word_1_624' title='bbox 100 3871 193 3947; x_wconf 84' lang='lat' dir='ltr'><strong>pater</strong></span> <span class='ocrx_word' id='word_1_625' title='bbox 213 3885 302 3929; x_wconf 81' lang='lat' dir='ltr'><strong>meae</strong></span> <span class='ocrx_word' id='word_1_626' title='bbox 323 3865 547 3944; x_wconf 65' lang='lat' dir='ltr'><strong>animabitur,</strong></span> <span class='ocrx_word' id='word_1_627' title='bbox 574 3887 612 3931; x_wconf 82' lang='grc' dir='ltr'><strong>ιι</strong></span> <span class='ocrx_word' id='word_1_628' title='bbox 634 3869 771 3948; x_wconf 77' lang='lat' dir='ltr'><strong>opposito</strong></span> <span class='ocrx_word' id='word_1_629' title='bbox 793 3868 898 3931; x_wconf 80' lang='lat' dir='ltr'><strong>iacuit</strong></span> <span class='ocrx_word' id='word_1_630' title='bbox 918 3886 1081 3950; x_wconf 74' lang='lat' dir='ltr'><strong>antiquom</strong></span> <span class='ocrx_word' id='word_1_631' title='bbox 1131 3865 1234 3946; x_wconf 77' lang='lat' dir='ltr'><strong>Atqui</strong></span> <span class='ocrx_word' id='word_1_632' title='bbox 1253 3865 1335 3928; x_wconf 77' lang='lat' dir='ltr'><strong>iuter</strong></span> <span class='ocrx_word' id='word_1_633' title='bbox 1356 3883 1407 3928; x_wconf 85' lang='lat' dir='ltr'><strong>ecs</strong></span> <span class='ocrx_word' id='word_1_634' title='bbox 1426 3865 1518 3930; x_wconf 81' lang='lat' dir='ltr'><strong>multi</strong></span> <span class='ocrx_word' id='word_1_635' title='bbox 1538 3872 1627 3930; x_wconf 75' lang='lat' dir='ltr'><strong>eant</strong></span> <span class='ocrx_word' id='word_1_636' title='bbox 1646 3868 1770 3945; x_wconf 79' lang='lat' dir='ltr'><strong>ventosi,</strong></span> <span class='ocrx_word' id='word_1_637' title='bbox 1793 3885 1926 3947; x_wconf 75' lang='lat' dir='ltr'><strong>quorum</strong></span> <span class='ocrx_word' id='word_1_638' title='bbox 1946 3863 2107 3946; x_wconf 73' lang='lat' dir='ltr'><strong>utilescit</strong></span> 
     </span>
     <span class='ocr_line' id='line_1_42' title="bbox 99 3950 2106 4033; baseline 0 -17"><span class='ocrx_word' id='word_1_639' title='bbox 99 3971 193 4032; x_wconf 76' lang='lat' dir='ltr'><strong>posse</strong></span> <span class='ocrx_word' id='word_1_640' title='bbox 214 3973 235 4016; x_wconf 91' lang='lat' dir='ltr'><strong>c</strong></span> <span class='ocrx_word' id='word_1_641' title='bbox 256 3950 356 4016; x_wconf 62' lang='lat' dir='ltr'><strong>mate</strong></span> <span class='ocrx_word' id='word_1_642' title='bbox 378 3951 467 4015; x_wconf 83' lang='lat' dir='ltr'><strong>evelti</strong></span> <span class='ocrx_word' id='word_1_643' title='bbox 488 3953 543 4031; x_wconf 84' lang='lat' dir='ltr'><strong>qui</strong></span> <span class='ocrx_word' id='word_1_644' title='bbox 564 3952 701 4017; x_wconf 83' lang='lat' dir='ltr'><strong>radicem</strong></span> <span class='ocrx_word' id='word_1_645' title='bbox 719 3954 755 4017; x_wconf 84' lang='lat' dir='ltr'><strong>ic</strong></span> <span class='ocrx_word' id='word_1_646' title='bbox 775 3953 844 4019; x_wconf 86' lang='lat' dir='ltr'><strong>Deo</strong></span> <span class='ocrx_word' id='word_1_647' title='bbox 865 3952 981 4018; x_wconf 65' lang='lat' dir='ltr'><strong>hobam.</strong></span> <span class='ocrx_word' id='word_1_648' title='bbox 1020 3953 1081 4019; x_wconf 78' lang='lat' dir='ltr'><strong>(lai</strong></span> <span class='ocrx_word' id='word_1_649' title='bbox 1130 3951 1459 4033; x_wconf 56' lang='lat' dir='ltr'><strong>emacim-iactantiam</strong></span> <span class='ocrx_word' id='word_1_650' title='bbox 1478 3951 1647 4020; x_wconf 70' lang='lat' dir='ltr'><strong>musam.</strong></span> <span class='ocrx_word' id='word_1_651' title='bbox 1684 3951 1846 4017; x_wconf 71' lang='lat' dir='ltr'><strong>Occisum</strong></span> <span class='ocrx_word' id='word_1_652' title='bbox 1862 3950 1941 4015; x_wconf 81' lang='lat' dir='ltr'><strong>alibi</strong></span> <span class='ocrx_word' id='word_1_653' title='bbox 1958 3950 2106 4032; x_wconf 73' lang='lat' dir='ltr'><strong>uictimas,</strong></span> 
     </span>
     <span class='ocr_line' id='line_1_43' title="bbox 103 4035 2107 4122; baseline 0 -21"><span class='ocrx_word' id='word_1_654' title='bbox 103 4039 250 4102; x_wconf 71' lang='lat' dir='ltr'><strong>comedit</strong></span> <span class='ocrx_word' id='word_1_655' title='bbox 270 4035 353 4102; x_wconf 79' lang='lat' dir='ltr'><strong>illud</strong></span> <span class='ocrx_word' id='word_1_656' title='bbox 374 4036 508 4101; x_wconf 75' lang='lat' dir='ltr'><strong>Iocasta</strong></span> <span class='ocrx_word' id='word_1_657' title='bbox 534 4036 566 4119; x_wconf 90' lang='grc'><strong>(1</strong></span> <span class='ocrx_word' id='word_1_658' title='bbox 592 4038 705 4102; x_wconf 93' lang='lat' dir='ltr'><strong>Ioann.</strong></span> <span class='ocrx_word' id='word_1_659' title='bbox 730 4042 758 4117; x_wconf 84' lang='lat'><strong>2,</strong></span> <span class='ocrx_word' id='word_1_660' title='bbox 786 4038 854 4122; x_wconf 88' lang='lat'>19).·</span> <span class='ocrx_word' id='word_1_661' title='bbox 880 4040 911 4105; x_wconf 81' lang='lat' dir='ltr'><strong>si</strong></span> <span class='ocrx_word' id='word_1_662' title='bbox 932 4061 971 4104; x_wconf 80' lang='grc' dir='ltr'><strong>ιι</strong></span> <span class='ocrx_word' id='word_1_663' title='bbox 992 4039 1080 4104; x_wconf 60' lang='lat' dir='ltr'><strong>archs</strong></span> <span class='ocrx_word' id='word_1_664' title='bbox 1131 4056 1217 4117; x_wconf 76' lang='lat' dir='ltr'><strong>speia</strong></span> <span class='ocrx_word' id='word_1_665' title='bbox 1239 4040 1376 4102; x_wconf 68' lang='lat' dir='ltr'><strong>costam</strong></span> <span class='ocrx_word' id='word_1_666' title='bbox 1397 4035 1596 4115; x_wconf 75' lang='lat' dir='ltr'><strong>infuturum</strong></span> <span class='ocrx_word' id='word_1_667' title='bbox 1617 4042 1736 4118; x_wconf 69' lang='lat' dir='ltr'><strong>temptes</strong></span> <span class='ocrx_word' id='word_1_668' title='bbox 1753 4037 1886 4115; x_wconf 64' lang='lat' dir='ltr'><strong>emendi,</strong></span> <span class='ocrx_word' id='word_1_669' title='bbox 1908 4037 2003 4102; x_wconf 71' lang='lat' dir='ltr'><strong>diam</strong></span> <span class='ocrx_word' id='word_1_670' title='bbox 2019 4038 2107 4102; x_wconf 81' lang='lat' dir='ltr'><strong>citro</strong></span> 
     </span>
     <span class='ocr_line' id='line_1_44' title="bbox 102 4120 2106 4208; baseline 0 -22"><span class='ocrx_word' id='word_1_671' title='bbox 102 4122 245 4203; x_wconf 69' lang='lat' dir='ltr'><strong>scisset,</strong></span> <span class='ocrx_word' id='word_1_672' title='bbox 262 4144 325 4187; x_wconf 77' lang='lat' dir='ltr'><strong>nors</strong></span> <span class='ocrx_word' id='word_1_673' title='bbox 340 4124 488 4189; x_wconf 72' lang='lat' dir='ltr'><strong>enitescat</strong></span> <span class='ocrx_word' id='word_1_674' title='bbox 502 4124 608 4204; x_wconf 79' lang='lat' dir='ltr'><strong>atique</strong></span> <span class='ocrx_word' id='word_1_675' title='bbox 623 4145 645 4188; x_wconf 87' lang='lat' dir='ltr'><strong>a</strong></span> <span class='ocrx_word' id='word_1_676' title='bbox 659 4124 753 4189; x_wconf 72' lang='lat' dir='ltr'><strong>ece.</strong></span> <span class='ocrx_word' id='word_1_677' title='bbox 782 4125 867 4191; x_wconf 81' lang='lat' dir='ltr'><strong>Hinc</strong></span> <span class='ocrx_word' id='word_1_678' title='bbox 883 4126 978 4191; x_wconf 87' lang='lat' dir='ltr'><strong>etiam</strong></span> <span class='ocrx_word' id='word_1_679' title='bbox 993 4145 1079 4208; x_wconf 75' lang='lat' dir='ltr'><strong>moq-</strong></span> <span class='ocrx_word' id='word_1_680' title='bbox 1131 4128 1272 4200; x_wconf 75' lang='grc' dir='ltr'>ιιονιιηι,</span> <span class='ocrx_word' id='word_1_681' title='bbox 1306 4140 1359 4184; x_wconf 82' lang='lat' dir='ltr'><strong>cco</strong></span> <span class='ocrx_word' id='word_1_682' title='bbox 1391 4120 1563 4201; x_wconf 79' lang='lat' dir='ltr'><strong>quidquam</strong></span> <span class='ocrx_word' id='word_1_683' title='bbox 1595 4124 1698 4204; x_wconf 61' lang='lat' dir='ltr'><strong>mauis</strong></span> <span class='ocrx_word' id='word_1_684' title='bbox 1729 4123 1920 4187; x_wconf 65' lang='lat' dir='ltr'><strong>contorium</strong></span> <span class='ocrx_word' id='word_1_685' title='bbox 1946 4142 2012 4188; x_wconf 82' lang='lat' dir='ltr'><strong>esse</strong></span> <span class='ocrx_word' id='word_1_686' title='bbox 2037 4123 2106 4188; x_wconf 80' lang='lat' dir='ltr'><strong>cius</strong></span> 
     </span>
     <span class='ocr_line' id='line_1_45' title="bbox 104 4204 2054 4292; baseline 0 -21"><span class='ocrx_word' id='word_1_687' title='bbox 104 4208 200 4288; x_wconf 76' lang='lat' dir='ltr'><strong>aificc</strong></span> <span class='ocrx_word' id='word_1_688' title='bbox 218 4209 317 4274; x_wconf 78' lang='lat' dir='ltr'><strong>Pasti</strong></span> <span class='ocrx_word' id='word_1_689' title='bbox 332 4210 479 4292; x_wconf 76' lang='lat' dir='ltr'><strong>plcriatic</strong></span> <span class='ocrx_word' id='word_1_690' title='bbox 495 4214 600 4273; x_wconf 78' lang='lat' dir='ltr'><strong>contro</strong></span> <span class='ocrx_word' id='word_1_691' title='bbox 616 4205 713 4273; x_wconf 78' lang='lat' dir='ltr'><strong>citam</strong></span> <span class='ocrx_word' id='word_1_692' title='bbox 731 4215 759 4274; x_wconf 84' lang='lat' dir='ltr'><strong>et</strong></span> <span class='ocrx_word' id='word_1_693' title='bbox 778 4217 914 4290; x_wconf 64' lang='lat' dir='ltr'><strong>menen,</strong></span> <span class='ocrx_word' id='word_1_694' title='bbox 930 4231 1080 4292; x_wconf 68' lang='lat' dir='ltr'><strong>promea·</strong></span> <span class='ocrx_word' id='word_1_695' title='bbox 1131 4213 1265 4274; x_wconf 81' lang='lat' dir='ltr'><strong>caturae</strong></span> <span class='ocrx_word' id='word_1_696' title='bbox 1285 4226 1380 4287; x_wconf 81' lang='lat' dir='ltr'><strong>quam</strong></span> <span class='ocrx_word' id='word_1_697' title='bbox 1402 4204 1556 4287; x_wconf 62' lang='lat' dir='ltr'><strong>accipere</strong></span> <span class='ocrx_word' id='word_1_698' title='bbox 1577 4208 1654 4288; x_wconf 83' lang='lat' dir='ltr'><strong>qaid</strong></span> <span class='ocrx_word' id='word_1_699' title='bbox 1674 4209 1712 4273; x_wconf 84' lang='lat' dir='ltr'><strong>de</strong></span> <span class='ocrx_word' id='word_1_700' title='bbox 1730 4209 1817 4273; x_wconf 66' lang='lat' dir='ltr'><strong>actu</strong></span> <span class='ocrx_word' id='word_1_701' title='bbox 1836 4208 1985 4289; x_wconf 70' lang='lat' dir='ltr'><strong>sutirum</strong></span> <span class='ocrx_word' id='word_1_702' title='bbox 2005 4209 2054 4272; x_wconf 87' lang='lat' dir='ltr'><strong>sit.</strong></span> 
     </span>
     <span class='ocr_line' id='line_1_46' title="bbox 105 4289 2105 4380; baseline -0.001 -24"><span class='ocrx_word' id='word_1_703' title='bbox 105 4294 152 4358; x_wconf 90' lang='lat' dir='ltr'><strong>tic</strong></span> <span class='ocrx_word' id='word_1_704' title='bbox 169 4296 321 4376; x_wconf 68' lang='lat' dir='ltr'><strong>afnima</strong></span> <span class='ocrx_word' id='word_1_705' title='bbox 337 4296 449 4380; x_wconf 82' lang='lat' dir='ltr'><strong>(Rom.</strong></span> <span class='ocrx_word' id='word_1_706' title='bbox 463 4299 491 4374; x_wconf 88' lang='lat'><strong>8,</strong></span> <span class='ocrx_word' id='word_1_707' title='bbox 506 4294 562 4378; x_wconf 86' lang='grc'><strong>38)</strong></span> <span class='ocrx_word' id='word_1_708' title='bbox 569 4318 578 4373; x_wconf 89' lang='grc'><em>;</em></span> <span class='ocrx_word' id='word_1_709' title='bbox 594 4296 822 4375; x_wconf 77' lang='lat' dir='ltr'><strong>quamindcac</strong></span> <span class='ocrx_word' id='word_1_710' title='bbox 830 4296 1080 4378; x_wconf 72' lang='lat' dir='ltr'><strong>peremerautice</strong></span> <span class='ocrx_word' id='word_1_711' title='bbox 1218 4298 1247 4358; x_wconf 88' lang='lat'><strong>8.</strong></span> <span class='ocrx_word' id='word_1_712' title='bbox 1282 4292 1350 4356; x_wconf 84' lang='lat' dir='ltr'><strong>Illa</strong></span> <span class='ocrx_word' id='word_1_713' title='bbox 1369 4289 1487 4356; x_wconf 75' lang='lat' dir='ltr'><strong>Glcristi</strong></span> <span class='ocrx_word' id='word_1_714' title='bbox 1508 4293 1658 4357; x_wconf 62' lang='lat' dir='ltr'><strong>sectetis</strong></span> <span class='ocrx_word' id='word_1_715' title='bbox 1680 4293 1721 4358; x_wconf 89' lang='lat' dir='ltr'><strong>de</strong></span> <span class='ocrx_word' id='word_1_716' title='bbox 1742 4294 1855 4360; x_wconf 91' lang='lat' dir='ltr'><strong>multis</strong></span> <span class='ocrx_word' id='word_1_717' title='bbox 1871 4296 2002 4374; x_wconf 83' lang='grc' dir='ltr'>ιοιιιιι,</span> <span class='ocrx_word' id='word_1_718' title='bbox 2024 4312 2105 4376; x_wconf 93' lang='lat' dir='ltr'><strong>pau-</strong></span> 
     </span>
     <span class='ocr_line' id='line_1_47' title="bbox 104 4376 2106 4464; baseline -0.001 -19"><span class='ocrx_word' id='word_1_719' title='bbox 104 4378 274 4459; x_wconf 77' lang='lat' dir='ltr'><strong>facdctcm</strong></span> <span class='ocrx_word' id='word_1_720' title='bbox 295 4402 360 4447; x_wconf 82' lang='lat' dir='ltr'><strong>esse</strong></span> <span class='ocrx_word' id='word_1_721' title='bbox 381 4386 501 4463; x_wconf 78' lang='lat' dir='ltr'><strong>oportet</strong></span> <span class='ocrx_word' id='word_1_722' title='bbox 547 4381 612 4445; x_wconf 86' lang='lat' dir='ltr'><strong>Nec</strong></span> <span class='ocrx_word' id='word_1_723' title='bbox 634 4379 761 4444; x_wconf 74' lang='lat' dir='ltr'><strong>dubium</strong></span> <span class='ocrx_word' id='word_1_724' title='bbox 782 4387 827 4446; x_wconf 85' lang='lat' dir='ltr'><strong>est</strong></span> <span class='ocrx_word' id='word_1_725' title='bbox 846 4384 923 4462; x_wconf 78' lang='lat' dir='ltr'><strong>qaia</strong></span> <span class='ocrx_word' id='word_1_726' title='bbox 944 4384 987 4448; x_wconf 83' lang='lat' dir='ltr'><strong>cd</strong></span> <span class='ocrx_word' id='word_1_727' title='bbox 1007 4383 1080 4447; x_wconf 84' lang='lat' dir='ltr'><strong>elec</strong></span> <span class='ocrx_word' id='word_1_728' title='bbox 1131 4381 1177 4445; x_wconf 90' lang='lat' dir='ltr'><strong>cis</strong></span> <span class='ocrx_word' id='word_1_729' title='bbox 1200 4386 1311 4444; x_wconf 90' lang='lat' dir='ltr'><strong>autem</strong></span> <span class='ocrx_word' id='word_1_730' title='bbox 1331 4377 1441 4441; x_wconf 87' lang='lat' dir='ltr'><strong>electis</strong></span> <span class='ocrx_word' id='word_1_731' title='bbox 1468 4376 1603 4461; x_wconf 87' lang='lat' dir='ltr'><strong>(Matth.</strong></span> <span class='ocrx_word' id='word_1_732' title='bbox 1628 4383 1678 4458; x_wconf 92' lang='grc'><strong>22,</strong></span> <span class='ocrx_word' id='word_1_733' title='bbox 1706 4380 1774 4464; x_wconf 88' lang='grc'><strong>14),</strong></span> <span class='ocrx_word' id='word_1_734' title='bbox 1801 4382 1941 4463; x_wconf 89' lang='lat' dir='ltr'><strong>pessime</strong></span> <span class='ocrx_word' id='word_1_735' title='bbox 1967 4383 2002 4444; x_wconf 91' lang='lat' dir='ltr'><strong>in</strong></span> <span class='ocrx_word' id='word_1_736' title='bbox 2030 4397 2106 4443; x_wconf 90' lang='lat' dir='ltr'><strong>eum</strong></span> 
     </span>
     <span class='ocr_line' id='line_1_48' title="bbox 105 4463 2106 4549; baseline -0.001 -19"><span class='ocrx_word' id='word_1_737' title='bbox 105 4469 151 4530; x_wconf 84' lang='lat' dir='ltr'><strong>tos</strong></span> <span class='ocrx_word' id='word_1_738' title='bbox 171 4486 276 4533; x_wconf 72' lang='lat' dir='ltr'><strong>maes</strong></span> <span class='ocrx_word' id='word_1_739' title='bbox 292 4469 473 4533; x_wconf 69' lang='lat' dir='ltr'><strong>sistentiam</strong></span> <span class='ocrx_word' id='word_1_740' title='bbox 490 4467 569 4531; x_wconf 79' lang='lat' dir='ltr'><strong>boae</strong></span> <span class='ocrx_word' id='word_1_741' title='bbox 586 4467 711 4549; x_wconf 75' lang='lat' dir='ltr'><strong>diripui.</strong></span> <span class='ocrx_word' id='word_1_742' title='bbox 745 4466 836 4530; x_wconf 82' lang='lat' dir='ltr'><strong>Alibi</strong></span> <span class='ocrx_word' id='word_1_743' title='bbox 852 4469 934 4532; x_wconf 81' lang='lat' dir='ltr'><strong>idea</strong></span> <span class='ocrx_word' id='word_1_744' title='bbox 954 4468 1080 4534; x_wconf 79' lang='lat' dir='ltr'><strong>Pactus</strong></span> <span class='ocrx_word' id='word_1_745' title='bbox 1131 4465 1265 4529; x_wconf 92' lang='lat' dir='ltr'><strong>modum</strong></span> <span class='ocrx_word' id='word_1_746' title='bbox 1287 4463 1454 4545; x_wconf 86' lang='lat' dir='ltr'><strong>accipitur.</strong></span> <span class='ocrx_word' id='word_1_747' title='bbox 1500 4464 1593 4528; x_wconf 81' lang='lat' dir='ltr'><strong>Niiit</strong></span> <span class='ocrx_word' id='word_1_748' title='bbox 1619 4466 1678 4529; x_wconf 83' lang='lat' dir='ltr'><strong>erit</strong></span> <span class='ocrx_word' id='word_1_749' title='bbox 1704 4465 1885 4549; x_wconf 63' lang='lat' dir='ltr'><strong>wshpumc</strong></span> <span class='ocrx_word' id='word_1_750' title='bbox 1911 4468 1942 4532; x_wconf 86' lang='lat' dir='ltr'><strong>si</strong></span> <span class='ocrx_word' id='word_1_751' title='bbox 1969 4471 2106 4532; x_wconf 75' lang='grc' dir='ltr'>ιιιιιιιι</span> 
     </span>
     <span class='ocr_line' id='line_1_49' title="bbox 107 4549 2106 4639; baseline 0.001 -24"><span class='ocrx_word' id='word_1_752' title='bbox 107 4549 208 4634; x_wconf 86' lang='lat' dir='ltr'><strong>(Phil.</strong></span> <span class='ocrx_word' id='word_1_753' title='bbox 236 4553 326 4639; x_wconf 84' lang='lat' dir='ltr'><strong>1,e).·</strong></span> <span class='ocrx_word' id='word_1_754' title='bbox 354 4554 412 4635; x_wconf 84' lang='lat' dir='ltr'><strong>qui</strong></span> <span class='ocrx_word' id='word_1_755' title='bbox 431 4555 527 4635; x_wconf 80' lang='lat' dir='ltr'><strong>coepit</strong></span> <span class='ocrx_word' id='word_1_756' title='bbox 547 4553 582 4616; x_wconf 84' lang='lat' dir='ltr'><strong>ia</strong></span> <span class='ocrx_word' id='word_1_757' title='bbox 601 4552 688 4617; x_wconf 75' lang='lat' dir='ltr'><strong>cobis</strong></span> <span class='ocrx_word' id='word_1_758' title='bbox 709 4571 786 4631; x_wconf 81' lang='lat' dir='ltr'><strong>epus</strong></span> <span class='ocrx_word' id='word_1_759' title='bbox 806 4553 925 4633; x_wconf 71' lang='lat' dir='ltr'><strong>imma,</strong></span> <span class='ocrx_word' id='word_1_760' title='bbox 941 4555 1081 4635; x_wconf 65' lang='lat' dir='ltr'><strong>perficiet</strong></span> <span class='ocrx_word' id='word_1_761' title='bbox 1131 4551 1212 4632; x_wconf 82' lang='lat' dir='ltr'><strong>quod</strong></span> <span class='ocrx_word' id='word_1_762' title='bbox 1244 4551 1327 4615; x_wconf 84' lang='lat' dir='ltr'><strong>debet</strong></span> <span class='ocrx_word' id='word_1_763' title='bbox 1358 4569 1396 4613; x_wconf 82' lang='lat' dir='ltr'><strong>ea</strong></span> <span class='ocrx_word' id='word_1_764' title='bbox 1428 4550 1643 4630; x_wconf 65' lang='lat' dir='ltr'><strong>apiariis</strong></span> <span class='ocrx_word' id='word_1_765' title='bbox 1674 4553 1805 4633; x_wconf 61' lang='lat' dir='ltr'><strong>liquere</strong></span> <span class='ocrx_word' id='word_1_766' title='bbox 1840 4551 2003 4636; x_wconf 91' lang='lat' dir='ltr'><strong>duplicem</strong></span> <span class='ocrx_word' id='word_1_767' title='bbox 2035 4568 2106 4616; x_wconf 85' lang='lat' dir='ltr'><strong>esse</strong></span> 
     </span>
     <span class='ocr_line' id='line_1_50' title="bbox 105 4635 2105 4720; baseline 0.001 -20"><span class='ocrx_word' id='word_1_768' title='bbox 105 4655 202 4718; x_wconf 78' lang='lat' dir='ltr'><strong>usqae</strong></span> <span class='ocrx_word' id='word_1_769' title='bbox 228 4639 264 4702; x_wconf 83' lang='lat' dir='ltr'><strong>ia</strong></span> <span class='ocrx_word' id='word_1_770' title='bbox 290 4640 373 4704; x_wconf 83' lang='lat' dir='ltr'><strong>diem</strong></span> <span class='ocrx_word' id='word_1_771' title='bbox 404 4637 530 4704; x_wconf 75' lang='lat' dir='ltr'><strong>Christi.</strong></span> <span class='ocrx_word' id='word_1_772' title='bbox 577 4637 678 4703; x_wconf 68' lang='lat' dir='ltr'><strong>Siniti</strong></span> <span class='ocrx_word' id='word_1_773' title='bbox 705 4637 799 4702; x_wconf 83' lang='lat' dir='ltr'><strong>stiam</strong></span> <span class='ocrx_word' id='word_1_774' title='bbox 826 4638 949 4718; x_wconf 84' lang='lat' dir='ltr'><strong>David,</strong></span> <span class='ocrx_word' id='word_1_775' title='bbox 982 4659 1080 4720; x_wconf 72' lang='lat' dir='ltr'><strong>quasa</strong></span> <span class='ocrx_word' id='word_1_776' title='bbox 1131 4636 1310 4703; x_wconf 84' lang='lat' dir='ltr'><strong>vocationis</strong></span> <span class='ocrx_word' id='word_1_777' title='bbox 1340 4635 1489 4716; x_wconf 88' lang='lat' dir='ltr'><strong>speciem.</strong></span> <span class='ocrx_word' id='word_1_778' title='bbox 1534 4637 1597 4702; x_wconf 79' lang='lat' dir='ltr'><strong>Est</strong></span> <span class='ocrx_word' id='word_1_779' title='bbox 1623 4639 1712 4703; x_wconf 91' lang='lat' dir='ltr'><strong>enim</strong></span> <span class='ocrx_word' id='word_1_780' title='bbox 1743 4638 1938 4705; x_wconf 83' lang='lat' dir='ltr'><strong>universalis</strong></span> <span class='ocrx_word' id='word_1_781' title='bbox 1969 4637 2105 4717; x_wconf 80' lang='lat' dir='ltr'><strong>vocatio,</strong></span> 
     </span>
     <span class='ocr_line' id='line_1_51' title="bbox 106 4721 2105 4808; baseline 0.002 -21"><span class='ocrx_word' id='word_1_782' title='bbox 106 4721 272 4789; x_wconf 68' lang='lat' dir='ltr'><strong>hbcsceret</strong></span> <span class='ocrx_word' id='word_1_783' title='bbox 293 4727 362 4789; x_wconf 83' lang='lat' dir='ltr'><strong>cias</strong></span> <span class='ocrx_word' id='word_1_784' title='bbox 381 4726 466 4807; x_wconf 75' lang='lat' dir='ltr'><strong>fides,</strong></span> <span class='ocrx_word' id='word_1_785' title='bbox 488 4727 523 4789; x_wconf 85' lang='lat' dir='ltr'><strong>ia</strong></span> <span class='ocrx_word' id='word_1_786' title='bbox 544 4725 623 4790; x_wconf 79' lang='lat' dir='ltr'><strong>hacc</strong></span> <span class='ocrx_word' id='word_1_787' title='bbox 641 4722 797 4805; x_wconf 56' lang='lat' dir='ltr'><strong>feturam</strong></span> <span class='ocrx_word' id='word_1_788' title='bbox 817 4725 954 4789; x_wconf 80' lang='lat' dir='ltr'><strong>recubuit</strong></span> <span class='ocrx_word' id='word_1_789' title='bbox 974 4725 1079 4808; x_wconf 84' lang='lat' dir='ltr'><strong>(Psal</strong></span> <span class='ocrx_word' id='word_1_790' title='bbox 1130 4745 1196 4806; x_wconf 91' lang='lat' dir='ltr'><strong>qua</strong></span> <span class='ocrx_word' id='word_1_791' title='bbox 1221 4743 1281 4804; x_wconf 89' lang='lat' dir='ltr'><strong>per</strong></span> <span class='ocrx_word' id='word_1_792' title='bbox 1308 4727 1478 4786; x_wconf 86' lang='lat' dir='ltr'><strong>externam</strong></span> <span class='ocrx_word' id='word_1_793' title='bbox 1504 4722 1597 4788; x_wconf 83' lang='lat' dir='ltr'><strong>verbi</strong></span> <span class='ocrx_word' id='word_1_794' title='bbox 1618 4722 1891 4806; x_wconf 88' lang='lat' dir='ltr'><strong>praedicationem</strong></span> <span class='ocrx_word' id='word_1_795' title='bbox 1912 4744 2026 4790; x_wconf 92' lang='lat' dir='ltr'><strong>omnes</strong></span> <span class='ocrx_word' id='word_1_796' title='bbox 2047 4744 2105 4807; x_wconf 90' lang='lat' dir='ltr'><strong>pa·</strong></span> 
     </span>
     <span class='ocr_line' id='line_1_52' title="bbox 110 4805 2105 4894; baseline 0.003 -25"><span class='ocrx_word' id='word_1_797' title='bbox 110 4811 180 4887; x_wconf 79' lang='lat'><strong>138,</strong></span> <span class='ocrx_word' id='word_1_798' title='bbox 199 4811 249 4894; x_wconf 88' lang='grc'><strong>8).·</strong></span> <span class='ocrx_word' id='word_1_799' title='bbox 269 4832 347 4893; x_wconf 79' lang='lat' dir='ltr'><strong>opas</strong></span> <span class='ocrx_word' id='word_1_800' title='bbox 363 4831 515 4877; x_wconf 74' lang='lat' dir='ltr'><strong>maasias</strong></span> <span class='ocrx_word' id='word_1_801' title='bbox 536 4816 665 4877; x_wconf 80' lang='lat' dir='ltr'><strong>tuarum</strong></span> <span class='ocrx_word' id='word_1_802' title='bbox 681 4830 742 4873; x_wconf 83' lang='lat' dir='ltr'><strong>cca</strong></span> <span class='ocrx_word' id='word_1_803' title='bbox 759 4808 886 4874; x_wconf 79' lang='grc' dir='ltr'>ιιιιινιι.</span> <span class='ocrx_word' id='word_1_804' title='bbox 920 4809 994 4875; x_wconf 85' lang='lat' dir='ltr'><strong>Iam</strong></span> <span class='ocrx_word' id='word_1_805' title='bbox 1010 4831 1079 4876; x_wconf 85' lang='lat' dir='ltr'><strong>vero</strong></span> <span class='ocrx_word' id='word_1_806' title='bbox 1130 4811 1211 4874; x_wconf 90' lang='lat' dir='ltr'><strong>riter</strong></span> <span class='ocrx_word' id='word_1_807' title='bbox 1232 4807 1274 4872; x_wconf 91' lang='lat' dir='ltr'><strong>ad</strong></span> <span class='ocrx_word' id='word_1_808' title='bbox 1296 4829 1331 4872; x_wconf 91' lang='grc' dir='ltr'><strong>ιι</strong></span> <span class='ocrx_word' id='word_1_809' title='bbox 1348 4805 1467 4871; x_wconf 83' lang='lat' dir='ltr'><strong>invitat</strong></span> <span class='ocrx_word' id='word_1_810' title='bbox 1482 4807 1583 4887; x_wconf 89' lang='lat' dir='ltr'><strong>Deus,</strong></span> <span class='ocrx_word' id='word_1_811' title='bbox 1607 4809 1707 4874; x_wconf 90' lang='lat' dir='ltr'><strong>etiam</strong></span> <span class='ocrx_word' id='word_1_812' title='bbox 1728 4811 1844 4894; x_wconf 88' lang='lat' dir='ltr'><strong>quibus</strong></span> <span class='ocrx_word' id='word_1_813' title='bbox 1867 4829 1941 4875; x_wconf 89' lang='lat' dir='ltr'><strong>eam</strong></span> <span class='ocrx_word' id='word_1_814' title='bbox 1961 4811 1998 4874; x_wconf 91' lang='lat' dir='ltr'><strong>in</strong></span> <span class='ocrx_word' id='word_1_815' title='bbox 2018 4830 2105 4875; x_wconf 89' lang='lat' dir='ltr'><strong>mor·</strong></span> 
     </span>
     <span class='ocr_line' id='line_1_53' title="bbox 106 4893 2106 4980; baseline 0.001 -20"><span class='ocrx_word' id='word_1_816' title='bbox 106 4913 203 4974; x_wconf 72' lang='lat' dir='ltr'><strong>neque</strong></span> <span class='ocrx_word' id='word_1_817' title='bbox 223 4895 277 4961; x_wconf 79' lang='lat' dir='ltr'><strong>boc</strong></span> <span class='ocrx_word' id='word_1_818' title='bbox 297 4897 427 4962; x_wconf 75' lang='lat' dir='ltr'><strong>dubim</strong></span> <span class='ocrx_word' id='word_1_819' title='bbox 449 4904 510 4977; x_wconf 88' lang='lat' dir='ltr'><strong>cst,</strong></span> <span class='ocrx_word' id='word_1_820' title='bbox 532 4918 629 4980; x_wconf 79' lang='lat' dir='ltr'><strong>quum</strong></span> <span class='ocrx_word' id='word_1_821' title='bbox 649 4901 718 4962; x_wconf 84' lang='lat' dir='ltr'><strong>crat</strong></span> <span class='ocrx_word' id='word_1_822' title='bbox 741 4893 885 4961; x_wconf 79' lang='lat' dir='ltr'><strong>Christus</strong></span> <span class='ocrx_word' id='word_1_823' title='bbox 898 4916 962 4975; x_wconf 76' lang='lat' dir='ltr'><strong>pro</strong></span> <span class='ocrx_word' id='word_1_824' title='bbox 983 4898 1080 4962; x_wconf 74' lang='lat' dir='ltr'><strong>maai·</strong></span> <span class='ocrx_word' id='word_1_825' title='bbox 1130 4897 1173 4960; x_wconf 91' lang='lat' dir='ltr'><strong>tis</strong></span> <span class='ocrx_word' id='word_1_826' title='bbox 1200 4894 1346 4971; x_wconf 88' lang='lat' dir='ltr'><strong>odorem,</strong></span> <span class='ocrx_word' id='word_1_827' title='bbox 1381 4898 1415 4956; x_wconf 90' lang='lat' dir='ltr'><strong>et</strong></span> <span class='ocrx_word' id='word_1_828' title='bbox 1442 4894 1601 4976; x_wconf 76' lang='lat' dir='ltr'><strong>gravioris</strong></span> <span class='ocrx_word' id='word_1_829' title='bbox 1628 4895 1906 4962; x_wconf 90' lang='lat' dir='ltr'><strong>condemnationis</strong></span> <span class='ocrx_word' id='word_1_830' title='bbox 1933 4896 2106 4962; x_wconf 85' lang='lat' dir='ltr'><strong>materiam</strong></span> 
     </span>
     <span class='ocr_line' id='line_1_54' title="bbox 105 4977 2105 5067; baseline 0.002 -23"><span class='ocrx_word' id='word_1_831' title='bbox 105 4979 164 5044; x_wconf 79' lang='grc' dir='ltr'><strong>ιιι</strong></span> <span class='ocrx_word' id='word_1_832' title='bbox 184 4981 291 5061; x_wconf 70' lang='lat' dir='ltr'><strong>eece,</strong></span> <span class='ocrx_word' id='word_1_833' title='bbox 314 4985 391 5064; x_wconf 81' lang='lat' dir='ltr'><strong>quic</strong></span> <span class='ocrx_word' id='word_1_834' title='bbox 412 4984 494 5049; x_wconf 78' lang='lat' dir='ltr'><strong>idea</strong></span> <span class='ocrx_word' id='word_1_835' title='bbox 514 4985 585 5050; x_wconf 81' lang='lat' dir='ltr'><strong>iltis</strong></span> <span class='ocrx_word' id='word_1_836' title='bbox 600 4988 744 5066; x_wconf 72' lang='lat' dir='ltr'><strong>pterim</strong></span> <span class='ocrx_word' id='word_1_837' title='bbox 764 4982 846 5065; x_wconf 81' lang='lat' dir='ltr'><strong>qaod</strong></span> <span class='ocrx_word' id='word_1_838' title='bbox 869 4980 961 5046; x_wconf 84' lang='lat' dir='ltr'><strong>Petro</strong></span> <span class='ocrx_word' id='word_1_839' title='bbox 982 4982 1078 5067; x_wconf 86' lang='lat' dir='ltr'><strong>(Luc.</strong></span> <span class='ocrx_word' id='word_1_840' title='bbox 1131 4979 1291 5064; x_wconf 84' lang='lat' dir='ltr'><strong>proponit.</strong></span> <span class='ocrx_word' id='word_1_841' title='bbox 1334 4977 1397 5042; x_wconf 76' lang='lat' dir='ltr'><strong>Itst</strong></span> <span class='ocrx_word' id='word_1_842' title='bbox 1429 4977 1532 5043; x_wconf 87' lang='lat' dir='ltr'><strong>altera</strong></span> <span class='ocrx_word' id='word_1_843' title='bbox 1561 4981 1726 5063; x_wconf 90' lang='lat' dir='ltr'><strong>specialis,</strong></span> <span class='ocrx_word' id='word_1_844' title='bbox 1759 5002 1824 5065; x_wconf 92' lang='lat' dir='ltr'><strong>qua</strong></span> <span class='ocrx_word' id='word_1_845' title='bbox 1856 4991 1896 5047; x_wconf 92' lang='lat' dir='ltr'><strong>ut</strong></span> <span class='ocrx_word' id='word_1_846' title='bbox 1926 4983 2105 5066; x_wconf 90' lang='lat' dir='ltr'><strong>plurimum</strong></span> 
     </span>
     <span class='ocr_line' id='line_1_55' title="bbox 106 5067 1080 5153; baseline 0.006 -24"><span class='ocrx_word' id='word_1_847' title='bbox 106 5068 156 5144; x_wconf 83' lang='lat'><strong>22,</strong></span> <span class='ocrx_word' id='word_1_848' title='bbox 182 5067 252 5153; x_wconf 89' lang='grc'><strong>32),</strong></span> <span class='ocrx_word' id='word_1_849' title='bbox 279 5075 315 5133; x_wconf 81' lang='lat' dir='ltr'><strong>ut</strong></span> <span class='ocrx_word' id='word_1_850' title='bbox 342 5089 504 5151; x_wconf 70' lang='lat' dir='ltr'><strong>cuiqam</strong></span> <span class='ocrx_word' id='word_1_851' title='bbox 530 5070 651 5151; x_wconf 65' lang='lat' dir='ltr'><strong>daiam</strong></span> <span class='ocrx_word' id='word_1_852' title='bbox 676 5070 756 5152; x_wconf 73' lang='lat' dir='ltr'><strong>fides</strong></span> <span class='ocrx_word' id='word_1_853' title='bbox 782 5089 894 5135; x_wconf 83' lang='lat' dir='ltr'><strong>eorum.</strong></span> <span class='ocrx_word' id='word_1_854' title='bbox 938 5067 993 5133; x_wconf 81' lang='lat' dir='ltr'><strong>Ec</strong></span> <span class='ocrx_word' id='word_1_855' title='bbox 1019 5090 1080 5151; x_wconf 82' lang='lat' dir='ltr'><strong>quo</strong></span> 
     </span>
    </p>

    <p class='ocr_par' dir='ltr' id='par_1_4' title="bbox 104 5151 1081 5238">
     <span class='ocr_line' id='line_1_56' title="bbox 104 5151 1081 5238; baseline 0.003 -21"><span class='ocrx_word' id='word_1_856' title='bbox 104 5151 256 5234; x_wconf 64' lang='lat' dir='ltr'><strong>elimatas,</strong></span> <span class='ocrx_word' id='word_1_857' title='bbox 279 5160 367 5219; x_wconf 71' lang='lat' dir='ltr'><strong>extro</strong></span> <span class='ocrx_word' id='word_1_858' title='bbox 383 5156 563 5238; x_wconf 70' lang='lat' dir='ltr'><strong>peculim</strong></span> <span class='ocrx_word' id='word_1_859' title='bbox 583 5156 760 5238; x_wconf 73' lang='lat' dir='ltr'><strong>defedioais</strong></span> <span class='ocrx_word' id='word_1_860' title='bbox 781 5175 854 5236; x_wconf 84' lang='lat' dir='ltr'><strong>csse,</strong></span> <span class='ocrx_word' id='word_1_861' title='bbox 876 5156 954 5237; x_wconf 80' lang='lat' dir='ltr'><strong>quic</strong></span> <span class='ocrx_word' id='word_1_862' title='bbox 975 5175 1081 5220; x_wconf 83' lang='lat' dir='ltr'><strong>eoram</strong></span> 
     </span>
    </p>

    <p class='ocr_par' dir='ltr' id='par_1_5' title="bbox 95 5240 1303 5325">
     <span class='ocr_line' id='line_1_57' title="bbox 95 5240 1303 5325; baseline -0.001 -22"><span class='ocrx_word' id='word_1_863' title='bbox 95 5240 214 5320; x_wconf 77' lang='lat' dir='ltr'><strong>pietati</strong></span> <span class='ocrx_word' id='word_1_864' title='bbox 237 5243 446 5306; x_wconf 66' lang='lat' dir='ltr'><strong>mutantium</strong></span> <span class='ocrx_word' id='word_1_865' title='bbox 455 5243 624 5322; x_wconf 75' lang='lat' dir='ltr'><strong>poiaaes</strong></span> <span class='ocrx_word' id='word_1_866' title='bbox 638 5242 727 5324; x_wconf 68' lang='lat' dir='ltr'><strong>filice</strong></span> <span class='ocrx_word' id='word_1_867' title='bbox 743 5241 813 5308; x_wconf 87' lang='lat' dir='ltr'><strong>Dei·</strong></span> <span class='ocrx_word' id='word_1_868' title='bbox 827 5242 987 5323; x_wconf 80' lang='lat' dir='ltr'><strong>repulscm</strong></span> <span class='ocrx_word' id='word_1_869' title='bbox 1004 5260 1080 5325; x_wconf 80' lang='lat' dir='ltr'><strong>pae-</strong></span> <span class='ocrx_word' id='word_1_870' title='bbox 1199 5253 1228 5318; x_wconf 86' lang='lat'><strong>1)</strong></span> <span class='ocrx_word' id='word_1_871' title='bbox 1250 5250 1303 5305; x_wconf 72' lang='lat' dir='ltr'><strong>Sic.</strong></span> 
     </span>
    </p>
   </div>
   <div class='ocr_carea' id='block_1_3' title="bbox 0 0 2340 5842">
    <p class='ocr_par' dir='ltr' id='par_1_6' title="bbox 0 0 2340 5842">
     <span class='ocr_line' id='line_1_58' title="bbox 0 0 2340 5842; baseline 0 0"><span class='ocrx_word' id='word_1_872' title='bbox 0 0 2340 5842; x_wconf 95' lang='lat' dir='ltr'><strong> </strong></span> 
     </span>
    </p>
   </div>
  </div>
 </body>
</html>
