4672 5842
164 287 225 350 991
811 278 1077 346 INSTITUTIO
1098 279 1205 345 ΗΕΒ.
1227 276 1408 345 casleu.
1435 279 1527 343 1559.
2116 279 2177 340 992

166 475 200 550 3,
232 470 275 553 5).
321 468 417 535 Unde
447 469 686 534 ratiocinantur
712 469 835 533 nemini
863 469 926 533 nisi
956 483 1070 532 earum
1093 490 1144 532 re·
1168 490 1172 569 q
1197 487 1326 550 semper
1347 465 1441 550 signo
1463 467 1590 548 praeire
1611 464 1724 529 velint
1762 464 1849 530 Nam
1867 473 1899 530 et
1917 465 2178 532 circumcisionis

164 579 239 621 rum
265 556 376 637 capaci
402 553 644 638 eonferendum.
696 552 765 619 Sed
786 556 875 618 euim
897 555 990 619 nobis
1013 574 1055 618 er
1087 554 1144 617 ad·
1196 554 1318 619 veritas
1340 551 1453 617 eedem
1475 552 1689 617 conscientiae
1712 551 1815 615 bonae
1836 552 2025 617 testimonio
2047 565 2177 617 consta·

164 661 258 707 verso
297 639 448 723 excipere
482 641 576 718 licet,
619 661 724 722 neque
757 640 1037 705 circumcisionem
1070 639 1144 705 aliis
1196 639 1259 704 bat.
1305 636 1449 718 Quodsi
1469 632 1650 702 necessario
1672 636 1867 719 praecedere
1888 637 2066 716 debuisset,
2092 660 2177 702 nun·

163 748 263 810 quam
286 729 487 810 regeneratis
509 727 610 792 fuisse
632 724 878 802 conserendam,
902 747 984 808 quae
1006 746 1143 808 regene·
1195 745 1294 806 quam
1332 725 1473 788 infantes
1511 722 1576 788 Dei
1615 722 1769 787 mandato
1805 724 1945 788 miscent
1984 724 2175 789 circumcisi.

162 813 325 878 rationem
351 811 554 895 designabat.
605 813 714 895 Atque
742 813 788 877 ita
817 812 882 877 Dei
911 813 1142 876 institutuma
1195 811 1323 875 Verum
1345 812 1412 890 ipse
1434 810 1535 873 bonae
1558 809 1775 874 conscientiae
1794 809 2019 875 testimonium
2035 811 2176 876 circum·

163 898 257 963 nobis
279 897 560 963 condemnabitur.
597 896 740 962 Proinde
764 897 949 981 (quodiam
972 897 1141 979 aliquoties
1194 896 1325 961 cisionis
1359 897 1489 960 veritati
1524 896 1655 961 subesse
1690 894 1885 973 ostendens,
1928 895 2028 961 simul
2064 907 2176 961 tamen

162 985 359 1067 attigimus),
388 1005 601 1066 quaecunque
624 983 665 1047 ad
693 983 973 1065 quatefaciendam
1002 984 1141 1048 circum·
1194 982 1397 1065 praecipiens
1424 981 1578 1063 parvulos
1609 981 1812 1059 circumcidi,
1841 1004 1881 1046 ea
1907 994 2001 1064 parte
2028 983 2066 1046 in
2089 983 2176 1048 futu·

163 1071 320 1135 cisionem
349 1078 543 1153 argumenta
564 1070 740 1147 inclinant,
770 1070 836 1134 vim
866 1069 991 1134 nullam
1019 1069 1141 1133 habent
1194 1090 1269 1132 rum
1298 1075 1427 1149 tempus
1454 1068 1732 1133 circumcisionem
1759 1069 1899 1132 conferri
1927 1069 2007 1133 satis
2041 1067 2175 1134 indicat.

162 1157 199 1220 in
220 1154 440 1241 oppugnando
458 1156 626 1238 baptismo.
664 1155 778 1237 Neque
792 1157 975 1232 elabuntur,
999 1157 1025 1219 si
1048 1155 1140 1219 dire-
1194 1152 1306 1234 Quare
1333 1153 1416 1217 nihil
1443 1153 1517 1234 plus
1544 1154 1579 1216 in
1606 1151 1870 1235 paedobaptismo
1897 1155 2084 1237 praesentis
2104 1156 2175 1220 effi-

161 1243 231 1308 rint
253 1249 375 1306 statum
395 1263 464 1306 esse
483 1241 575 1306 nobis
596 1262 633 1305 ae
651 1243 755 1305 fixum
777 1241 863 1324 quod
885 1243 947 1306 Dei
967 1241 1140 1305 autoritate
1193 1241 1299 1305 caciae
1330 1238 1562 1321 requirendum
1591 1248 1654 1316 est,
1684 1260 1782 1321 quam
1811 1250 1847 1303 ut
1874 1240 1987 1306 foedus
2009 1262 2088 1306 cum
2109 1242 2175 1306 illis

161 1339 252 1394 certo
274 1328 402 1404 nititur,
431 1327 561 1392 etianmi
589 1326 681 1391 nulla
709 1327 779 1391 eius
807 1327 890 1391 ratio
913 1336 1020 1392 exstet
1027 1350 1034 1403 ;
1056 1348 1140 1408 quae
1193 1325 1378 1389 aDomino
1401 1346 1592 1406 percussum
1623 1325 1775 1390 obfirmet
1796 1336 1830 1390 et
1851 1328 1984 1391 sanciat
2031 1327 2175 1410 Reliqua

163 1414 347 1480 reverentia
367 1434 470 1495 neque
489 1411 752 1495 paedobaptismo
771 1413 916 1489 debetur,
939 1434 1044 1495 neque
1067 1414 1139 1476 aliis
1193 1412 1263 1476 eius
1286 1412 1481 1476 sacramenti
1504 1412 1715 1495 significatio,
1738 1432 1800 1492 quo
1821 1422 1966 1494 tempore
1985 1413 2081 1478 Deus
2104 1415 2173 1496 ipse

161 1498 331 1572 similibus,
361 1520 444 1581 quac
466 1520 621 1581 expresso
644 1497 709 1563 Dei
730 1499 830 1564 verbo
859 1521 924 1563 non
947 1509 1025 1563 sunt
1047 1498 1139 1562 nohis
1193 1496 1382 1579 providerit,
1405 1505 1518 1578 postea
1539 1511 1767 1579 consequetur.

161 1582 398 1651 commendata:
445 1584 575 1667 quando
613 1585 675 1648 hoe
718 1583 906 1649 dilemmate
944 1584 1140 1668 deprehensi
1279 1586 1328 1646 22.
1375 1582 1548 1646 Neminem
1575 1585 1641 1647 iam
1669 1605 1738 1647 esse
1761 1592 1848 1664 pute,
1879 1585 1935 1665 qui
1956 1606 2025 1648 non
2048 1588 2173 1669 perspi-

161 1691 289 1754 scmper
323 1677 485 1735 tenentur.
529 1671 606 1735 ‘Aut
639 1671 726 1734 enim
759 1671 942 1753 legitimum
974 1670 1139 1753 nullisque
1192 1690 1252 1733 cue
1281 1677 1395 1733 cernat
1423 1690 1535 1732 omnes
1558 1670 1655 1734 huius
1681 1677 1777 1732 notae
1804 1670 1947 1735 meones
1970 1691 2081 1737 meras
2103 1695 2174 1738 esse

161 1755 286 1822 cavillis
316 1757 510 1834 obnoxium,
548 1765 605 1821 aut
632 1756 884 1838 reprehensione
913 1757 1048 1840 dignum
1077 1757 1140 1820 fuit
1191 1756 1372 1836 scripturae
1394 1755 1604 1820 inversiones.
1650 1753 1743 1835 Quae
1767 1770 1943 1836 supersunt
1971 1756 2025 1821 his
2048 1757 2173 1837 affines,

162 1839 202 1907 dc
234 1840 505 1907 circumcidendis
531 1843 710 1907 infantibus
739 1844 802 1906 Dei
831 1854 1049 1925 praeceptum.
1101 1839 1139 1906 Si
1192 1842 1314 1905 cursim
1347 1862 1590 1922 persequemur.
1646 1841 1855 1924 Baptismum
1894 1841 1928 1904 in
1962 1853 2173 1924 peccatorum

160 1927 244 1992 nihil
271 1927 385 1993 absoni
413 1950 472 1993 nec
499 1927 633 1993 absurdi
660 1929 695 1990 in
708 1928 780 1992 ’illo
807 1929 883 2004 ant,
914 1950 974 1993 nec
1005 1929 1040 1991 in
1062 1949 1138 2010 pae-
1191 1927 1417 1991 remissionem
1452 1926 1523 1989 dari
1556 1927 1722 1992 obiiciunt.
1772 1924 1869 2006 Quod
1896 1926 1953 1991 ubi
1982 1950 2173 1995 cencessum

162 2013 359 2096 dobaptismi
398 2013 624 2078 observatione
664 2013 831 2095 quidpiam
865 2013 998 2078 absurdi
1032 2014 1139 2078 notari
1192 2013 1310 2089 fuerit,
1351 2013 1532 2076 sententiae
1568 2023 1699 2077 nostrae
1734 2012 1863 2077 abunde
1901 2016 2171 2095 patrocinabitur.

160 2099 290 2182 poterit.
1190 2098 1384 2163 Peccatores
1406 2099 1494 2161 onim
1517 2120 1617 2180 quum
1641 2120 1823 2174 nascamur,
1847 2099 2040 2166 remissione
2062 2110 2096 2166 et
2118 2126 2172 2168 ve·

249 2187 299 2247 21.
344 2182 454 2264 Quam
477 2206 553 2250 vero
576 2192 736 2250 conantur
754 2184 814 2250 hoc
835 2186 906 2250 loco
929 2186 1060 2249 inurere
1083 2183 1139 2248 ab·
1191 2185 1248 2247 nia
1266 2186 1331 2248 iarn
1350 2205 1369 2247 a
1386 2184 1503 2248 matris
1523 2194 1614 2248 utero
1636 2206 1718 2267 opus
1740 2182 1907 2249 habemus.
1943 2186 2051 2250 Porro
2069 2211 2171 2270 quum

161 2269 330 2336 surditatis
364 2270 543 2348 maculam,
578 2272 624 2336 sic
659 2271 807 2335 eluimus.
858 2269 950 2351 Quos
983 2271 1139 2335 electione
1192 2290 1283 2351 spem
1305 2269 1546 2334 misericordiae
1568 2269 1644 2334 huic
1667 2270 1767 2334 aetati
1788 2292 1854 2333 non
1877 2270 2048 2353 praecidat
2069 2274 2169 2352 Deus,

161 2378 222 2422 sua
245 2356 399 2438 dignatus
429 2365 478 2420 est
504 2357 680 2433 Dominus,
704 2358 732 2420 si
760 2366 891 2441 accepto
919 2357 1138 2441 regeneratio·
1164 2366 1167 2449 )
1191 2355 1248 2419 sed
1271 2355 1380 2437 potius
1402 2363 1525 2420 certam
1547 2356 1653 2433 faciat,
1676 2379 1736 2422 cur
1758 2358 1891 2440 signum
1912 2378 1947 2421 re
1970 2357 2043 2441 ipsa
2065 2361 2169 2424 multo

162 2443 214 2506 nis
235 2443 337 2525 signo,
360 2444 524 2524 praesenti
548 2446 615 2507 vita
638 2450 715 2506 ante
734 2443 918 2527 demigrent
939 2464 1039 2525 quam
1061 2441 1139 2507 ado·
1164 2456 1166 2523 l
1191 2441 1329 2506 inferius
1365 2441 1647 2524 praeriperemus?
1699 2441 1811 2523 Quare
1845 2441 1934 2525 quod
1962 2445 1995 2507 in
2025 2467 2087 2509 nos
2122 2448 2169 2511 vi·

161 2526 317 2603 leverint,
354 2549 407 2592 eos
438 2529 559 2592 virtute
587 2528 638 2592 sui
665 2529 799 2611 spiritus
829 2529 922 2593 nobis
956 2530 1138 2609 incompre·
1191 2526 1287 2591 brare
1316 2527 1514 2604 moliuntur,
1538 2528 1600 2592 hoc
1623 2529 1669 2591 ita
1692 2538 1918 2611 retorquemus
1941 2530 1975 2593 in
1993 2553 2049 2595 eos
2070 2532 2168 2613 ipsos

162 2613 266 2678 hensa
294 2623 446 2692 renovat,
477 2636 540 2695 quo
561 2613 657 2677 modo
685 2614 839 2697 expedire
862 2615 949 2679 solus
971 2616 1040 2697 ipse
1062 2635 1137 2696 pro·
1190 2613 1328 2677 Parvuli
1351 2623 1560 2695 peccatorum
1583 2615 1772 2679 remissione
1800 2614 2018 2680 donantur:e
2058 2619 2168 2699 osig-

160 2699 260 2763 videt.
312 2697 348 2764 si
376 2698 590 2783 grandescere
623 2700 658 2763 in
685 2710 825 2764 rmtatem
857 2702 1041 2784 contingat,
1074 2722 1139 2782 qua
1190 2721 1233 2763 no
1268 2698 1420 2780 privandi
1457 2719 1523 2762 non
1550 2709 1635 2763 sunt.
1685 2701 1864 2765 Proferunt
1893 2700 2020 2765 simuli
2047 2701 2091 2764 ud
2121 2724 2165 2766 ex

161 2783 313 2867 baptismi
343 2787 516 2850 veritatem
544 2785 671 2850 edoceri
699 2796 833 2868 queant,
862 2786 939 2852 hinc
968 2786 1072 2869 magis
1097 2785 1138 2850 ad
1190 2785 1329 2866 epistola
1354 2784 1396 2848 ad
1422 2785 1586 2867 Ephesios
1608 2785 1658 2867 (ὁ,
1683 2786 1755 2870 26),
1784 2787 1990 2852 eeclesiama
2017 2786 2166 2852 Domino

161 2872 381 2936 renovationis
409 2871 557 2941 studium
579 2871 814 2950 accendentur,
843 2873 935 2938 cuius
960 2881 1080 2936 tessera
1103 2894 1137 2936 se
1190 2870 1384 2935 mundatam
1411 2870 1542 2936 lavaero
1570 2894 1673 2954 aquae
1701 2873 1737 2936 in
1765 2874 1864 2937 verbo
1887 2874 1981 2938 vitae.
2024 2870 2169 2954 Quoad

161 2978 182 3021 a
210 2958 317 3039 prima
344 2959 456 3021 statim
480 2958 620 3022 infantia
647 2957 782 3022 donatos
811 2980 882 3023 esse
906 2959 1047 3036 discent,
1075 2980 1137 3041 quo
1190 2978 1335 3021 errorem
1362 2977 1476 3020 eornm
1504 2958 1715 3022 evertendum
1744 2959 1827 3022 nihil
1857 2960 1967 3041 aptius
1993 2959 2090 3024 citari
2111 2981 2169 3042 po-

162 3063 235 3107 cam
263 3051 330 3106 toto
359 3045 446 3107 vitae
474 3042 613 3109 decursu
641 3044 886 3108 meditarentur.
932 3044 1057 3108 Eodem
1087 3067 1137 3108 re·
1163 3094 1166 3119 ,
1191 3053 1283 3107 terat
1329 3043 1415 3106 Nam
1437 3042 1513 3106 inde
1535 3045 1629 3108 nobis
1651 3045 1754 3108 facilis
1782 3047 1929 3111 nascitur
1955 3043 2170 3127 probatio:si

161 3128 288 3192 feratur
315 3127 400 3209 quod
424 3127 548 3193 duobus
572 3130 650 3195 locis
673 3129 797 3195 Paulus
820 3130 929 3209 docet,
958 3151 1017 3195 nos
1040 3130 1138 3194 Chri·
1163 3130 1166 3225 )
1190 3135 1346 3193 testatam
1373 3128 1536 3210 baptismo
1569 3130 1642 3194 vult
1675 3129 1829 3195 Christus
1856 3130 2077 3208 ablutionem,
2107 3154 2171 3214 qua

162 3221 212 3279 sto
235 3236 293 3296 per
320 3214 519 3296 baptismum
548 3216 739 3297 consepeliri
762 3216 873 3299 (Rom.
898 3225 933 3295 6,
956 3222 991 3294 4;
1015 3215 1083 3280 Col.
1109 3219 1137 3293 2,
1191 3215 1359 3280 ecclesiam
1396 3236 1490 3277 suam
1524 3215 1697 3294 emundat,
1732 3238 1874 3299 aequum
1907 3237 1974 3281 non
2002 3215 2109 3281 videri
2134 3228 2171 3281 ut

167 3299 229 3383 12).
280 3299 365 3363 Nam
394 3322 431 3364 co
460 3323 524 3365 non
552 3300 724 3384 intelligit,
752 3302 980 3384 consepultum
1005 3301 1138 3367 Christo
1192 3323 1250 3366 suo
1273 3301 1308 3364 in
1336 3299 1483 3381 parvulis
1501 3301 1687 3366 testimonio
1711 3312 1835 3380 careat,
1866 3303 1923 3384 qui
1951 3303 1986 3366 in
2015 3303 2170 3368 ecclesiae

161 3385 229 3450 iam
257 3387 349 3468 prius
377 3407 453 3449 eum
481 3407 552 3451 esse
580 3395 729 3470 oportere
752 3389 807 3470 qui
828 3387 988 3471 baptismo
1011 3389 1054 3451 sit
1075 3389 1154 3455 ini-,
1191 3398 1284 3469 parte
1306 3386 1377 3450 iure
1399 3396 1583 3462 censentur,
1601 3410 1702 3470 quum
1725 3388 1882 3453 haeredes
1904 3391 1999 3472 regni
2021 3390 2170 3456 coelestis

163 3470 295 3534 tiendus
302 3495 309 3548 ;
333 3471 390 3535 sed
413 3493 495 3553 quae
517 3472 678 3554 baptismo
699 3475 812 3538 subest
833 3472 990 3552 doctrina,
1014 3474 1138 3556 simpli·
1192 3472 1259 3537 sint
1279 3472 1467 3554 nuncupati.
1512 3472 1710 3539 Universum
1739 3475 1829 3539 enim
1849 3474 2022 3540 ecclesiam
2043 3475 2168 3540 Paulus

161 3555 244 3622 citer
271 3556 430 3635 declarat,
460 3557 556 3640 idque
584 3560 650 3622 iam
677 3558 863 3642 baptizatis3
896 3575 933 3624 ut
960 3581 1002 3624 ne
1032 3561 1138 3624 insani
1192 3558 1432 3640 complectitur,
1469 3559 1525 3623 ubi
1559 3557 1637 3625 dicit
1670 3561 1863 3626 mundatam
1894 3560 2028 3626 lavacro
2058 3583 2167 3644 aquae.

161 3641 293 3792 {pidem
313 3643 473 3726 baptismo
487 3646 616 3726 praeire
637 3667 678 3709 ex
696 3645 758 3711 hoc
780 3647 848 3711 loco
867 3647 1044 3730 pugnaturi
1062 3646 1137 3710 sint
1164 3694 1166 3707 .
1192 3644 1304 3709 Nihilo
1327 3644 1433 3708 secius
1461 3659 1494 3708 ct
1516 3666 1558 3709 ox
1586 3667 1624 3710 eo
1650 3647 1735 3728 quod
1758 3648 1835 3712 alibi
1858 3647 1937 3711 dicit
1958 3646 1992 3732 (l
2019 3647 2095 3713 Cor.
2124 3653 2167 3726 12,

244 3728 333 3794 hune
373 3727 506 3794 modum
541 3731 651 3796 Moses
690 3739 723 3795 et
760 3733 940 3815 prophetae
980 3732 1138 3815 populum
1195 3732 1258 3813 13),
1283 3751 1343 3794 nos
1365 3730 1400 3792 in
1423 3729 1549 3794 Christi
1576 3754 1694 3816 corpus
1721 3754 1780 3815 per
1801 3735 2003 3815 baptismum
2025 3756 2098 3799 esse
2119 3737 2167 3798 iu·

161 3813 389 3892 admonobant,
413 3815 490 3898 quid
513 3817 574 3881 sibi
597 3817 696 3882 vellet
717 3819 928 3896 circumcisio,
945 3838 1010 3899 qua
1028 3828 1137 3881 tamen
1191 3826 1310 3894 sertas,
1340 3816 1525 3898 colligimus
1550 3818 1708 3897 infantes,
1738 3841 1818 3901 quos
1840 3817 1998 3884 membris
2021 3822 2092 3885 suis
2112 3842 2167 3884 aa·

160 3899 305 3965 infantes
328 3903 448 3984 signati
477 3902 615 3967 fueramt.
661 3903 869 3968 Tantundem
892 3905 979 3969 valet
1000 3902 1085 3985 quod
1105 3914 1138 3967 et
1190 3914 1351 3979 numerat,
1375 3902 1588 3985 baptizandos
1609 3926 1694 3983 csse,
1724 3927 1764 3970 ne
1782 3926 1807 3969 a
1828 3927 1886 3969 suo
1908 3926 2045 3986 corpore
2067 3904 2166 3971 divel-

162 3984 291 4050 Galatis
320 3987 433 4052 scribit
459 3988 509 4073 (3,
534 3989 604 4070 27),
634 4012 688 4055 eos
717 3990 794 4054 dum
816 3988 974 4072 baptizati
995 3991 1137 4067 fuerrmt,
1190 3988 1309 4051 lantur.
1354 3987 1409 4051 En
1430 4010 1494 4070 quo
1520 3991 1644 4071 impetu
1673 4013 1749 4057 cum
1775 3998 1824 4057 tot
1850 3991 2014 4057 machinis
2036 3992 2073 4055 in
2093 3991 2168 4056 fidei

162 4068 334 4136 Christum
355 4072 510 4139 induisse.
555 4073 720 4154 Quorsum
740 4075 796 4139 id?
839 4076 966 4158 Nempe
987 4085 1024 4139 ut
1041 4074 1138 4139 Chri·
1191 4086 1321 4138 ncstrae
1343 4074 1506 4155 praesidia
1528 4076 1775 4157 impressionem
1796 4078 1926 4142 faciant

164 4159 269 4222 stein
297 4166 464 4240 posterum
487 4161 651 4238 viverent,
680 4164 757 4243 quie
786 4184 844 4226 noa
866 4172 942 4226 ante
969 4162 1136 4227 vixissent.
1279 4163 1329 4222 23,
1384 4160 1456 4223 Iam
1489 4160 1531 4224 ad
1564 4163 1684 4227 saeculi
1717 4163 1883 4245 apostilici
1915 4164 2040 4245 praxin
2072 4170 2168 4246 atque

161 4243 208 4307 Et
231 4265 416 4327 quanquam
438 4247 473 4309 in
496 4256 576 4310 natu
597 4247 826 4331 grandioribus
848 4248 996 4333 mysterii
1018 4247 1137 4311 inbelli·
1163 4282 1166 4363 1
1192 4245 1460 4309 consuetudinem
1486 4245 1704 4326 descendunt,
1740 4270 1804 4331 quo
1830 4270 1942 4326 neme,
1979 4250 2046 4315 uisi
2073 4249 2169 4315 fidem

162 4331 308 4413 gentiam
342 4331 428 4414 sigui
461 4333 622 4415 susceptio
656 4336 808 4416 consequi
839 4333 948 4412 debet,
986 4333 1138 4416 parvulos
1192 4341 1268 4397 ante
1297 4333 1596 4415 poenitentiamque
1618 4335 1796 4416 professus,
1826 4335 1868 4399 ad
1888 4335 2094 4418 baptismum
2115 4336 2170 4400 ad·

162 4422 273 4480 tamen
296 4415 359 4481 alio
380 4416 449 4482 loco
473 4440 510 4483 ac
532 4440 668 4483 numero
690 4419 871 4498 habendos,
898 4443 975 4485 mex
997 4441 1138 4502 expone
1191 4419 1310 4482 missus
1332 4419 1540 4499 comperitur.
1584 4419 1672 4483 Nam
1700 4422 1756 4486 ubi
1778 4429 1914 4504 rogatur
1935 4422 2060 4488 Petrus
2083 4423 2169 4506 (Act

161 4507 226 4568 tur.
259 4501 328 4566 Nec
346 4502 435 4567 aliud
454 4503 664 4569 statuendum
683 4515 733 4571 est
751 4504 790 4569 de
808 4506 870 4570 loco
890 4506 976 4571 Petri
995 4506 1026 4589 (l
1048 4506 1137 4571 Petr.
1193 4507 1228 4581 2,
1254 4505 1309 4587 37)
1330 4502 1370 4566 ab
1392 4504 1432 4567 iis
1455 4505 1573 4587 quibus
1593 4516 1664 4569 erat
1684 4507 1896 4589 resipiscendi
1917 4507 2070 4586 animus,
2095 4508 2171 4591 quid

162 4589 196 4665 3,
221 4588 292 4671 21),
320 4589 357 4651 in
382 4610 447 4670 quc
475 4589 536 4653 sibi
564 4612 720 4673 magnum
750 4592 949 4674 praesidium
972 4599 1138 4668 statuunt;
1191 4591 1279 4654 factu
1301 4591 1344 4654 sit
1365 4611 1456 4672 opus,
1480 4601 1518 4654 ut
1547 4592 1780 4673 poenitentiam
1801 4594 1945 4676 primum
1968 4604 2075 4677 agant
2096 4616 2171 4659 cou-

160 4694 263 4755 quum
292 4675 379 4751 dicit,
410 4698 475 4738 non
506 4698 576 4741 esse
606 4678 806 4742 ablutionem
835 4678 876 4742 ad
905 4676 1139 4761 abstergendas
1192 4676 1285 4753 sulit,
1313 4675 1430 4740 deinde
1459 4688 1496 4741 ut
1520 4677 1730 4760 baptizentur
1751 4680 1786 4743 in
1807 4680 2036 4745 remissionem
2060 4685 2173 4764 pecca·

160 4760 304 4842 corporis
327 4760 448 4839 sordes,
470 4761 527 4827 scd
549 4763 651 4827 bonae
678 4766 895 4830 eonscientiae
917 4764 1139 4829 testimouimn
1191 4770 1308 4826 torum.
1345 4760 1506 4827 Similiter
1525 4764 1699 4847 Philippus
1722 4764 1810 4849 (Act
1830 4769 1859 4842 8,
1880 4765 1946 4848 37),
1966 4787 2073 4847 quum
2095 4769 2173 4851 bap·

160 4866 270 4910 eoram
288 4845 370 4922 Deo,
390 4869 448 4929 per
466 4848 591 4913 Christi
609 4852 888 4915 resurrectionem.
929 4847 1141 4915 Contendunt
1192 4848 1288 4912 tizari
1314 4849 1485 4914 eunuchus
1513 4850 1568 4914 ille
1594 4851 1789 4932 postularet,
1809 4851 1979 4934 respondit
2005 4852 2041 4917 id
2063 4855 2172 4932 licere,

160 4931 292 5012 quidem
333 4931 382 4995 illi
416 4954 457 4997 ex
490 4956 528 4999 eo
562 4934 645 4998 nihil
679 4936 943 5021 paedobaptismo
976 4935 1140 5018 reliquum
1191 4934 1287 4999 modo
1306 4944 1373 4997 toto
1395 4935 1491 4999 corde
1511 4935 1666 5001 crederet
1710 4936 1799 5001 Hinc
1821 4936 1884 5002 sibi
1905 4936 2057 5004 obtinere
2080 4961 2174 5024 posse

160 5016 247 5092 fleri,
278 5018 341 5082 nisi
363 5026 400 5082 ut
427 5021 537 5086 inanis
559 5021 603 5086 sit
624 5021 748 5100 fumum
775 5044 893 5106 nempe
915 5042 936 5086 a
956 5042 1019 5104 quo
1041 5020 1139 5106 longe
1192 5019 1363 5097 videntur,
1387 5021 1600 5103 baptismum,
1622 5022 1688 5086 nisi
1708 5030 1887 5105 praeeunte
1909 5023 1976 5089 fide
1997 5046 2038 5091 ae
2060 5029 2174 5110 poeni·

161 5103 302 5183 seposita
335 5103 379 5168 sit
417 5105 499 5171 haec
537 5107 669 5172 veritas.
725 5109 852 5173 Verum
883 5108 1140 5173 hallucinatione
1164 5120 1167 5173 ἐ
1193 5108 1303 5183 tentia,
1326 5108 1472 5187 cuquam
1493 5107 1626 5172 concedi
1647 5108 1782 5174 minime
1799 5109 1853 5191 sos
1874 5130 1948 5175 esse.
1978 5111 2174 5192 Enimvero,

160 5186 225 5251 ista
252 5185 431 5254 identidem
459 5205 611 5273 peccant,
642 5193 728 5275 quod
757 5216 827 5259 rem
848 5195 1003 5277 temporis
1026 5193 1139 5258 ordine
1164 5188 1168 5268 l
1192 5192 1221 5257 si
1244 5193 1319 5257 huic
1341 5194 1459 5256 rationi
1480 5193 1587 5258 locum
1611 5193 1736 5274 damus,
1759 5197 1849 5278 prior
1870 5195 1976 5276 locus,
2002 5199 2062 5264 ubi
2083 5200 2176 5266 nulla
