4672 5842
89 257 132 319 89
429 252 519 319 LIB.
543 252 570 317 Ι.
615 252 679 317 Du
701 251 988 318 COGNITIONE
1011 252 1095 319 DEI
1116 252 1389 320 OREATORIS.
1434 254 1533 320 CAP.
1555 255 1635 319 XII.
1659 246 1758 319 XIII.
2061 261 2103 322 90

90 444 169 528 quis
191 463 361 525 nunquam
383 451 451 507 tum
478 441 651 507 articulate
673 441 823 505 homines
848 442 938 511 inter
954 443 1018 506 Dei
1041 449 1074 506 et
1125 444 1215 519 enim,
1238 448 1272 506 ut
1292 448 1336 506 cst
1364 441 1693 524 incomprehensibilis,
1722 447 1838 507 terram
1859 465 1978 526 quoquc
1997 447 2104 527 ipsam

90 540 320 596 creaturarum
357 529 482 594 cultum
521 528 724 604 discernunt,
769 528 849 609 quin
889 528 1073 610 promiscue
1125 530 1244 609 implet,
1272 531 1348 608 auia
1376 533 1477 592 tamen
1503 535 1617 592 mentes
1643 535 1766 593 nostras
1786 551 1931 610 prosim
1957 532 2104 596 tarditate

91 617 297 680 unnsferunt
322 615 363 679 ed
384 622 568 679 creaturum
596 613 683 695 quod
704 623 776 677 erut
795 613 860 676 Dei
881 612 1071 696 proprium?
1126 615 1283 678 subsidere
1302 616 1337 678 in
1362 620 1447 677 terra
1468 616 1563 693 ridet,
1591 616 1713 692 merito,
1739 621 1773 677 ut
1790 617 1953 698 pipritiem
1975 622 2001 679 et
2023 618 2104 680 iner-

91 701 239 767 Proinde
261 701 290 765 si
311 700 463 765 volumus
492 721 595 764 unum
617 700 728 763 Deum
750 698 886 774 hebere,
916 700 1073 763 memine—
1126 701 1205 763 tiam
1237 702 1386 777 excutiet,
1425 721 1525 781 snpra
1557 702 1708 764 niuridum
1740 722 1797 765 nos
1828 702 1946 766 attollit.
2001 702 2104 783 Atque

91 789 198 852 rimus
220 808 264 850 ne
290 786 456 850 tantinum
484 784 616 867 quidem
643 806 684 848 ex
706 785 776 849 eius
803 786 907 868 gloria
928 784 1074 849 deliben·
1126 786 1198 848 hinc
1219 787 1350 849 concidit
1378 784 1636 850 Manichaeorum
1658 808 1757 864 error,
1785 789 1840 866 aeri
1862 789 1922 850 duo
1938 789 2105 868 principia

93 874 189 951 dum,
219 874 300 955 quin
321 874 449 936 rctirieat
477 871 563 953 quod
586 870 648 936 sibi
669 871 839 953 proprium
860 881 917 935 est.
963 870 1075 952 Inique
1126 872 1285 935 statuendo
1307 873 1464 936 diabolum
1482 872 1624 952 t'ereDeo
1638 894 1752 952 parem
1772 874 1917 953 fecerunt.
1954 871 2104 938 Certehoc

94 959 287 1034 Zacharias,
323 958 378 1021 ubi
415 959 452 1022 dc
483 957 624 1021 ecelesiae
655 959 848 1038 reparatione
880 957 1076 1021 cmrcionatnr
1125 957 1237 1038 feritet
1258 957 1322 1020 Dei
1343 959 1494 1022 diritatem
1515 959 1704 1038 abmrmpcre,
1727 964 1754 1021 et
1775 961 2104 1041 restrinpereimmcn-

92 1045 210 1197 ssach.
234 1044 657 1128 14,9),dr'serteer1m'nic
685 1064 745 1106 non
771 1044 859 1106 modo
885 1063 984 1106 unum
1009 1046 1075 1124 sore
1126 1044 1255 1107 sitalem.
1309 1043 1394 1111 Num
1433 1043 1519 1125 quod
1552 1043 1643 1107 abuti
1682 1045 1877 1108 testimoniis
1909 1045 2112 1127 quibusdam,

130 1152 216 1209 urm,
244 1131 299 1194 sed
326 1151 424 1193 unnim
451 1149 569 1210 qaoque
594 1129 661 1209 fore
688 1130 756 1192 cius
783 1149 907 1202 nornen·
940 1150 977 1193 nc
998 1129 1075 1211 quid
1128 1129 1198 1193 ausi
1221 1140 1308 1206 sunt,
1328 1131 1432 1211 turpis
1454 1130 1600 1193 uincitine
1618 1130 1694 1207 suin
1729 1131 1825 1217 sicuti
1848 1131 1917 1211 ipse
1938 1152 2028 1194 error
2046 1154 2103 1195 ex·

92 1217 209 1282 scilicet
229 1237 300 1281 curn
321 1215 414 1279 idolis
436 1235 592 1279 commune
614 1213 729 1278 habeat.
777 1215 905 1294 Qiralem
926 1235 995 1277 cero
1013 1214 1075 1277 cul
1127 1214 1293 1280 secrnbilis
1320 1216 1476 1279 insamae.
1522 1215 1881 1299 Anthropomorphitne
1904 1216 2018 1293 etiam,
2047 1219 2103 1298 qui

92 1309 161 1368 tum
186 1304 290 1386 eeipat
320 1301 424 1373 Deris,
459 1300 534 1364 alibi
559 1321 616 1364 sno
645 1301 751 1364 ordine
776 1300 937 1364 ridebitur.
989 1301 1075 1363 Nam
1126 1302 1237 1365 Deum
1270 1301 1460 1382 corporeum
1492 1323 1534 1365 ex
1561 1322 1598 1364 eo
1631 1312 1709 1365 sunt
1740 1303 1911 1383 imaginati
1944 1302 2029 1384 quod
2057 1324 2102 1380 os,
2135 1364 2140 1373 ,

93 1389 158 1472 lepe
178 1409 240 1453 sua
261 1388 356 1451 voluit
372 1386 584 1468 praescribere
605 1386 780 1450 haminibus
806 1388 883 1466 qnid
903 1387 956 1467 sas
977 1388 1019 1450 sit
1040 1406 1076 1449 ac
1127 1408 1235 1464 eures,
1265 1387 1389 1463 oculos,
1417 1409 1536 1451 manus
1570 1399 1601 1450 et
1626 1387 1724 1468 pedes
1754 1389 1915 1469 scripture
1937 1388 1985 1451 illi
2006 1410 2103 1471 saepe

95 1480 226 1554 rectum,
257 1480 285 1539 et
306 1474 374 1538 ideo
397 1473 438 1537 ad
466 1477 580 1536 certain
600 1493 741 1536 normam
761 1492 811 1536 eos
832 1474 1016 1554 astrinpere,
1039 1492 1076 1535 ne
1127 1473 1273 1549 ascribit,
1308 1473 1402 1537 liieile
1435 1474 1629 1537 refutantur.
1681 1471 1764 1552 Quis
1787 1474 1884 1550 enim,
1907 1473 1959 1537 vel
1986 1495 2104 1555 purum

92 1562 226 1644 6666666
254 1560 316 1624 sibi
337 1561 526 1640 permitteret
551 1558 665 1621 cultum
693 1557 851 1638 arruntibet
878 1559 1074 1621 comminisci.
1127 1559 1325 1641 ingeniosus,
1354 1580 1419 1622 non
1449 1559 1604 1641 intelligit
1629 1558 1737 1622 Deum
1765 1559 1812 1621 ite
1839 1558 2020 1637 nobiscum,
2045 1582 2105 1624 ceu

96 1647 160 1713 Sed
179 1647 257 1728 quia
278 1666 338 1709 non
359 1646 480 1726 expedit
507 1645 605 1707 multa
626 1644 778 1708 miscendo
799 1664 925 1707 onerare
946 1645 1074 1720 hetores,
1127 1645 1269 1709 nutrices
1292 1644 1399 1708 solent
1420 1667 1495 1710 cum
1516 1637 1705 1721 infinibus,
1729 1644 1966 1725 quodammodo
1989 1645 2104 1710 balbu-

87 1738 215 1816 partem
243 1732 333 1796 illurn
364 1732 499 1794 nendum
533 1732 655 1811 attineo.
701 1729 768 1793 Hoc
800 1733 897 1793 tencre
929 1730 1075 1810 sufficiat,
1127 1729 1212 1793 tire?
1257 1730 1400 1794 Proinde
1430 1731 1512 1794 tales
1541 1730 1695 1811 loquendi
1722 1731 1844 1793 formae
1872 1752 1938 1793 non
1968 1740 2036 1795 tum
2063 1731 2105 1795 ad

94 1839 294 1902 6666666666
311 1818 440 1899 pietatis
460 1817 563 1897 officia
583 1816 645 1879 alio
666 1818 898 1896 transferuntur
919 1836 1013 1896 quam
1034 1815 1076 1878 ad
1127 1815 1289 1897 liquidum
1311 1818 1501 1897 exiirimunt
1522 1816 1626 1897 qualis
1649 1817 1692 1880 sit
1710 1817 1811 1893 Beue,
1834 1837 1932 1897 quam
1954 1818 2024 1881 eius
2046 1838 2120 1880 n0··

92 1907 224 1970 unicum
235 1902 526 1984 Deum,sacrilcp'w
539 1922 722 1966 noncorcre.
746 1902 1076 1982 Acprimumquidem
1128 1902 1234 1964 titium
1256 1902 1410 1965 tenuitati
1432 1911 1562 1966 nostrae
1580 1901 1832 1966 accommodent.
1868 1899 1964 1980 Quod
1982 1911 2019 1965 ut
2037 1906 2103 1979 fiat,

93 1990 274 2073 superstitio
296 1990 418 2052 diuinos
439 1988 566 2052 honores
588 1987 632 2051 cel
659 1988 718 2050 soli
743 1993 770 2052 et
792 1988 868 2051 aliis
889 1987 1001 2064 stellis,
1030 1987 1076 2050 rel
1128 1987 1225 2069 longe
1247 1988 1332 2051 infru
1354 1989 1424 2051 eius
1446 1987 1653 2051 altitudinem
1674 1987 1869 2052 descendere
1892 2010 2022 2052 necesse
2045 1997 2102 2052 est

94 2077 189 2142 idolis
211 2076 355 2156 afrhrrrrit,¹
375 2074 485 2138 dcirtdc
506 2078 636 2153 sequuta
661 2078 704 2137 est
726 2073 865 2151 anibitio,
881 2065 976 2153 ’6666
997 2093 1077 2136 mor-
1217 2077 1245 2135 2.
1293 2072 1354 2137 Sed
1377 2074 1447 2138 alia
1474 2095 1591 2154 quoque
1617 2074 1747 2154 speciali
1768 2078 1854 2150 noto,
1875 2077 1938 2153 qua
1969 2075 2106 2154 propius

95 2163 172 2227 tales
199 2161 264 2226 Dei
291 2159 400 2241 spoliis
427 2160 564 2223 mirando
591 2160 744 2240 auridquid
771 2179 895 2222 socrum
924 2165 990 2222 crat
1001 2179 1077 2240 pro-
1123 2160 1225 2240 possit
1245 2160 1393 2240 dieresi—i,
1414 2181 1447 2223 sc
1460 2160 1619 2241 elesipriat;
1641 2180 1716 2223 narn
1738 2161 1785 2223 ito
1807 2180 1840 2222 sc
1855 2160 2021 2239 praedicat
2031 2162 2103 2223 uni

91 2249 208 2331 satiare
229 2268 311 2310 ausa
332 2250 385 2323 cst,
408 2250 435 2309 ct
457 2266 636 2325 quartanam
657 2245 758 2308 stabat
773 2246 969 2325 pniruipium
987 2246 1075 2322 illud,
1100 2309 1103 2319 ,
1128 2265 1296 2321 ceruicem,
1319 2250 1354 2308 nt
1383 2245 1523 2309 distincte
1552 2247 1585 2308 in
1614 2245 1714 2309 tribus
1735 2247 1883 2326 personis
1909 2246 2105 2309 consideran-

95 2335 190 2399 colerc
211 2353 367 2398 surnmum
390 2352 512 2408 666666,
539 2332 641 2413 peritis
662 2336 777 2409 mmet,
807 2331 927 2410 diisque
948 2332 1077 2394 minori·
1127 2332 1202 2394 dum
1226 2336 1393 2412 propalat,
1425 2351 1505 2410 qrras
1531 2333 1598 2394 nisi
1624 2337 1775 2408 terremus,
1806 2332 1926 2395 nndmn
1959 2336 1986 2394 et
2013 2333 2106 2395 inante

97 2420 164 2497 bus,
187 2424 241 2482 ont
260 2418 404 2482 heroibus
431 2420 563 2481 mortuis
583 2418 761 2498 promiscue
787 2417 944 2496 sacrificio
969 2418 1076 2497 offerre
1127 2418 1283 2481 duritaeat
1307 2415 1371 2479 Dei
1398 2437 1506 2480 nornen
1534 2418 1602 2480 sine
1623 2438 1694 2481 cero
1717 2416 1783 2482 Deo
1805 2419 1840 2480 in
1861 2415 1979 2479 cerebro
2001 2422 2105 2481 nostro

95 2527 159 2570 usne
179 2510 331 2587 receptum
347 2505 418 2585 fuit.
463 2503 552 2567 Adeo
579 2505 614 2567 in
642 2503 697 2566 hoc
718 2504 830 2566 vitium
852 2503 1005 2584 procliui-s
1032 2508 1077 2567 est
1127 2504 1242 2567 volitat.
1290 2502 1390 2566 Porro
1418 2525 1455 2566 ne
1483 2505 1554 2582 pir-is
1575 2503 1728 2583 tripolicern
1755 2502 1859 2566 Deum
1881 2503 2022 2580 somniet,
2051 2507 2106 2566 am

95 2593 213 2675 lapsus,
236 2596 271 2654 ut
291 2591 373 2671 quod
394 2589 455 2653 sibi
477 2591 533 2652 uni
551 2610 652 2654 serere
669 2590 806 2653 uindicat
823 2587 923 2667 Dens,
944 2609 1076 2653 commu-
1120 2594 1211 2669 putet
1236 2589 1336 2651 tribirs
1360 2591 1505 2668 personis
1539 2589 1673 2652 lacerari
1709 2589 1883 2670 simplicem
1909 2587 1973 2652 Dei
2005 2609 2104 2652 essen·
2152 2604 2155 2610 ·

92 2681 214 2744 nicetur
234 2697 304 2742 cum
325 2697 440 2760 maprni
460 2676 559 2739 turba.
1126 2677 1213 2751 tiam,
1241 2676 1417 2754 annuenda
1439 2673 1488 2737 hic
1510 2675 1596 2737 nobis
1617 2676 1676 2737 erit
1696 2675 1798 2738 breuis
1818 2680 1846 2738 ct
1866 2673 1974 2754 facilis
1996 2673 2104 2754 dchni

1126 2762 1169 2824 tio
1191 2781 1269 2840 quae
1291 2780 1346 2822 nos
1366 2760 1404 2823 ah
1425 2761 1509 2824 ornrii
1531 2781 1634 2825 errore
1655 2760 1806 2840 expediat.
1844 2758 2005 2823 bbeternm
2027 2760 2104 2839 quia

1125 2866 1225 2910 nocero
1240 2866 1394 2927 personae
1415 2846 1518 2910 odiose
1539 2847 1697 2927 ceap-itant
1717 2846 1861 2910 nonnulli
1884 2847 1977 2925 quasi
1994 2845 2103 2908 herma

425 2982 743 3067 onium-1>
1125 2931 2105 3098 66666666666666666

1125 3105 1294 3167 noniinans
1326 3104 1442 3185 (Hebr.
1467 3108 1497 3181 l,
1523 3105 1573 3186 3),
1606 3103 1692 3167 hanel
1723 3103 1815 3167 dubie
1853 3103 1993 3182 aliquam
2013 3103 2105 3182 patri

92 3128 276 3266 Umqwl
302 3129 388 3263 Dei
410 3137 637 3262 essenblam
667 3127 719 3206 ab
747 3155 790 3235 lp
793 3155 846 3260 sa,
863 3135 1072 3208 cremone
1125 3190 1356 3253 subsistentiam
1384 3190 1524 3271 assipnat
1551 3192 1585 3253 in
1607 3209 1669 3270 qna
1696 3190 1822 3270 differat
1849 3211 1870 3251 a
1895 3189 1972 3268 filio.
2017 3187 2105 3251 Nam

90 3251 206 3332 tradl
236 3280 280 3330 111
312 3261 544 3359 scrlptur18‚
576 3274 684 3356 quae
715 3257 803 3327 ἵΐθῦ
835 3276 878 3326 ln
910 3275 955 3328 86
976 3275 1073 3357 Pffl'·
1119 3296 1183 3355 pro
1211 3276 1343 3338 essentia
1370 3276 1505 3356 accipere
1538 3275 1645 3359 (sicuti
1676 3275 1813 3355 fecerunt
1846 3275 1976 3355 quidam
2008 3275 2103 3338 inter-

407 3397 530 3449 ⁸⁰¹¹a⁸
563 3366 760 3450 ⁰⁰¹¹fi¹³⁰l
1121 3362 1344 3510 hillidii
1359 3359 1634 3512 illitttt‘t
1647 3361 2103 3527 ltlttltlttaehtt

187 3540 223 3615 1.
261 3533 348 3613 Quod
368 3535 406 3598 dc
428 3536 580 3598 immensa
606 3539 634 3597 ct
662 3533 827 3614 spirituali
849 3532 913 3596 Dei
940 3534 1073 3596 essentia
1125 3533 1221 3608 modo,
1243 3533 1297 3596 sed
1318 3532 1491 3597 absurdum
1511 3470 1733 3613 areaquepesset.
1756 3532 1949 3612 Numanum
1969 3532 2103 3613 simplest

90 3621 234 3684 traditur
253 3619 289 3681 in
316 3620 496 3697 scriptume,
524 3641 585 3684 non
612 3621 702 3684 modo
730 3619 772 3682 od
799 3619 959 3682 metenda
986 3619 1073 3700 culpi
1125 3624 1153 3681 et
1174 3618 1342 3681 individuo
1369 3621 1413 3682 sit
1439 3621 1571 3682 essentia
1595 3619 1670 3695 Ilei,
1698 3619 1754 3700 qui
1780 3623 1874 3681 totam
1903 3619 1936 3681 in
1958 3638 1991 3681 se
2012 3617 2104 3680 eordi-

91 3706 224 3782 deliria,
258 3705 313 3767 sed
347 3706 441 3766 ctiam
468 3705 510 3768 ad
542 3705 907 3787 residondosprofunae
935 3704 1073 3785 philoso
1125 3709 1183 3780 net,
1201 3725 1298 3784 ireque
1309 3706 1453 3783 portione
1470 3710 1525 3768 aut
1542 3705 1671 3783 deficere,
1695 3706 1748 3768 sed
1771 3706 1892 3785 irrtepra
1907 3705 2104 3784 porrectione,

84 3792 187 3874 pliiae
209 3790 354 3872 arpntias
382 3790 481 3852 calere
502 3791 592 3854 debet.
638 3792 719 3855 Scite
741 3790 803 3854 sibi
830 3811 915 3856 urinis
936 3811 974 3853 eoo
997 3796 1072 3854 oete-
1123 3791 1302 3871 improprie,
1326 3792 1386 3854 imo
1408 3792 1506 3871 inepte
1527 3792 1645 3855 dicetur
1666 3792 1734 3854 eius
1756 3790 1922 3853 character.
1949 3789 2010 3852 Sed
2028 3789 2105 3868 qnia

89 3879 181 3942 ribus
199 3878 301 3941 dicere
322 3876 411 3939 risus
432 3880 483 3951 est,
507 3875 609 3940 Deum
627 3898 691 3941 esse
708 3877 863 3957 quidquid
882 3878 1025 3940 ridemus
1045 3882 1073 3940 et
1116 3882 1218 3956 pater,
1241 3878 1384 3956 quarnois
1403 3897 1463 3939 sua
1479 3879 1672 3956 proprietate
1700 3877 1874 3951 distinctus,
1901 3896 1933 3938 se
1954 3879 2049 3937 totuin
2070 3875 2105 3936 in

92 3964 248 4044 quidqu-id
275 3981 336 4026 non
363 3961 513 4024 oidmnus.
556 3962 657 4043 Atqui
683 3963 736 4026 hoc
762 3962 851 4026 modo
873 3964 909 4026 in
929 3964 1073 4044 stimulas
1121 3962 1189 4041 silio
1211 3964 1371 4042 expressit,
1394 3964 1510 4042 optim-a
1532 3964 1651 4026 ratione
1672 3963 1789 4027 dicitur
1809 3981 1901 4024 suam
1922 3960 2105 4041 lippostasin

92 4051 205 4113 mundi
221 4053 333 4131 partes
354 4048 549 4111 divinitatem
570 4050 763 4129 transfusam
784 4069 849 4112 csse
868 4048 971 4128 drmit.
1015 4049 1072 4111 Et·
1124 4048 1300 4112 reddidisse
1322 4050 1356 4111 in
1378 4070 1410 4111 eo
1437 4050 1642 4127 corispicuam.
1690 4048 1750 4112 Orci
1772 4052 1843 4126 apte
1865 4048 2002 4110 corruerit
2023 4045 2105 4127 arrad

92 4137 122 4198 si
146 4140 248 4199 anem
276 4134 379 4212 Deus,
402 4137 437 4196 ut
459 4126 515 4196 nbs
542 4130 577 4195 in
602 4134 761 4197 sobrietate
788 4136 952 4212 contineat,
976 4156 1072 4214 parce
1122 4155 1194 4197 mon
1216 4135 1361 4205 additur,
1384 4156 1449 4199 esse
1475 4135 1667 4214 splendorem
1688 4135 1815 4215 pieriae.
1863 4132 1949 4196 Certe
1970 4155 2008 4195 66
2030 4152 2103 4212 epo

93 4221 132 4284 dc
153 4242 214 4284 sua
235 4221 369 4283 essentia
391 4220 528 4295 disserit,
547 4218 667 4282 dnobus
688 4225 790 4283 tannen
811 4221 879 4284 illis
900 4242 979 4300 quae
999 4222 1072 4285 elini
1123 4221 1195 4283 stoli
1215 4221 1316 4282 verbi-s
1337 4221 1512 4302 collidimus
1529 4222 1696 4300 propriam
1714 4239 1778 4283 esse
1801 4220 1944 4299 inpetro
1962 4218 2103 4298 lupresta-

94 4307 234 4387 epithetis
256 4311 320 4369 tem
341 4325 470 4369 crassae
491 4305 732 4386 inrapinationcs
757 4307 838 4370 tollit
858 4327 953 4386 priam
973 4308 1071 4387 rcpri·
1123 4307 1175 4370 siri
1197 4326 1276 4385 6666
1298 4308 1332 4368 in
1352 4307 1420 4386 filio
1441 4306 1601 4386 refulpeat.
1655 4307 1741 4371 ibide
1762 4307 1855 4369 etiam-
1877 4324 1991 4367 rursus
2011 4301 2103 4383 tuelle

92 4393 152 4455 mit
173 4393 328 4455 66666666
349 4392 461 4455 meritis
488 4390 665 4453 audacium.
711 4391 798 4455 Nom
824 4399 900 4455 cente
925 4394 994 4456 eius
1014 4395 1072 4456 im
1124 4392 1246 4455 elicitur
1271 4391 1335 4470 tilii
1357 4392 1545 4471 lurpostasis,
1569 4414 1649 4472 quar
1677 4413 1746 4455 crim
1768 4413 1789 4452 6
1804 4395 1897 4471 pedro
1918 4390 2100 4469 distinpnat.

93 4479 245 4541 recensitas
264 4482 379 4541 terrere
400 4497 457 4540 nos
478 4477 575 4553 debet,
605 4496 643 4538 ne
665 4495 733 4538 6666
760 4496 853 4539 sensu
881 4483 984 4542 nostro
1012 4500 1072 4541 me
1124 4477 1245 4541 Eadem
1273 4479 1307 4540 in
1335 4479 1451 4557 spiritu
1479 4484 1583 4542 sarecto
1609 4480 1708 4556 ratio;
1741 4478 1816 4556 quoia
1847 4481 1875 4538 ct
1902 4473 2005 4536 [lenm
2038 4493 2103 4536 csse

93 4565 149 4627 tiri
172 4569 320 4627 tentemus
327 4587 336 4640 ,·
359 4563 537 4643 spiritualis
558 4582 628 4625 rcro
651 4566 766 4625 natura
788 4564 959 4642 quidquam
981 4565 1017 4627 dc
1039 4586 1071 4629 eo
1123 4565 1230 4627 statim
1245 4565 1457 4643 probabimus,
1480 4571 1507 4627 et
1528 4570 1630 4628 tamen
1651 4565 1752 4627 etlinun
1770 4566 1895 4640 epatre
1915 4560 2031 4622 cerrseri
2053 4579 2103 4621 ne-

92 4655 249 4713 terrenum
270 4655 326 4712 aut
347 4650 473 4714 carnale
494 4649 651 4728 speculari
677 4652 764 4711 octat.
809 4647 927 4712 Eodem
938 4651 1073 4730 pertinet
1124 4669 1204 4714 cesse
1236 4655 1287 4713 est.
1337 4650 1425 4714 Hau
1450 4671 1547 4730 porro
1586 4651 1742 4712 distinctio
1774 4668 1836 4710 non
1869 4651 1912 4709 est
1944 4646 2102 4722 essentiae,

92 4737 173 4816 qnod
194 4736 323 4815 saepius
342 4735 537 4800 domicilium
559 4734 621 4798 sibi
640 4736 676 4797 in
698 4733 776 4797 coelo
803 4735 955 4815 ossipnat.
997 4736 1072 4799 Etsi
1124 4756 1219 4817 qnam
1251 4736 1340 4816 intas
1373 4741 1417 4799 est
1448 4737 1550 4816 facere
1583 4735 1789 4814 nndtipliccrn.
1834 4731 1921 4815 Erpa
1953 4733 1982 4796 si
2008 4731 2104 4811 fidem

1124 4824 1233 4885 obtinet
1254 4822 1384 4901 apostoli
1406 4823 1621 4899 testimonium,
1644 4821 1785 4900 sequitur
1807 4824 1869 4882 tres
1892 4821 1926 4883 in
1948 4818 2015 4882 Deo
2038 4838 2103 4881 esse

1123 4908 1307 4989 hypostases.
1352 4908 1440 4972 Idem
1463 4929 1558 4989 aurem
1585 4907 1789 4989 represserint
1817 4905 1928 4969 Latini
1950 4924 2103 4987 personae

93 4973 191 5098 tame?
206 4973 1073 5111 fflffffiazffffiffiffiffissgsffi{0⁶52ss⁶33²&
1123 5014 1200 5071 oocc,
1223 4995 1316 5057 nini-ii
1340 4995 1467 5074 fastidii
1495 5000 1584 5073 onpnc
1615 4995 1707 5057 etiam
1729 4993 1924 5073 pervicaciae
1946 4996 1990 5055 cst
2010 4992 2048 5055 de
2069 5010 2103 5053 re

92 5113 241 5165 rurestria
258 5113 405 5178 renovatos,
422 5112 551 5180 plurimis
564 5112 675 5179 additis,
694 5114 993 5184 deniquequaeinfine
1005 5114 1071 5183 1666-
1124 5080 1210 5177 daha,
1239 5081 1353 5178 mli·
1378 5080 1436 5177 ‚Sl
1466 5080 1590 5144 verbum
1615 5081 1656 5178 ,de
1691 5078 1778 5144 vem
1806 5079 1975 5160 blandem
2002 5075 2101 5172 ihbssah

91 5183 193 5234 bantur
210 5180 249 5235 ad
265 5183 374 5235 menn
391 5181 523 5252 66169666
539 5187 566 5235 et
581 5183 637 5235 uice
653 5198 739 5235 ceren
1123 5167 1322 5231 subsistentia
1349 5167 1473 5231 dieder.
1523 5166 1621 5232 Mrdtr
1648 5168 1751 5231 codem
1778 5186 1869 5230 sensu
1897 5165 2101 5228 substanti-om
