4672 5842
123 288 188 351 626
310 288 400 353 LIB.
423 287 487 354 ΠΙ.
530 288 595 353 Dll
618 285 754 355 MODO
775 286 1125 369 PEROIPOENDAE
1146 288 1337 357 cumam
1358 289 1576 357 GRATIAE.
1621 289 1721 358 OAP.
1739 293 1838 360 XIX.
1858 293 1939 361 XX.
2064 299 2128 362 626

1149 486 1187 543 ut
1211 479 1297 562 quod
1324 479 1423 544 verbo
1452 479 1613 544 duntaxat
1641 483 1798 546 annuenti
1825 482 2035 548 crediderunt
2058 506 2126 550 non

461 528 613 595 CAPUT
634 526 753 612 XX·¹)
1149 565 1248 630 fuisse
1261 586 1391 643 vanum,
1410 565 1465 629 ubi
1484 566 1661 631 necessitas
1672 565 1719 630 ita
1730 567 1883 649 postulat,
1903 571 2124 651 experiantur.

121 669 189 750 De
221 670 422 776 oratione,
456 699 565 780 quae
596 670 870 782 praecipuum
901 687 968 753 est
998 671 1097 753 fidei
1149 651 1264 733 Iraque
1284 652 1380 748 nobis
1407 651 1546 733 proponi
1567 651 1652 715 nihil
1680 652 1831 752 videmus
1862 655 2046 720 aDonrino
2069 677 2127 722 ex·

1061 791 1068 807 .
1149 736 1375 818 spectandum,
1402 737 1489 819 quod
1510 756 1576 800 non
1598 745 1632 801 et
1652 739 1802 820 precrbus
1822 738 1993 804 rubeamur
2014 748 2126 823 postu·

121 788 383 899 exemitiuma
405 801 450 873 0¹³
471 820 555 901 qua
576 788 660 873 Dei
683 790 886 873 bffllssfissla
907 791 1096 902 qUOffidle
1148 822 1225 886 lare.
1270 822 1364 887 Adeo
1392 843 1508 886 verum
1536 830 1600 897 est,
1636 824 1781 888 oratione
1814 825 1910 889 effodi
1944 826 2125 907 thesauros,

478 912 744 1023 percipimus,
1148 929 1228 990 quos
1246 908 1415 991 evangelio
1433 908 1567 971 Domini
1589 907 1747 973 indicatos
1769 910 1850 975 fides
1870 919 1983 975 nestra
2004 912 2126 978 intuita

1148 994 1254 1058 fuerit.
1298 993 1372 1058 Iam
1389 1000 1586 1076 veroquam
1604 996 1789 1060 necessaria
1810 997 1853 1059 sit
1872 1005 1905 1058 et
1923 1004 2001 1078 quet
2017 996 2125 1063 modis
2248 1060 2250 1064 ,

210 1082 237 1140 l.
282 1078 335 1140 Ex
358 1078 515 1160 hisquae
538 1077 999 1160 hactenusdisputatasunt,
1029 1099 1096 1142 nen
1147 1079 1239 1144 utilis
1272 1080 1315 1144 sit
1347 1078 1499 1161 precandi
1532 1080 1737 1159 exercitatio,
1770 1081 1871 1146 nullis
1903 1082 2011 1147 verbis
2044 1084 2124 1148 satis

121 1164 259 1229 obscure
286 1164 514 1246 perspicimus,
538 1183 642 1246 quam
664 1165 707 1228 sit
728 1164 824 1227 horno
846 1164 1004 1228 benorum
1026 1184 1096 1227 om·
1147 1173 1254 1247 potest
1271 1165 1437 1247 explicari.
1471 1165 1545 1228 Non
1569 1164 1625 1229 abs
1648 1186 1684 1228 re
1707 1174 1756 1230 est
1778 1168 1922 1249 profecto
1945 1168 2030 1250 qued
2052 1190 2124 1234 coc-

120 1251 215 1314 nium
237 1269 360 1332 egenus
383 1271 420 1315 ac
442 1250 564 1329 inanis3
592 1255 692 1331 utque
713 1249 761 1313 illi
784 1250 894 1313 omnia
915 1248 1023 1313 desint
1043 1271 1095 1314 sa·
1147 1249 1239 1315 lestis
1266 1260 1358 1334 pater
1385 1252 1519 1316 unicum
1545 1251 1581 1314 in
1611 1252 1661 1314 sui
1682 1253 1824 1315 nominis
1846 1253 2049 1318 invocatione
2072 1276 2124 1320 sa·

119 1335 198 1400 lutis
220 1334 418 1401 adiumenta.
463 1334 574 1415 Quare
597 1336 625 1398 si
645 1334 808 1417 praesidia
830 1335 957 1418 quaerit
978 1334 1096 1417 quibus
1147 1336 1225 1401 lutis
1246 1335 1446 1419 praesidimn
1466 1357 1536 1401 esse
1558 1344 1713 1415 testatur,
1739 1358 1804 1420 qua
1825 1337 1948 1403 scilicet
1968 1361 2123 1423 praesen-

119 1423 248 1506 inepiae
269 1442 347 1485 suae
375 1429 558 1501 succurrat,
589 1429 683 1485 extra
710 1443 745 1486 se
772 1429 868 1486 exeat
894 1441 913 1484 e
937 1429 1034 1500 ortet‚
1063 1430 1096 1485 et
1147 1422 1227 1485 tiam
1249 1430 1282 1486 et
1304 1422 1527 1505 providentiae
1554 1423 1639 1500 eius,
1667 1444 1726 1504 per
1752 1443 1851 1505 quam
1879 1424 1977 1489 rebus
2002 1427 2124 1492 nestris

120 1507 252 1572 aliunde
274 1527 313 1570 ea
335 1506 396 1571 sibi
425 1514 598 1590 comparet.
644 1507 716 1572 Hoc
742 1516 856 1590 postea
877 1444 969 1571 nobis
992 1507 1095 1589 expli·
1147 1507 1301 1572 curandis
1324 1507 1495 1590 advigilat,
1527 1518 1560 1572 et
1581 1509 1722 1584 virtutis,
1750 1530 1809 1591 per
1835 1530 1934 1591 quam
1961 1533 2020 1576 nos
2048 1534 2121 1577 sus·

119 1604 229 1658 catum
258 1601 322 1672 est,
359 1594 540 1663 Dominum
567 1614 637 1658 sese
672 1593 760 1657 ultre
789 1613 826 1658 ac
853 1592 1032 1658 liberaliter
1058 1593 1095 1657 in
1146 1593 1250 1657 tineat
1276 1593 1454 1659 imbecilles
1483 1599 1516 1656 et
1541 1615 1642 1675 prope
1665 1591 1868 1673 deficientes,
1896 1603 1929 1658 et
1956 1595 2121 1677 bonitatis,

118 1679 252 1745 christo
285 1699 344 1742 sue
377 1678 547 1758 exhibere,
582 1681 617 1742 in
649 1700 712 1762 quo
739 1701 808 1763 pro¹
825 1686 938 1743 nostra
964 1679 1096 1743 miseria
1147 1700 1205 1760 per
1232 1701 1330 1762 quam
1356 1680 1475 1744 misere
1503 1680 1644 1760 peccatis
1669 1688 1820 1746 oneratos
1843 1682 1879 1744 in
1907 1681 2048 1764 gratiam
2069 1704 2121 1747 re-

118 1786 251 1829 omnem
278 1764 482 1841 felicitatem,
517 1786 576 1847 pre
608 1775 722 1830 nestra
753 1765 864 1847 inopia
896 1764 1095 1846 opulentiam
1146 1765 1254 1846 cipiat,
1277 1763 1486 1830 advocamus:
1515 1785 1579 1846 qua
1601 1765 1738 1847 denique
1760 1775 1866 1830 totum
1886 1767 2003 1848 ipsum,
2027 1774 2064 1831 ut
2085 1789 2121 1833 se

117 1851 229 1929 offert,
256 1851 292 1914 in
319 1871 382 1932 quo
411 1850 565 1915 coelestes
590 1851 764 1916 thesauros
786 1851 880 1916 nobis
908 1852 1028 1932 aperit,
1057 1861 1096 1914 ut
1147 1851 1239 1915 nobis
1256 1859 1462 1933 praesentem
1480 1850 1634 1915 exhibeat
1650 1854 1852 1917 accersimus.
1888 1853 1978 1918 Hine
2000 1854 2121 1918 eximia

119 1937 274 2001 dilectum
304 1936 409 2000 filium
442 1958 537 2000 suum
571 1945 640 1999 tota
666 1936 748 2001 tides
777 1947 890 2000 nestra
916 1937 1093 2013 intueatur,
1147 1937 1351 2000 conscientiis
1372 1937 1493 2001 nostris
1516 1937 1643 2018 requies
1665 1958 1702 2002 ac
1725 1937 1945 2019 tnauquillitas
1966 1939 2119 2006 nascitur.

118 2021 252 2105 abipso
269 2028 338 2086 tota
354 2030 468 2088 nestra
486 2022 684 2104 exspectatio
706 2021 856 2103 pendeat,
878 2023 914 2084 in
935 2023 1005 2103 ipso
1026 2029 1095 2086 tote
1147 2019 1318 2103 Siquidem
1346 2022 1551 2099 necessitate,
1581 2044 1663 2105 quae
1692 2045 1751 2088 nos
1774 2023 1954 2106 premebat,
1975 2023 2121 2091 Domino

118 2130 192 2190 spes
225 2116 338 2173 nestra
368 2108 504 2172 haereat
536 2117 569 2171 et
602 2107 793 2190 acquiescat.
838 2107 931 2171 Haec
964 2106 1095 2189 quidem
1147 2107 1310 2190 exposita,
1339 2108 1391 2172 vel
1413 2109 1448 2171 in
1470 2129 1507 2172 ee
1530 2105 1659 2172 abunde
1681 2110 1889 2191 quiescimus,
1918 2109 2005 2191 quod
2026 2110 2121 2174 illum

117 2203 244 2259 secreta
265 2202 316 2257 est
338 2192 589 2276 absconditaque
610 2192 830 2275 philosophia,
860 2204 893 2257 ct
919 2214 1003 2274 quae
1027 2193 1094 2278 syl·
1147 2193 1230 2257 nihil
1251 2193 1413 2257 malorum
1434 2201 1623 2257 nostrerum
1644 2194 1732 2271 latet,
1755 2216 1853 2277 quem
1875 2206 1908 2257 et
1924 2195 2044 2278 optime
2062 2217 2120 2260 no-

117 2280 264 2362 logismis
294 2281 363 2343 erui
390 2301 456 2343 neu
483 2287 604 2362 potest;
633 2277 690 2343 sed
719 2278 842 2343 scilicet
870 2300 943 2342 eam
969 2277 1094 2360 perdis·
1146 2279 1196 2343 bis
1219 2278 1302 2344 velle
1324 2286 1357 2344 et
1378 2279 1499 2362 optime
1521 2279 1690 2344 consulere
1718 2301 1812 2362 posse
1840 2283 1988 2362 persuasi
2008 2282 2120 2346 simus.

118 2374 213 2443 cunt,
236 2365 351 2447 quibus
373 2365 482 2430 oculos
504 2365 632 2448 aperuit
653 2365 753 2442 Deus,
777 2371 815 2428 ut
835 2365 870 2427 in
893 2385 951 2428 sue
972 2364 1095 2428 lumine
1232 2368 1261 2429 3.
1307 2363 1374 2429 Sed
1396 2365 1499 2443 enim,
1523 2363 1608 2429 dicet
1628 2366 1805 2447 quispiam,
1829 2386 1937 2430 annon
1959 2367 2029 2430 sine
2050 2388 2121 2432 me-

119 2450 231 2514 lumen
252 2450 392 2516 videant.
438 2451 621 2533 Postquam
647 2471 725 2516 vere
752 2449 817 2514 fide
842 2448 947 2515 edocti
969 2472 1093 2527 sumus,
1145 2451 1251 2514 nitore
1273 2452 1372 2515 etiam
1399 2450 1491 2516 novit
1512 2459 1545 2514 et
1566 2471 1631 2532 qua
1651 2459 1744 2533 parte
1766 2473 1958 2534 urgeamur,
1989 2451 2121 2535 etquid

120 2557 295 2620 agnoscere
313 2536 471 2620 quidquid
489 2537 581 2601 nobis
598 2557 730 2601 necesse
752 2543 811 2613 est,
834 2535 990 2617 nobisque
1007 2534 1093 2618 apud
1147 2537 1240 2602 nobis
1263 2535 1424 2620 expediat,
1447 2542 1484 2599 ut
1504 2558 1742 2619 supervacuum
1759 2535 1998 2618 quodammodo
2018 2537 2122 2604 videri

117 2644 177 2688 nos
204 2622 310 2701 deest,
341 2622 375 2687 id
403 2624 439 2686 in
457 2623 531 2686 Deo
561 2643 631 2687 esse
659 2642 697 2686 ac
718 2622 861 2685 Domino
883 2631 994 2685 nostro
1017 2622 1093 2686 Iesu
1146 2632 1246 2704 queat
1266 2624 1375 2705 ipsum
1395 2620 1547 2705 precibus
1568 2623 1688 2687 nostris
1710 2622 1891 2702 sollicitari,
1914 2623 2050 2705 perinde
2071 2634 2122 2707 at-

118 2707 259 2788 Ohristo,
283 2711 318 2772 in
335 2731 398 2792 que
417 2708 540 2774 scilicet
555 2729 687 2772 emnem
708 2728 786 2772 suae
806 2707 970 2789 largitatis
990 2707 1094 2790 pleni-
1146 2729 1209 2790 que
1227 2709 1464 2786 conniventem,
1485 2709 1658 2772 autetiam
1677 2707 1904 2787 dormientem,
1924 2709 2027 2774 donec
2043 2732 2122 2776 voce

119 2794 268 2860 tudinem
295 2803 388 2877 pater
421 2794 563 2860 residere
591 2793 709 2873 voluit,
743 2801 782 2857 ut
815 2793 906 2871 inde,
934 2793 1026 2858 velut
1052 2815 1094 2858 ex
1146 2802 1258 2858 nostra
1287 2795 1534 2877 expergefactus
1561 2793 1683 2859 suerit?
1727 2795 1855 2858 Verum
1876 2796 1930 2877 qui
1953 2796 1999 2860 sic
2021 2796 2121 2861 ratic-

118 2880 282 2945 uberrimo
303 2882 407 2960 fonte,
431 2880 623 2946 hauriamus
646 2900 772 2957 omnes3
804 2886 966 2962 superest,
1000 2879 1094 2943 utin
1147 2880 1315 2959 cinantur,
1349 2902 1448 2962 quem
1479 2881 1516 2943 in
1542 2881 1643 2944 finem
1669 2902 1746 2946 suos
1772 2879 1814 2944 ad
1839 2880 2002 2944 orandum
2027 2882 2122 2946 insti·

119 2967 190 3048 ipso
220 2988 431 3051 quaeramus,
465 2976 498 3031 et
530 2967 571 3032 ab
605 2967 676 3049 ipso
707 2964 859 3049 precibus
891 2965 1094 3047 postulemus
1146 2966 1247 3031 tuerit
1267 2966 1440 3046 Dominus,
1469 2988 1536 3030 non
1558 2965 1833 3030 animadvertunt.
1883 2966 1999 3049 Neque
2033 2968 2123 3032 enim

120 3052 203 3134 quod
228 3055 264 3117 in
291 3055 362 3136 ipso
389 3075 459 3117 esse
485 3051 665 3117 didicimus.
717 3051 849 3133 Alioqui
875 3052 958 3115 scire
984 3051 1094 3114 Deum
1146 3051 1180 3116 id
1202 3060 1270 3117 tam
1293 3073 1352 3116 sua
1383 3052 1501 3134 ipsius,
1531 3073 1629 3134 quam
1650 3061 1762 3117 nostra
1783 3052 1892 3134 potius
1914 3073 2013 3116 eausa
2035 3051 2122 3117 ordi·

118 3139 276 3204 bonorum
298 3140 446 3203 omnium
468 3138 637 3203 dominum
659 3160 696 3204 ae
718 3138 923 3221 largitorem,
951 3138 1008 3219 qui
1034 3158 1094 3202 nes
1146 3138 1248 3202 navit.
1301 3137 1374 3202 Vua
1394 3139 1532 3219 quiden,
1561 3142 1595 3201 ct
1622 3159 1758 3219 aequum
1784 3143 1843 3215 est,
1871 3138 1932 3201 sibi
1954 3139 2006 3201 ias
2026 3158 2123 3203 saum

118 3224 160 3288 ad
179 3247 215 3290 se
234 3223 436 3307 poscendum
457 3225 585 3302 invitet,
608 3225 717 3308 ipsum
734 3244 812 3289 vere
832 3244 893 3288 nec
915 3222 1013 3300 adire,
1034 3244 1094 3287 nec
1145 3224 1250 3302 reddi,
1277 3224 1352 3288 dam
1373 3225 1402 3288 ei
1424 3228 1579 3304 occeptum
1603 3224 1706 3304 fertur
1732 3223 1887 3304 quidquid
1908 3229 2051 3304 expetore
2071 3223 2123 3290 ho·

116 3331 258 3392 poscere,
278 3311 357 3374 adeo
379 3330 446 3373 non
468 3306 649 3391 prodesset,
672 3319 710 3374 ut
729 3309 867 3393 perinde
888 3308 922 3373 id
944 3309 1094 3372 futurum
1145 3310 1259 3388 milwe,
1287 3315 1315 3373 et
1339 3310 1475 3374 saciant
1504 3309 1546 3373 cd
1572 3329 1666 3373 scam
1694 3309 1860 3373 utilitatem
1885 3309 2002 3389 facere,
2029 3310 2124 3391 itique

118 3397 169 3472 sit,
193 3417 230 3458 ae
253 3396 373 3477 siquis
391 3394 571 3459 indicatum
588 3395 789 3472 thesaurum,
813 3395 906 3458 humi
929 3394 1094 3477 sepultum
1145 3395 1225 3458 votis
1257 3400 1399 3460 mactum
1429 3395 1559 3477 facium.
1605 3393 1667 3460 Sed
1693 3393 1791 3458 baias
1816 3415 1935 3476 qaoque
1959 3395 2122 3475 sacrificii,

119 3501 156 3544 ac
179 3479 342 3543 defossum
364 3480 519 3563 negligat.
564 3480 708 3546 Proinde
729 3480 904 3564 apestolus,
927 3488 965 3544 ut
986 3488 1093 3545 osten·
1145 3501 1206 3562 quo
1232 3481 1299 3562 ipsc
1319 3482 1438 3559 colite,
1460 3480 1582 3545 additas
1609 3480 1652 3545 cd
1678 3500 1734 3545 aes
1755 3481 1845 3545 redit.
1890 3480 2002 3562 Itaque
2024 3481 2125 3546 sarrai

118 3565 211 3629 deret
233 3565 368 3629 otiosam
390 3587 409 3628 a
430 3566 493 3631 Dei
515 3567 720 3632 invocatione
742 3587 900 3632 essenon
922 3588 1015 3649 posse
1037 3588 1093 3631 ve·
1139 3571 1259 3649 patres,
1281 3586 1340 3647 quo
1358 3566 1423 3632 Dei
1444 3565 1589 3647 berefieic
1607 3566 1693 3646 optad
1714 3586 1747 3630 se
1769 3572 1796 3631 et
1817 3567 1900 3631 alios
1921 3566 2125 3648 confidentius

116 3673 190 3716 ram
222 3649 337 3729 fidem,
371 3652 461 3715 hunc
492 3651 641 3717 ordinem
667 3652 779 3735 posuit
806 3652 916 3738 (Rom.
946 3657 994 3731 10,
1023 3652 1092 3736 14):
1145 3654 1319 3729 ιάοίσκνιιιιέ,
1349 3673 1382 3718 co
1408 3654 1517 3718 certus
1543 3654 1586 3718 od
1612 3653 1809 3732 precandum
1837 3653 1967 3733 fueruat
1992 3653 2123 3718 incitati.

117 3738 213 3803 sicuti
235 3759 277 3800 ex
300 3737 468 3820 evangehc
496 3737 643 3803 nascitur
669 3739 764 3818 fides,
793 3740 839 3803 sic
866 3759 926 3821 per
954 3759 1026 3802 eam
1052 3737 1094 3801 ad
1153 3738 1256 3804 Unam
1276 3737 1373 3802 Elios
1400 3739 1575 3819 exanplcm
1599 3737 1687 3802 nobis
1713 3739 1792 3803 sotis
1812 3739 1871 3801 erit
1892 3737 1925 3819 (1
1946 3739 2050 3819 Regg.
2074 3740 2122 3815 18,

117 3821 338 3888 invocandum
359 3824 424 3888 Dei
445 3845 564 3888 nomen
586 3824 683 3890 cerda
703 3833 817 3903 nostra
837 3824 980 3888 fermari
1031 3825 1093 3888 At·
1146 3825 1212 3908 42),
1236 3826 1292 3905 qai
1313 3823 1350 3888 dc
1371 3825 1500 3889 amaillo
1521 3823 1585 3888 Dei
1606 3828 1716 3902 cedas
1736 3829 1904 3904 postquam
1926 3824 1993 3904 rapt
2012 3821 2123 3887 Aaou

118 3932 180 3993 que
212 3908 275 3975 hoc
308 3911 416 3992 ipsum
448 3918 498 3975 est
532 3910 618 3993 quod
652 3910 817 3993 aliquanto
852 3918 930 3974 ante
965 3910 1095 3974 dixerat
1141 3912 1287 3992 pluviam
1308 3929 1369 3974 caca
1395 3914 1505 3975 teram
1525 3909 1688 3991 pollicitus
1713 3914 1771 3987 est,
1800 3909 1895 3972 onata
1916 3912 2019 3971 tomen
2040 3909 2123 3973 ister

119 3996 228 4080 (Rem.
248 4000 277 4075 8,
297 3995 368 4079 26),
395 3996 547 4078 spiritum
569 3995 768 4079 adoptionis,
790 3997 847 4079 qui
868 3996 1093 4061 testimonium
1143 4017 1247 4080 penae
1262 4001 1421 4078 praotw,
1450 3996 1667 4075 famulumque
1688 3999 1802 4074 septem
1823 3993 1943 4058 oicibra
1964 3993 2058 4058 mittit
2079 3995 2123 4061 ad

117 4082 279 4166 evangelii
301 4080 453 4146 cordibus
475 4083 596 4146 nostris
618 4082 782 4166 obsignat,
811 4082 937 4166 erigere
959 4083 1093 4166 spiritus
1145 4082 1386 4163 explorandam:
1417 4101 1479 4144 oea
1507 4081 1589 4161 qaod
1619 4080 1743 4143 orectdo
1774 4078 1868 4159 fidem
1900 4079 2036 4163 obrepet,
2069 4081 2124 4145 sed

118 4174 255 4246 nostros,
284 4177 321 4230 ut
348 4177 425 4232 vota
452 4187 512 4233 sua
539 4188 702 4250 exponere
723 4169 796 4234 Deo
818 4168 976 4248 audeant,
1005 4169 1092 4234 exci-
1145 4169 1226 4251 qaod
1247 4168 1345 4250 officii
1366 4168 1419 4232 sui
1444 4186 1509 4230 esee
1532 4166 1631 4242 mett,
1658 4186 1697 4229 aa
1718 4166 1908 4230 coercete-ate
1928 4164 1975 4231 uel
1997 4167 2123 4248 torpida

118 4262 187 4319 tare
220 4254 361 4338 gemitus
392 4253 643 4330 inenarrabiles,
673 4253 814 4319 clamare
848 4276 923 4319 cum
956 4254 1089 4319 fiducia:
1144 4256 1187 4321 eit
1205 4254 1297 4335 fidae,
1320 4274 1380 4318 suc
1401 4252 1559 4316 desidem
1581 4251 1668 4332 apud
1689 4249 1794 4315 Deam
1815 4251 1974 4333 deponere.
2010 4250 2122 4331 Quare

117 4339 213 4419 abba,
250 4348 353 4422 pater.
407 4339 480 4404 Hoc
515 4360 593 4422 erge
626 4345 842 4420 postremum,
878 4341 954 4423 quia
988 4342 1093 4406 obiter
1143 4341 1284 4419 tametsi,
1303 4339 1397 4403 nobis
1415 4337 1456 4401 ad
1477 4337 1625 4401 miserias
1646 4334 1777 4401 nostras
1799 4337 1938 4420 stupidis
1956 4345 1990 4402 et
2006 4337 2122 4401 hebes-

117 4424 278 4490 duntaxat
299 4432 375 4490 ante
397 4426 522 4491 dictum
543 4432 577 4489 ot
598 4424 691 4506 quasi
713 4423 830 4490 leviter
850 4434 1010 4491 attactum
1031 4435 1090 4504 est,
1144 4427 1307 4505 centibus,
1337 4426 1406 4508 ipse
1434 4445 1493 4506 pro
1517 4422 1611 4488 nobis
1639 4423 1754 4507 vigilat
1774 4432 1808 4487 et
1830 4421 1982 4500 excubat,
2010 4443 2048 4486 ac
2069 4422 2122 4485 in·

116 4532 204 4577 nunc
224 4512 329 4577 fusius
350 4511 486 4577 tractari
507 4510 669 4577 convenit.
1143 4509 1275 4576 terdum
1296 4532 1423 4593 quoque
1441 4510 1602 4575 succurrit
1622 4530 1690 4573 non
1711 4516 1853 4592 regatus,
1877 4515 1990 4573 nostra
2010 4517 2122 4572 tamen

203 4601 232 4661 2.
276 4598 367 4682 Ergo
394 4597 428 4662 id
455 4597 609 4662 orationis
638 4594 823 4662 obtinemus
849 4598 1020 4675 beneficio,
1053 4605 1092 4662 ut
1143 4597 1325 4681 plurimum
1346 4597 1482 4661 interest
1503 4595 1632 4683 assidue
1655 4595 1763 4678 ipsum
1785 4615 1805 4658 a
1828 4593 1920 4658 nobis
1943 4593 2121 4676 implorari,

116 4680 157 4745 ad
179 4704 234 4747 eas
255 4705 337 4766 quae
358 4683 453 4750 nobis
479 4682 568 4767 apud
589 4681 762 4747 coelestem
782 4690 908 4766 patrem
931 4685 1091 4767 repositae
1143 4693 1182 4748 ut
1203 4683 1288 4747 serio
1309 4681 1500 4764 ardentique
1523 4683 1592 4747 eius
1614 4703 1743 4765 semper
1766 4679 1952 4764 quaerendi,
1978 4678 2120 4760 amandi,
2239 4708 2248 4727 .

117 4778 194 4832 sunt
220 4790 298 4852 opes
327 4782 544 4852 penetremus.
589 4769 654 4834 Est
680 4767 770 4833 enim
798 4768 957 4851 quaedam
986 4770 1090 4834 hemi-
1143 4766 1271 4835 colendi
1293 4766 1452 4834 desiderio
1470 4789 1525 4833 cer
1542 4775 1693 4833 nestrum
1712 4768 1944 4844 inflammetur,
1968 4765 2047 4830 dum
2069 4786 2121 4830 as·

116 4873 197 4917 num
215 4877 290 4921 oum
306 4856 378 4920 Deo
395 4855 656 4935 communicatio,
679 4876 744 4938 qua
764 4857 987 4920 sanctuarium
1009 4856 1091 4922 coeli
1143 4856 1322 4921 suescimus
1344 4854 1386 4919 ad
1407 4855 1531 4938 ipsum,
1559 4854 1651 4919 velut
1673 4851 1715 4918 ad
1736 4872 1863 4918 sacram
1885 4851 2064 4917 anchoram
2085 4851 2122 4916 in

117 4938 270 5023 ingressi,
299 4940 340 5006 de
362 4944 431 5008 suis
451 4943 620 5026 premissis
648 4939 744 5006 illum
771 4961 881 5008 eoram
909 4942 1089 5026 appellant:
1143 4942 1233 5007 omni
1259 4940 1452 5006 necessitate
1473 4940 1655 5023 confugere.
1689 4937 1828 5017 Deinde,
1852 4938 2003 5003 utnulla
2029 4938 2121 5022 cupi·

1143 5025 1227 5091 ditas
1257 5027 1451 5108 nullumque
1481 5025 1614 5089 omnino
1647 5031 1761 5090 votum
1796 5024 1944 5089 animum
1971 5031 2122 5089 nostrum

1142 5112 1265 5193 subeat,
1288 5113 1382 5178 euius
1402 5112 1513 5194 ipsum
1530 5118 1647 5174 testem
1667 5111 1774 5176 faeere
1788 5111 1924 5192 pudeat:
1947 5110 2027 5175 dum
2045 5118 2121 5176 vota

184 5215 213 5282 1)
235 5212 307 5268 Olera
326 5214 391 5285 Cap.
411 5214 485 5286 XV,
501 5214 550 5270 rec
564 5218 732 5270 waccaria
748 5221 882 5270 mamam
899 5220 925 5269 et
941 5222 1058 5270 curtam.
1142 5206 1254 5265 nostre
1275 5197 1384 5264 omnia
1405 5215 1514 5261 coram
1536 5197 1606 5262 eius
1627 5197 1729 5263 oculis
1752 5199 1877 5277 emtore,
1902 5196 2048 5281 adeoque
2070 5204 2121 5261 to-

219 5297 434 5370 oaauroporu
473 5297 592 5355 vocrr
1798 5304 1805 5323 .
1880 5298 1917 5354 ro
