4672 5842
254 295 314 355 cu
823 374 827 379 1
893 284 1160 353 mammo
1182 284 1288 351 Rau.
1310 283 1491 352 oflulsr.
1517 289 1608 350 isca.
1894 315 1898 322 ,
2196 286 2262 348 oia

253 479 338 544 ratio
371 466 452 540 mihi
485 483 621 541 oonstat.
666 473 780 555 Quum
813 475 901 540 onim
929 475 1016 539 dona
1043 475 1115 552 illa,
1148 495 1231 555 quae
1283 495 1366 556 quae
1383 472 1466 556 legis
1488 473 1714 538 observatione
1733 474 1928 550 continetur,
1948 472 2127 537 dissidium
2163 470 2263 536 Sum-

254 571 424 630 enumerat
440 562 576 640 Paulus,
596 560 672 626 fidei
692 569 725 624 ot
746 562 816 642 spei
835 560 1073 643 quodammodo
1092 559 1230 634 subsint,
1283 581 1338 624 ma
1365 559 1447 624 haee
1474 568 1537 624 est:
1572 559 1600 622 si
1628 559 1664 622 in
1692 559 1844 640 operibus
1870 557 1959 622 salus
1981 557 2167 641 quaeritur,
2194 579 2263 623 sen

254 651 331 754 quia
357 646 399 711 ad
426 648 645 730 cognitionem
671 647 736 710 Dei
764 655 927 728 spectant,
962 669 1002 711 ea
1030 647 1140 710 omnia
1167 650 1229 706 κατ’
1284 644 1393 710 vando
1419 665 1489 709 esse
1516 643 1672 708 mandata
1698 645 1816 726 quihus
1837 644 2042 708 instituimur
2068 642 2112 708 ad
2138 643 2261 726 perfec·

254 736 514 815 ανακεφαλαίωσιν
533 733 593 798 sub
614 733 748 796 nomine
765 731 841 796 fidei
860 742 892 796 et
908 733 979 815 spei
989 732 1232 815 complectitur3
1283 738 1351 796 tam
1384 731 1554 797 iustitiam.
1599 727 1667 795 Sed
1699 752 1765 794 non
1798 739 1848 794 est
1870 730 1923 794 hic
1949 729 2163 808 haerendum,
2197 730 2262 795 nisi

254 840 292 885 aa
309 820 337 884 si
350 819 485 884 diceret:
505 828 539 882 et
551 819 733 901 prophetia,
753 833 786 881 ct
796 817 939 901 linguae,
952 828 986 882 et
996 815 1232 900 interpretandi
1284 817 1424 882 velimus
1442 818 1478 880 in
1500 813 1882 894 mediocursudeficere;
1904 816 2099 880 nemeenim
2111 824 2265 880 nostrum

254 906 362 989 gratia
389 914 422 968 et
448 905 584 969 scientia
610 905 697 969 hunc
726 903 850 967 habent
877 925 1013 985 scopum
1040 913 1077 966 ut
1103 924 1163 967 nos
1191 902 1232 966 ad
1285 901 1455 968 servandis
1487 901 1651 966 mandatis
1683 924 1744 985 par
1771 911 1829 966 est.
1876 899 2043 981 Quoniam
2069 922 2148 985 ergo
2180 901 2263 985 legis

252 991 476 1074 cognitionem
494 991 556 1054 Dei
579 988 751 1065 deducant,
769 989 880 1053 Deum
898 998 1008 1053 autem
1026 988 1155 1053 nonnisi
1174 1010 1233 1071 per
1284 989 1411 1053 iustitia
1433 987 1651 1064 excludimur,
1681 986 1722 1051 ad
1749 987 1836 1051 aliud
1862 985 2044 1052 subsidium
2072 1007 2132 1052 nos
2154 988 2264 1052 confe-

255 1098 347 1159 spem
370 1084 403 1139 et
423 1075 521 1139 fidem
544 1077 579 1139 in
601 1075 663 1138 hac
681 1075 750 1138 vita
773 1075 988 1158 agnoscimus.
1024 1072 1137 1154 Quum
1154 1095 1232 1158 ergo
1285 1095 1398 1139 ramus
1421 1094 1553 1138 necesso
1576 1082 1639 1138 est:
1664 1095 1781 1156 nempe
1799 1072 1841 1137 ad
1858 1071 1956 1138 tidem
1968 1072 2102 1138 Christi
2138 1070 2264 1152 Quam-

254 1161 354 1226 fidem
377 1171 410 1224 ct
432 1182 522 1243 spem
546 1162 693 1237 nomino,
722 1161 802 1226 hacc
831 1162 939 1224 omnia
967 1161 1062 1224 simul
1086 1181 1232 1242 compre·
1285 1160 1395 1225 obrem
1414 1170 1451 1223 ut
1467 1158 1521 1224 hic
1534 1157 1707 1238 Dominus,
1728 1181 1825 1241 quem
1843 1179 1928 1224 vana
1945 1179 2081 1240 operum
2098 1158 2264 1224 confiden-

255 1246 373 1312 hendo.
419 1246 557 1310 Manent
578 1248 687 1329 itaque
710 1246 790 1311 haec
813 1248 890 1323 tria,
919 1268 1007 1328 spes,
1029 1245 1125 1323 fides,
1149 1247 1232 1311 cari-
1258 1282 1261 1339 Ι
1286 1245 1333 1310 tia
1354 1252 1487 1310 turrere
1510 1253 1648 1308 noverat
1669 1245 1751 1328 legis
1774 1245 1952 1323 doctorem,
1976 1244 2018 1308 ad
2040 1245 2148 1328 legem
2168 1266 2264 1310 revo-

256 1346 320 1397 tas:
356 1332 418 1398 hoe
446 1342 508 1410 ost,
542 1341 794 1414 quantacunque
820 1334 864 1396 sit
892 1331 1052 1396 donorum
1080 1333 1232 1410 varietas,
1286 1339 1347 1409 cat,
1361 1301 1693 1411 undediscatsecs'se
1704 1329 2098 1413 poccatoremtremendo
2111 1337 2265 1395 aeternae

258 1418 322 1482 huc
355 1419 464 1482 omnia
497 1419 693 1483 referuntur.
738 1418 832 1482 Inter
866 1418 945 1483 haec
976 1419 1151 1500 praecipua
1183 1426 1234 1481 est
1285 1417 1401 1481 mortis
1422 1416 1541 1480 iudicio
1563 1417 1752 1493 obnoxium,
1775 1418 1821 1482 sio
1844 1417 1933 1496 alios,
1953 1417 2010 1497 qui
2031 1415 2192 1480 eiusmodi
2214 1417 2265 1481 sui

257 1504 385 1581 caritas,
408 1511 467 1568 ete.
512 1505 566 1568 Er
589 1505 684 1569 tertio
707 1504 776 1568 loco
793 1505 952 1568 inferunt:
978 1505 1005 1568 si
1027 1504 1234 1585 perfeetionis
1286 1502 1402 1567 notitia
1423 1503 1490 1566 iam
1513 1501 1678 1566 humiliati
1700 1512 1793 1580 sunt,
1818 1503 1904 1578 alibi,
1927 1502 2047 1566 omissa
2066 1501 2150 1586 legis
2171 1523 2264 1567 men-

259 1589 426 1655 vinculum
452 1600 502 1653 est
524 1592 659 1667 caritas,
693 1610 771 1672 ergo
800 1597 833 1653 et
854 1591 1010 1665 iustitiae,
1044 1611 1127 1671 quae
1149 1589 1234 1652 nihil
1287 1590 1389 1665 tione,
1423 1588 1548 1671 gratias
1582 1589 1794 1669 promissione
1827 1588 1964 1653 solatur:
1999 1589 2109 1653 venite
2143 1587 2184 1652 ad
2212 1609 2265 1651 me

257 1674 348 1739 uliud
369 1684 419 1738 est
441 1696 538 1757 quam
557 1677 718 1758 perfectio.
751 1676 870 1754 Primo,
893 1684 931 1739 ut
948 1676 1139 1739 omittamus
1160 1697 1234 1757 per·
1286 1695 1401 1738 omnes
1418 1675 1474 1755 qui
1484 1673 1648 1751 laboratis,
1672 1684 1706 1737 ct
1728 1674 1853 1738 onerati
1875 1674 1963 1750 estis,
1984 1681 2018 1738 et
2038 1695 2099 1757 ego
2120 1674 2265 1738 reficiam

257 1760 430 1825 lectionem
449 1760 516 1824 illic
538 1784 557 1825 a
570 1761 676 1826 Paulo
694 1762 803 1825 vocari
822 1760 901 1824 dum
919 1761 1019 1843 probe
1037 1762 1235 1825 constitutae
1288 1781 1354 1838 vos,
1377 1769 1411 1823 et
1432 1759 1609 1824 invenictis
1632 1760 1779 1842 requiem
1801 1758 1972 1824 animabus
1991 1760 2110 1824 vestris
2126 1760 2264 1843 (Matth.

257 1846 411 1912 eeclesiae
440 1847 587 1911 membra
615 1847 702 1910 iuter
728 1868 763 1911 se
791 1848 873 1911 bene
903 1847 1095 1922 cohaerent,
1123 1868 1159 1911 ac
1186 1847 1234 1910 fa·
1291 1851 1338 1922 ll,
1363 1845 1428 1929 29).

259 1941 387 1995 tcarnur
409 1933 545 1996 caritate
567 1954 627 1997 uos
649 1953 758 1997 coram
780 1931 852 1996 Deo
873 1934 1001 2014 perfici,
1025 1930 1102 2014 quid
1125 1942 1236 1996 tamen
1376 1936 1424 1996 10.
1469 1930 1629 2008 Tandem,
1657 1939 1830 2013 postquam
1851 1932 2050 2013 scripturam
2070 1930 2264 1996 invertendo

258 2019 335 2081 novi
357 2018 520 2081 afferunt?
566 2019 640 2100 Ego
669 2019 756 2081 enim
779 2040 907 2100 semper
929 2027 1043 2082 contra
1064 2019 1234 2099 excipiam,
1288 2016 1455 2099 defatigati
1477 2025 1569 2095 sunt,
1598 2016 1640 2081 ad
1663 2018 1808 2100 argutias
1829 2025 1862 2082 et
1882 2016 2087 2099 sophismata
2108 2015 2263 2082 delabun-

258 2101 299 2167 ad
323 2104 553 2186 perfectionem
579 2105 677 2167 istam
707 2125 875 2186 nunquam
897 2127 957 2168 nos
979 2105 1149 2186 pervenire
1172 2104 1235 2168 nisi
1287 2109 1349 2167 tur.
1395 2101 1605 2167 Cavillantur
1625 2103 1662 2166 in
1683 2123 1729 2179 eo,
1752 2100 1838 2184 quod
1860 2102 1941 2168 fides
1962 2101 2081 2166 aheubi
2104 2124 2187 2185 opus
2208 2125 2264 2168 vo-

258 2189 406 2253 caritatis
421 2209 564 2253 succurat·
585 2189 778 2272 impleamus
785 2214 793 2269 ;
812 2189 954 2271 indeque
972 2190 1120 2266 inferam,
1134 2210 1236 2271 quum
1288 2196 1389 2267 eatur,
1412 2197 1509 2270 atque
1531 2188 1607 2271 inde
1619 2188 1779 2271 eolligunt
1799 2210 1859 2254 nos
1876 2209 2050 2270 perperam
2070 2187 2171 2253 tidem
2193 2210 2264 2271 ope

259 2274 562 2339 omnesacaritatis
574 2275 810 2357 complemento
824 2277 891 2340 sint
901 2275 1121 2353 remotissimi,
1144 2297 1236 2357 spem
1287 2273 1378 2337 ribus
1406 2294 1577 2355 opponere.
1623 2272 1729 2354 Quasi
1758 2295 1836 2339 vero
1863 2273 1958 2352 fides,
1996 2282 2159 2355 quatenus
2190 2274 2262 2340 obe-

150 2374 156 2381 ‘
258 2381 389 2423 omnem
410 2360 476 2424 illis
498 2362 704 2442 perfectionis
724 2361 901 2427 abscissam
922 2383 1001 2426 esse.
1287 2359 1411 2424 dientia
1431 2370 1481 2424 cst
1503 2359 1632 2424 divinae
1655 2360 1851 2438 voluntatis,
1880 2380 1939 2424 suo
1961 2360 2080 2423 meiito
2102 2360 2264 2425 iustitiam

347 2450 374 2509 9.
419 2446 502 2510 Nolo
535 2446 665 2530 singula
697 2448 863 2529 persequi,
899 2468 981 2529 quae
1014 2447 1110 2511 hodie
1142 2445 1234 2511 stulti
1287 2445 1383 2510 nobis
1404 2445 1566 2525 conciliet;
1590 2467 1627 2511 ao
1648 2467 1715 2509 nou
1737 2446 1860 2528 potius,
1884 2444 1971 2527 quod
1992 2443 2058 2510 Dei
2079 2446 2262 2513 misericor·

259 2527 471 2596 Serbonistae
497 2542 629 2614 arrepta
652 2555 693 2597 ex
715 2534 886 2616 scripturis
908 2543 1031 2597 temere
1060 2533 1113 2616 (ut
1133 2531 1234 2614 quod·
1287 2531 1375 2596 diam
1397 2530 1621 2614 amplectendo
1634 2530 1759 2596 Christi
1778 2531 1947 2610 iustitiam,
1970 2531 2011 2596 ab
2034 2552 2073 2596 ea
2094 2531 2186 2597 nobis
2208 2533 2262 2597 ob-

258 2637 321 2699 que
343 2617 487 2698 primum
514 2619 647 2683 obvium
669 2640 703 2683 se
726 2619 815 2702 tulit)
845 2620 1033 2683 testimonia
1060 2617 1234 2684 adversum
1286 2617 1388 2681 latam
1420 2618 1456 2681 in
1489 2617 1652 2700 evangelii
1679 2616 1932 2699 praedicatione,
1964 2616 2117 2683 cordibus
2143 2619 2264 2683 nostris

257 2722 317 2767 nos
339 2702 532 2768 iaculantur.
571 2701 659 2768 Sunt
679 2706 766 2768 cnim
788 2704 948 2786 quaedam
970 2705 1017 2769 ita
1039 2704 1177 2769 ridicula
1199 2710 1236 2768 ut
1286 2703 1446 2786 obsignat.
1474 2703 1609 2769 Talibus
1626 2703 1759 2786 ineptiis
1781 2702 1943 2768 diluendis
1964 2705 1993 2768 si
2015 2725 2081 2768 non
2095 2703 2262 2783 immoror,

257 2810 317 2853 neo
344 2810 599 2854 commemorare
631 2791 700 2873 ipse
727 2791 863 2873 possim,
898 2791 961 2855 nisi
990 2791 1089 2855 velim
1122 2790 1235 2855 haberi
1287 2790 1418 2855 veniam
1445 2788 1571 2853 dabunt
1596 2789 1744 2854 lectores.
1792 2789 1890 2872 Ipsae
1918 2790 2019 2867 enim,
2052 2789 2122 2854 sins
2155 2789 2262 2854 alieno

257 2875 373 2939 merito
401 2875 541 2957 ineptus.
586 2875 703 2958 Itaque
731 2880 831 2940 finem
859 2877 991 2954 faciam,
1026 2877 1082 2942 uhi
1109 2875 1237 2940 Christi
1287 2876 1428 2957 impetu,
1457 2884 1572 2957 suapte
1594 2873 1761 2941 debilitate
1791 2876 1872 2940 satis
1893 2876 2101 2958 franguntur.
2146 2872 2262 2941 Obiec-

257 2959 456 3025 sententiam
485 2961 687 3043 explicuero,
717 2984 782 3044 qua
808 2963 930 3026 mirum
958 2963 992 3025 in
1014 2961 1147 3026 modum
1174 2962 1236 3026 sibi
1288 2962 1411 3024 tionem
1443 2969 1556 3026 tumen
1582 2983 1691 3038 unam,
1726 2982 1810 3043 quae
1836 2962 1980 3044 speciem
2001 2960 2101 3026 habet
2122 2961 2263 3044 aliquam

257 3045 396 3127 placent
430 3045 621 3129 Respondet
639 3050 726 3112 enim
745 3048 977 3131 legisconsulto
996 3049 1134 3130 roganti,
1158 3046 1236 3130 quid
1287 3047 1433 3126 rationis,
1456 3046 1561 3111 obiter
1581 3044 1859 3127 discuterehbet,
1891 3068 1933 3111 ne
1955 3047 2075 3129 quibus
2097 3069 2164 3112 nen
2185 3045 2263 3113 adeo

258 3139 345 3195 essct
370 3128 411 3193 ad
434 3131 574 3195 salutem
596 3135 830 3198 necessarium:
863 3135 890 3198 si
919 3134 969 3197 vis
998 3133 1038 3197 ad
1060 3133 1163 3199 vitam
1184 3134 1236 3197 in·
1288 3133 1474 3198 exercitatis
1491 3133 1659 3216 negotium
1677 3133 1782 3197 faeiat.
1812 3131 1925 3214 Quum
1943 3132 2080 3198 eandem
2100 3154 2171 3199 esse
2188 3155 2263 3200 eon-

258 3213 360 3312 gredi,
386 3235 481 3280 serva
502 3216 657 3282 mandata
680 3219 814 3302 (Matth.
838 3223 890 3292 la,
914 3221 977 3303 17).
1023 3217 1111 3299 Quid
1138 3220 1235 3298 ultra,
1288 3219 1463 3283 trariorum
1486 3217 1635 3301 regulam
1657 3216 1756 3283 dietat
1778 3241 1893 3284 sensus
1915 3219 2109 3296 eommunis,
2132 3241 2170 3284 ac
2191 3240 2263 3301 peo-

250 3301 428 3382 anquiunt,
463 3301 628 3381 volumus,
662 3326 762 3385 quum
799 3305 839 3369 ab
867 3305 936 3386 ipso
965 3306 1091 3388 gratiae
1123 3315 1236 3370 autore
1287 3313 1361 3370 cota
1389 3303 1520 3388 singula
1547 3305 1724 3369 iniustitiae
1753 3305 1846 3370 nobis
1873 3312 2063 3382 vertantur,
2093 3316 2262 3372 consenta-

257 3407 317 3468 per
338 3384 569 3450 mandatorum
588 3389 849 3455 observationem
876 3392 1043 3472 acquirere
1063 3390 1235 3456 iubeumur
1288 3410 1388 3453 neum
1418 3407 1489 3456 esse
1519 3391 1627 3468 aiunt,
1661 3391 1802 3474 singulis
1834 3411 1962 3473 quoque
1991 3390 2087 3455 bonis
2114 3392 2263 3474 operibus

257 3492 398 3554 regnum
415 3470 502 3536 Dei?
536 3471 639 3553 Quasi
659 3496 737 3539 vero
754 3496 822 3539 non
842 3484 977 3555 constet,
1001 3476 1172 3542 Christum
1194 3477 1235 3542 iis
1287 3475 1431 3540 iustitiae
1458 3475 1590 3540 laudem
1620 3476 1728 3541 tribui.
1785 3474 1853 3557 Qui
1880 3474 2096 3559 respondent,
2131 3478 2172 3542 ab
2202 3497 2263 3542 una

257 3577 415 3640 responsa
437 3578 497 3622 sua
514 3567 747 3642 attemperasse
764 3561 960 3643 quibuscum
977 3563 1147 3646 negotium
1164 3586 1234 3628 esse
1286 3560 1479 3627 infidelitate
1505 3562 1636 3644 proprie
1663 3561 1793 3644 prodire
1817 3563 1990 3627 hominum
2010 3561 2260 3638 damnationem,

257 3642 319 3708 sihi
346 3641 486 3708 videbat.
531 3644 597 3709 Hic
625 3668 645 3711 a
672 3645 755 3730 legi's
782 3647 911 3713 doctore
938 3648 1162 3733 interrogetur
1194 3647 1234 3713 de
1286 3668 1353 3711 non
1375 3647 1666 3730 aparticularibus
1688 3650 1838 3730 peccatis,
1861 3649 1942 3713 mihi
1964 3669 2031 3712 non
2048 3648 2260 3714 satisfaciunt

257 3728 382 3793 ratione
404 3727 599 3795 obtinendae
623 3731 845 3811 beatitudinis;
867 3755 974 3815 nequo
987 3734 1020 3798 id
1033 3735 1233 3819 simphciter,
1286 3731 1448 3816 llquidem
1468 3733 1534 3797 illis
1555 3733 1726 3810 assentior,
1750 3735 1874 3799 fontem
1896 3755 1934 3800 ao
1956 3734 2100 3799 radicem
2115 3733 2261 3799 omnium

258 3813 316 3880 scd
337 3812 417 3896 quid
439 3814 586 3881 faciendo
604 3817 645 3881 ad
663 3819 767 3900 ipsam
784 3821 979 3901 perveniant
997 3820 1155 3886 homines.
1189 3821 1235 3884 Et
1286 3819 1447 3883 malorum
1479 3817 1743 3884 incredulitatem
1771 3841 1850 3885 esse.
1901 3821 1965 3885 Est
1992 3822 2081 3887 enim
2106 3820 2212 3902 prima
2242 3839 2262 3881 a

257 3899 420 3981 loquentis
443 3923 581 3983 persona
602 3913 636 3968 et
656 3905 669 3968 i
692 3927 729 3969 sa
750 3905 965 3989 interrogatio
983 3905 1165 3970 Dominum
1182 3907 1234 3969 in·
1284 3905 1357 3969 Deo
1386 3903 1535 3983 defectio,
1565 3926 1665 3987 quam
1692 3917 1876 3988 sequuntur
1905 3905 2023 3972 deinde
2049 3904 2262 3988 particulares

258 3982 398 4050 ducebat
419 3997 457 4049 ut
479 3987 526 4053 sic
548 3927 766 4072 responderet
806 3991 867 4055 Ille
888 3993 1098 4075 persuasione
1120 3991 1234 4075 legalis
1286 3997 1401 4054 contra
1428 3990 1534 4074 legem
1562 3993 1846 4075 transgressiones.
1891 3989 1960 4057 Sed
1991 3990 2076 4074 quod
2107 3989 2263 4056 videntur

258 4071 405 4136 iustitiae
436 4072 597 4153 imbutus,
639 4076 675 4139 in
706 4098 841 4226 operum
873 4077 1007 4143 fiducia>
1024 4078 1233 4142 caecutiebat.
1287 4076 1424 4140 eandem
1451 4085 1595 4141 statuere
1624 4077 1785 4142 bonorum
1813 4085 1845 4142 et
1868 4078 2029 4143 malorum
2049 4097 2188 4159 operum
2210 4098 2262 4141 ra·

259 4154 388 4221 Deinde
410 4179 476 4222 non
497 4158 586 4225 aliud
606 4183 725 4243 quaere
748 4175 782 4227 at
810 4164 874 4227 nisi
900 4185 984 4245 quae
1006 4172 1116 4226 essent
1136 4183 1235 4244 opera
1287 4162 1408 4224 tionem
1436 4162 1472 4225 in
1499 4163 1703 4227 aestimanda
1728 4164 1852 4229 iustitia
1881 4163 1934 4229 vel
1960 4163 2135 4240 iniustitia,
2164 4165 2201 4227 in
2226 4185 2262 4227 eo

259 4242 413 4322 iustitiae,
436 4244 552 4325 quibus
574 4245 663 4312 salus
684 4260 899 4330 comparetur.
929 4249 1021 4331 Ergo
1042 4249 1160 4312 merito
1183 4270 1234 4312 re-
1286 4268 1383 4330 oogor
1404 4247 1445 4312 ab
1467 4249 1547 4330 ipsis
1569 4247 1749 4314 dissentire.
1794 4249 1926 4314 Iustitia
1945 4251 2036 4314 enim
2056 4270 2195 4333 operum
2215 4262 2263 4314 est

258 4328 401 4393 mittitur
427 4328 469 4393 ad
490 4329 611 4415 legem,
629 4335 680 4396 'in
708 4355 771 4415 qua
799 4345 849 4399 est
878 4333 1063 4399 absolutum
1090 4333 1234 4397 iustitiae
1285 4335 1429 4414 perfecta
1459 4333 1542 4416 legis
1574 4334 1766 4400 obedientia
1822 4336 1938 4419 Itaque
1971 4336 2078 4401 iustus
2112 4333 2263 4418 operibus

257 4415 434 4498 speculum
467 4415 535 4481 Nos
557 4439 683 4507 quoque
702 4419 789 4483 clara
806 4439 885 4483 voce
906 4418 1142 4501 praedicamus,
1166 4442 1234 4485 ser-
1287 4440 1444 4484 essenon
1464 4428 1557 4501 potes
1583 4421 1647 4486 nisi
1675 4422 1760 4486 hanc
1781 4422 1874 4486 velut
1900 4428 2026 4486 rectam
2045 4421 2168 4486 lineam
2190 4442 2261 4503 per·

258 4500 368 4566 venda
396 4523 467 4567 esse
494 4501 650 4566 mandata
678 4505 706 4567 si
732 4505 769 4568 in
790 4505 943 4586 operibus
965 4505 1034 4569 vita
1056 4506 1233 4588 quaeritur.
1286 4514 1385 4588 petuo
1417 4505 1505 4570 vitae
1537 4514 1650 4571 tenore
1683 4507 1837 4590 sequeris.
1882 4507 1936 4573 Ab
1969 4528 2010 4572 ea
2039 4506 2097 4573 ubi
2121 4507 2262 4591 primum

257 4585 367 4668 Atque
394 4587 474 4652 haee
501 4584 649 4654 doctrina
677 4591 811 4673 cognitu
839 4591 1022 4655 necessaria
1056 4602 1106 4656 est
1137 4590 1235 4656 Chri·
1287 4589 1459 4670 deflexisti,
1476 4592 1512 4656 in
1529 4593 1723 4657 iniustitiam
1741 4592 1912 4675 prolapsus
1929 4614 1973 4658 es.
2007 4592 2098 4659 Hine
2119 4599 2261 4676 apparet,

257 4672 387 4753 stianis;
420 4673 579 4755 quomodo
613 4675 700 4739 enim
733 4675 775 4740 ad
808 4674 980 4741 Christum
1012 4679 1234 4762 confugerent,
1286 4676 1446 4742 iustitiam
1473 4699 1540 4743 non
1566 4701 1609 4742 ex
1635 4701 1701 4743 uno
1729 4687 1788 4742 aut
1815 4679 1928 4761 paucis
1956 4677 2110 4763 operibus
2137 4678 2262 4743 conun-

258 4758 323 4823 nisi
344 4781 379 4824 se
402 4771 616 4842 agnoscerent
641 4783 660 4826 a
687 4763 741 4827 via
763 4763 851 4829 vitae
881 4764 915 4826 in
938 4764 1053 4828 mortis
1074 4763 1234 4847 praecipi·
1310 4783 1378 4841 ere,
1418 4763 1475 4828 sed
1503 4786 1545 4829 ex
1578 4763 1749 4830 inflexibili
1780 4763 2008 4847 indefessaque
2037 4764 2262 4832 observatione

257 4845 341 4908 tium
359 4844 540 4911 excidisse?
570 4845 742 4928 Quomodo
760 4858 870 4914 autem
892 4848 1115 4933 intelligerent
1136 4869 1235 4932 quam
1286 4783 1418 4914 dunas
1439 4849 1626 4915 voluntatis
1671 4851 1718 4914 At
1742 4849 1938 4916 iudicandae
1957 4851 2139 4916 iniustitiae
2159 4850 2263 4916 multo

258 4928 372 5025 procul
400 4927 585 5026 aberrarint
612 4955 632 4998 a
658 4935 714 5000 via
734 4936 837 5014 vitae,
866 4935 930 5000 nisi
950 4935 1043 5018 prius
1064 4935 1170 5018 qualis
1192 4935 1236 4999 sit
1287 4931 1510 5000 diversissima
1529 4944 1580 5000 est
1600 4935 1693 5001 ratio.
1738 4932 1806 5015 Qui
1828 4936 1918 5000 enim
1940 4944 2102 5003 mortatus
2125 4946 2184 5014 est,
2207 4943 2263 5002 aut

259 5010 317 5075 illa
343 5013 551 5110 intelligant?
596 5019 683 5082 Tum
709 5021 813 5104 igitur
836 5019 969 5085 demum
992 5021 1235 5105 recuperandae
1287 5020 1429 5107 furatus,
1458 5041 1525 5084 uno
1553 5020 1670 5086 delicto
1696 5019 1812 5084 mortis
1838 5030 1890 5086 est
1911 5043 2001 5089 reus:
2036 5023 2113 5105 quia
2140 5023 2178 5087 in
2198 5020 2262 5087 Dei

260 5095 376 5163 salutis
408 5099 536 5184 asylum
565 5103 600 5165 in
627 5102 761 5170 Christo
794 5127 864 5171 esse
892 5106 1122 5187 admonentur,
1156 5107 1236 5172 dum
1286 5106 1491 5170 maiestatem
1512 5104 1656 5170 offendit
1694 5105 1891 5189 Impingunt
1912 5107 1986 5173 ideo
2006 5109 2112 5175 nostri
2133 5108 2192 5173 isti
2211 5128 2262 5173 ar·

259 5192 399 5248 cernunt
419 5195 581 5269 quantum
602 5188 645 5253 sit
661 5190 749 5256 vitae
771 5211 850 5256 suae
871 5211 947 5257 cum
965 5191 1078 5259 divina
1097 5195 1235 5270 iustitia,
1287 5197 1464 5275 gutatores,
1482 5191 1569 5273 quod
1586 5189 1629 5256 ad
1645 5190 1728 5281 illud
1746 5190 1913 5276 Iacobi(2‚
1928 5193 1985 5281 10)
1999 5215 2067 5273 non
2084 5194 2263 5261 advertunt
