4672 5842
244 326 307 390 676
494 364 499 373 ·
890 316 1157 386 marlevam
1178 317 1283 384 REL.
1307 314 1489 383 effinse
1512 319 1604 381 1559.
2184 320 2248 381 676

244 533 303 595 que
329 511 449 576 ratione
475 512 582 590 ipsam
607 510 694 573 toties
720 510 853 586 atinati,
886 528 983 589 qaum
1009 509 1223 589 praedicatur
1273 504 1432 569 eiusmodi
1460 506 1622 569 orationes
1651 507 1734 569 citra
1760 506 1858 569 fidem
1888 507 1970 569 fiant
1996 506 2080 569 nibil
2109 514 2160 570 est
2191 506 2251 571 du-

244 599 386 664 eaect'tate
407 603 435 659 et
454 596 655 660 oblatratione
675 595 778 659 cordis
799 594 933 675 reprobi,
963 594 1037 660 baec
1058 599 1140 658 certa
1156 594 1222 674 fore
1246 662 1249 687 Ι
1274 589 1380 661 bium:
1413 592 1491 672 quia
1520 590 1572 653 bie
1600 592 1693 655 abest
1719 593 1856 656 verbum
1879 593 1957 669 Dci,
1984 612 2049 673 quo
2079 593 2143 656 nisi
2171 592 2251 658 fides

244 683 399 749 medietas
420 703 496 747 ettae
517 683 704 745 decurrente.
1275 698 1402 759 semper
1424 677 1554 754 nititur,
1585 685 1672 741 stare
1702 678 1793 742 nullo
1816 678 1911 742 modo
1933 687 2048 760 potesta.
2098 678 2163 758 Qui
2183 699 2252 743 ocra

331 773 382 831 47.
428 769 510 831 'l'rcs
532 768 613 831 istac
634 768 849 848 precationes,
874 766 992 847 quibus
1014 765 1222 847 peculiariter
1269 762 1449 842 posthabita
1477 764 1621 844 rosmari
1649 764 1758 845 regalo
1785 766 1855 828 auia
1881 766 1960 829 votis
1981 764 2158 845 indalqcnt,
2188 786 2252 829 uon

246 877 305 922 uos
326 877 364 919 ae
388 864 500 918 nostra
523 854 633 916 omnia
655 854 727 915 Deo
749 850 1029 923 commendamus,
1053 851 1222 915 evidenter·
1274 847 1371 912 modo
1393 849 1492 912 verbo
1514 849 1578 911 Dei
1601 857 1729 925 carent,
1760 850 1817 913 sed
1838 859 2000 931 quantum
2021 852 2111 914 omni
2133 858 2252 915 eonatu

246 939 425 1007 ostendunt
446 939 534 1020 qued
556 948 657 1001 antea
675 937 832 1001 diximus:
862 936 1127 1001 Christianorum
1149 958 1222 999 orra-
1247 944 1249 995 ἓ
1275 934 1388 998 valent
1420 933 1644 998 adversantur.
1701 935 1881 1018 Eleganter
1920 958 1997 1018 ergo
2032 956 2097 1000 non
2131 938 2251 1013 minus,

247 1029 352 1092 tiones
372 1024 518 1108 publicas
540 1046 609 1088 esse
624 1023 749 1098 debere,
773 1044 810 1086 ac
832 1023 867 1085 in
885 1022 1050 1104 publicam
1069 1020 1251 1097 ecclesiast
1274 1041 1372 1102 quam
1390 1041 1468 1084 vere
1480 1020 1704 1083 Tertullianus
1717 1021 1741 1101 ¹)
1763 1022 1944 1105 legitimam
1967 1023 2148 1086 orationem
2169 1044 2253 1087 nun·

247 1113 507 1179 aedificationem
536 1109 834 1189 communionisque
862 1107 1010 1171 fidelium
1041 1111 1223 1190 profestum
1247 1107 1250 1147 ¹
1276 1106 1423 1188 cupavit3
1447 1105 1527 1169 alias
1549 1127 1661 1170 omnes
1690 1107 1821 1190 exleges
1843 1117 1877 1171 et
1898 1108 2027 1172 illicitas
2055 1128 2126 1172 esse
2154 1110 2253 1174 tacite

247 1208 403 1282 spectare.
458 1197 532 1259 Non
572 1195 660 1259 enim
691 1196 750 1258 sibi
790 1196 925 1275 quisquc
958 1195 1112 1275 privatim
1152 1193 1223 1257 dari
1276 1191 1432 1255 indicans.

247 1284 423 1367 quidquam
445 1281 603 1364 postulot;
632 1302 746 1343 verum
768 1301 881 1344 omnes
903 1282 938 1343 in
962 1301 1142 1354 commune,
1167 1300 1223 1361 pa·
1362 1282 1412 1341 49.
1457 1277 1550 1341 Haeo
1579 1279 1626 1340 itu
1651 1278 1806 1342 nolumus
1828 1280 1946 1363 accipi,
1974 1281 2068 1361 quasi
2096 1281 2156 1345 bac
2177 1301 2254 1363 pre-

247 1391 325 1435 nem
348 1378 508 1440 nostrum,
538 1367 762 1430 remissionem
786 1374 999 1447 pcccatonrm,
1025 1388 1066 1429 ne
1088 1365 1224 1429 induca-
1248 1370 1251 1443 Ι
1276 1363 1371 1427 eandi
1393 1363 1533 1426 formula
1555 1366 1785 1447 astringamur,
1808 1374 1846 1429 ιιι
1867 1388 1927 1431 nec
1950 1368 2086 1431 verbum
2108 1374 2165 1430 aut
2186 1367 2253 1450 syl-

247 1476 323 1520 mur·
343 1457 376 1518 in
399 1453 623 1521 tentationem,
652 1461 689 1515 nt
710 1472 730 1514 a
751 1452 896 1534 maligno
914 1452 1097 1527 liberemur,
1120 1452 1224 1532 pose-i·
1248 1452 1251 1521 l
1276 1448 1385 1513 labam
1407 1460 1536 1512 mutare
1559 1449 1661 1514 liceat.
1697 1450 1825 1515 Multae
1848 1454 1936 1515 enirn
1953 1454 2075 1534 passim
2097 1454 2132 1517 in
2151 1454 2253 1535 serip-

247 1562 330 1605 mus.
365 1540 474 1604 (lausa
494 1548 664 1619 practerea
686 1538 858 1602 subiicitur
879 1559 937 1602 our
960 1547 1051 1600 tanta
1070 1539 1113 1600 sit
1130 1536 1224 1601 nobis
1248 1524 1251 1641 Ι
1276 1536 1359 1598 turis
1382 1534 1539 1617 leguntur
1556 1537 1728 1605 cultiones,
1752 1538 1860 1601 verbis
1883 1539 1923 1602 ab
1945 1540 2009 1603 ista
2030 1539 2128 1622 longe
2145 1537 2253 1603 diver·

248 1636 282 1693 et
298 1625 430 1709 petendi
449 1623 593 1699 audacia,
612 1634 645 1687 et
662 1623 781 1689 lidueia
793 1623 973 1687 obtinendi:
998 1645 1080 1705 quae
1094 1623 1223 1686 tametsi
1248 1652 1251 1691 ι
1276 1642 1346 1691 sae,
1374 1619 1487 1683 eodem
1516 1632 1625 1685 tamen
1653 1622 1770 1703 spiritu
1799 1625 2016 1706 conscriptae,
2049 1631 2084 1688 et
2114 1647 2253 1706 quarum

247 1714 281 1777 in
315 1712 427 1775 latinis
455 1710 697 1791 exemplaribus
725 1732 790 1774 non
817 1718 939 1779 exstat.
974 1710 1080 1792 magia
1113 1721 1224 1772 tamen
1277 1727 1356 1770 usus
1379 1705 1475 1770 valde
1504 1707 1593 1770 utilis
1621 1708 1714 1771 nobis
1737 1719 1795 1772 est.
1840 1710 1967 1775 Multae
1989 1712 2029 1774 ab
2051 1710 2165 1775 eodem
2187 1713 2253 1792 spi·

248 1799 395 1881 apposite
424 1795 477 1860 hie
504 1795 643 1877 quadrat
671 1817 769 1876 quam
798 1806 834 1859 ut
861 1794 1041 1859 omittenda
1065 1795 1221 1857 videatur.
1277 1793 1342 1855 ritu
1371 1791 1521 1856 fidelibus
1548 1793 1676 1857 assidue
1703 1806 1943 1877 suggeruntur,
1971 1817 2054 1877 quae
2078 1797 2252 1862 verborum

250 1884 369 1965 Nempe
390 1882 471 1962 ooo
491 1883 560 1944 eius
582 1892 632 1945 est
649 1902 803 1964 regnum,
826 1890 860 1945 ct
880 1882 1040 1962 potentia,
1064 1890 1097 1942 et
1121 1879 1224 1962 gloria
1276 1877 1489 1942 similitudine
1518 1899 1586 1941 non
1615 1881 1662 1942 ita
1683 1881 1825 1943 multum
1848 1884 2055 1946 conveniunt.
2100 1883 2141 1946 Id
2170 1883 2253 1947 dun-

247 1971 282 2034 in
310 1967 442 2033 succula
470 1968 682 2031 sacculorum.
728 1968 819 2031 Haec
853 1966 956 2030 solida
984 1966 1223 2047 tranquillaque
1249 1970 1251 2023 Ι
1276 1974 1369 2027 taxat·
1402 1963 1449 2026 sio
1480 1963 1623 2028 docendo
1651 1966 1795 2048 agimus,
1829 1989 1871 2030 ne
1897 1969 1969 2049 quis
1996 1968 2130 2032 omuino
2163 1968 2252 2032 aliud

247 2064 297 2121 est
324 2053 400 2118 fidei
428 2060 558 2117 nostrae
586 2054 721 2135 requies.
766 2052 852 2116 Nam
879 2055 906 2116 si
929 2064 1041 2116 nostro
1063 2052 1224 2134 dignitate
1277 2059 1421 2131 quaerat,
1445 2058 1613 2131 exspectet
1630 2062 1689 2114 aut
1706 2052 1857 2132 postulet,
1880 2076 1978 2136 quam
1996 2053 2083 2136 quod
2101 2055 2164 2119 bae
2181 2077 2252 2119 ora-

246 2150 380 2206 nostrao
405 2140 475 2203 Deo
503 2139 665 2203 orationes
695 2138 972 2203 commendandae
1000 2145 1123 2205 essent,
1152 2138 1224 2218 quis
1276 2137 1364 2198 tione
1387 2136 1576 2198 summatim
1599 2138 1871 2219 comprehensum
1894 2149 1956 2218 est,
1987 2149 2021 2204 ct
2047 2141 2157 2205 verbis
2178 2142 2253 2205 licet

246 2227 300 2293 vel
323 2226 443 2289 mutire
464 2244 574 2288 coram
597 2246 635 2287 eo
657 2224 813 2288 auderet?
858 2224 969 2295 Nunc,
993 2235 1030 2287 ut
1051 2223 1225 2286 miserrimi
1278 2220 1523 2297 diversissimis,
1554 2243 1652 2287 sensu
1677 2234 1786 2287 tamen
1813 2247 1879 2288 uon
1902 2227 2014 2290 variet.
2061 2225 2252 2307 Quomodo

249 2314 366 2390 simus,
396 2319 433 2373 ut
454 2311 600 2372 omnium
624 2309 859 2392 indignissimi,
889 2320 925 2373 ut
949 2310 1037 2373 omni
1060 2328 1225 2373 commen·
1277 2327 1390 2370 omnes
1418 2316 1558 2388 atquae
1586 2309 1620 2371 in
1643 2310 1816 2390 seripturis
1839 2311 2014 2391 habentur,
2044 2320 2078 2376 et
2105 2334 2190 2395 quae
2212 2334 2252 2377 ex

250 2397 379 2463 datione
400 2395 503 2471 vaani,
526 2416 694 2476 nunquam
711 2406 822 2459 tormen
840 2395 955 2460 orandi
973 2417 1032 2459 nos
1050 2415 1147 2460 causa
1169 2392 1225 2457 dc·
1279 2394 1341 2476 piis
1363 2393 1546 2474 pectoribus
1568 2394 1731 2475 prodeunt
1751 2397 1927 2475 orationes,
1949 2399 1983 2461 in
2006 2398 2092 2463 hane
2114 2400 2252 2463 conferri

249 2484 346 2559 ficiet,
370 2502 538 2562 nunquam
560 2480 679 2545 fiducia
701 2480 869 2555 destituct;
901 2481 1031 2563 quando
1057 2501 1117 2544 nce
1139 2480 1225 2562 patri
1278 2487 1405 2545 eertum
1438 2488 1501 2557 est3
1535 2480 1660 2543 nullam
1695 2502 1774 2544 sane
1807 2485 1951 2566 reperire
1979 2505 2117 2566 usquam
2148 2486 2251 2559 liceat,

249 2578 362 2634 nostro
382 2589 521 2650 regnum
545 2588 656 2641 suurn,
685 2568 845 2649 potentia,
875 2567 979 2650 gloria
1006 2567 1088 2648 cripi
1110 2574 1224 2648 potest.
1277 2584 1360 2646 quae
1387 2564 1486 2628 huius
1514 2566 1743 2646 perfectionem
1772 2587 1925 2650 aequare,
1953 2570 2076 2634 nedum
2098 2592 2254 2652 superare

248 2654 303 2720 Ad
324 2656 424 2718 finem
447 2652 593 2727 additur,
619 2655 742 2730 Amen;
772 2673 835 2735 quo
863 2653 960 2716 ardor
988 2652 1139 2717 desiderii
1168 2672 1225 2715 ex·
1278 2652 1387 2732 possit.
1432 2650 1525 2714 Nihil
1548 2650 1601 2715 hic
1623 2654 1781 2717 omissum
1803 2664 1865 2731 est,
1890 2655 1976 2736 quod
1997 2656 2031 2719 in
2052 2657 2116 2719 Dei
2137 2656 2254 2722 landes

247 2741 403 2825 primitur
423 2738 600 2813 obtinendi,
624 2760 706 2820 quae
729 2759 748 2802 a
770 2737 841 2802 Deo
862 2740 966 2821 petitu
988 2746 1073 2813 sunt,
1097 2746 1131 2801 et
1152 2758 1226 2819 spes
1250 2726 1253 2791 l
1278 2737 1429 2819 eogitari,
1457 2736 1540 2799 nihil
1569 2736 1655 2818 quod
1680 2738 1807 2817 bomini
1833 2762 1892 2822 pro
1919 2742 1987 2806 suis
2012 2740 2188 2805 commodis
2217 2745 2255 2807 in

248 2834 361 2891 nostra
383 2827 605 2902 confirmatur,
630 2823 816 2888 huiusmodi
839 2826 948 2888 omnia
970 2825 1034 2887 iam
1053 2825 1227 2906 impetrata
1277 2830 1421 2886 mentem
1443 2823 1556 2887 venire
1578 2823 1702 2888 debeat.
1747 2825 1794 2889 Et
1817 2826 1897 2891 adeo
1914 2825 2043 2910 quidem
2066 2835 2191 2905 exacto,
2215 2838 2255 2892 ut

247 2932 333 2989 esse,
366 2920 399 2975 et
425 2919 513 2975 certo
543 2911 636 2975 nobis
665 2931 854 2974 conoessum
877 2911 931 2989 iri,
960 2910 1090 2992 quando
1113 2930 1132 2973 a
1154 2908 1226 2972 Deo
1277 2907 1428 2972 omnibus
1455 2909 1573 2972 meiito
1601 2930 1674 2991 spes
1702 2910 1812 2975 ablata
1836 2914 1879 2977 sit
1899 2914 2014 2978 melius
2035 2913 2160 2994 aliquid
2182 2922 2254 2978 ten-

247 2999 409 3082 promissa
437 3004 528 3072 sunt,
564 2998 619 3078 qui
647 2996 760 3060 fallere
788 3017 854 3060 non
876 3003 992 3079 potest.
1043 2998 1146 3076 Atqae
1172 2995 1227 3058 boc
1278 2993 1380 3057 tandi.
1425 2994 1466 3057 In
1489 3015 1629 3072 summa,
1659 2997 1906 3063 meminerimus
1934 3000 2018 3064 hane
2045 2999 2179 3064 divinae
2203 3022 2254 3065 sa·

247 3084 386 3149 mevenit
411 3082 561 3147 currilia
583 3102 680 3163 qaam
695 3083 791 3163 prisia
812 3084 976 3148 retulimus
996 3081 1149 3163 fumario:
1175 3081 1227 3162 fac
1277 3080 1421 3161 pientiae
1448 3101 1519 3144 esse
1542 3080 1736 3146 doctrinam:
1767 3103 1849 3165 quae
1876 3085 1962 3167 quod
1984 3085 2101 3164 voluit,
2131 3086 2251 3164 docuit3

248 3167 384 3234 Domioe
406 3173 534 3249 propter
560 3189 669 3232 tranat
696 3173 801 3245 tuam,
830 3188 890 3233 oon
912 3173 1042 3249 prepter
1069 3188 1137 3246 tras,
1171 3172 1226 3230 aut
1277 3166 1382 3231 voluit
1403 3174 1513 3230 autem
1534 3166 1620 3249 quod
1641 3189 1774 3234 neeesse
1794 3171 1865 3234 fnit.

247 3255 405 3320 iustitiam
421 3259 574 3318 nostram:
595 3275 658 3334 qao
674 3274 735 3317 tion
754 3258 875 3318 matum
890 3256 985 3334 ficeto
1002 3258 1139 3318 totamm
1156 3273 1226 3317 stro-
1364 3256 1413 3314 50.
1459 3250 1658 3335 Quanquam
1686 3263 1798 3319 autem
1826 3277 1925 3339 supra
1952 3257 2018 3320 iam
2047 3255 2173 3322 dietum
2194 3267 2250 3336 ost,

246 3359 321 3405 nrm
346 3340 664 3422 capramolente,
692 3339 747 3402 sed
772 3341 912 3420 fateatur
937 3340 1081 3422 iruiiqoos
1107 3359 1140 3403 se
1161 3359 1226 3403 esse
1277 3336 1414 3402 sublatis
1442 3337 1484 3402 ad
1510 3339 1619 3402 Deum
1646 3342 1763 3405 animis
1793 3344 1922 3424 semper
1955 3344 2190 3426 suspirandum
2221 3353 2252 3409 et

247 3428 304 3507 qai
326 3427 503 3508 impetrent,
527 3426 592 3488 abi
614 3423 704 3489 Deae
725 3443 855 3490 eausam
877 3448 897 3489 a
920 3446 952 3490 se
974 3428 1043 3508 ipso
1058 3431 1161 3506 petat;
1189 3445 1225 3489 ae
1249 3468 1252 3541 Ι
1276 3425 1347 3489 sine
1364 3424 1607 3489 intermissione
1627 3427 1797 3503 orandum,
1817 3428 1946 3509 quando
1965 3436 2078 3493 tamen
2095 3440 2251 3496 eanostra

247 3511 310 3576 eibi
332 3511 484 3576 amandi
505 3530 570 3575 esse
589 3510 740 3591 fiduciam
760 3532 798 3575 ex
819 3513 888 3577 soler
909 3511 973 3576 Dei
994 3517 1118 3576 rimare.
1276 3517 1327 3574 est
1347 3510 1566 3588 imbecillitas,
1595 3533 1678 3594 quae
1701 3513 1813 3578 multis
1835 3514 2042 3580 adminiculis
2064 3519 2250 3595 sustentari,

335 3602 386 3661 48.
420 3596 590 3661 Habemus
612 3596 770 3679 quidquid
793 3596 903 3662 aDeo
924 3606 1036 3680 petere
1059 3597 1223 3677 debemus,
1249 3622 1252 3675 r
1276 3597 1305 3660 is
1332 3604 1442 3660 noster
1470 3604 1595 3678 torpor,
1625 3598 1681 3679 qui
1710 3599 1890 3664 calcaribus
1918 3602 2055 3666 excitari
2083 3624 2165 3686 opus
2192 3603 2250 3666 ha—

248 3701 286 3749 ao
303 3683 436 3748 omnino
456 3683 556 3746 etiam
573 3703 753 3765 possumus,
777 3683 977 3766 descriptum
994 3685 1057 3748 hae
1074 3684 1222 3760 formula,
1249 3686 1251 3767 l
1276 3681 1365 3758 beat,
1396 3685 1548 3748 convenit
1575 3690 1614 3747 ut
1636 3685 1697 3747 sibi
1719 3686 1855 3767 quisque
1877 3695 2026 3751 nostrum
2049 3690 2249 3754 exercitatio-

247 3770 282 3835 et
301 3769 395 3835 velut
415 3768 529 3833 orandi
559 3769 672 3852 regula
701 3768 741 3832 ab
765 3771 888 3851 optimo
910 3771 1070 3854 magistro
1090 3769 1224 3834 Christo
1248 3772 1251 3823 l
1277 3770 1327 3833 nis
1349 3789 1448 3833 causa
1469 3769 1650 3852 peculiares
1672 3771 1771 3835 boras
1788 3774 1974 3850 constituat,
1998 3795 2084 3855 quae
2099 3795 2161 3839 non
2179 3775 2250 3838 sine

247 3856 381 3930 tradita3
413 3875 511 3937 quem
539 3853 631 3919 nobis
666 3855 830 3920 doctorem
863 3865 956 3938 pater
987 3856 1157 3938 praefecit,
1191 3866 1225 3919 ct
1276 3856 1421 3918 oratione
1443 3856 1587 3933 effluant,
1611 3869 1644 3919 et
1665 3877 1747 3938 quae
1769 3866 1854 3922 totos
1873 3860 1975 3922 animi
1988 3860 2126 3925 affectus
2141 3861 2252 3924 inhoc

247 3952 344 4024 q'uem
367 3962 470 4004 unum
493 3941 671 4006 airsoultari
694 3941 799 4005 voluit
821 3942 955 4024 (Matth.
980 3946 1027 4017 17,
1048 3941 1091 4023 5).
1137 3941 1224 4004 Nam
1275 3942 1405 4022 penitus
1426 3948 1599 4023 occupatos
1622 3942 1779 4007 habeant:
1809 3965 1926 4025 nempe
1954 3945 2033 4009 dum
2062 3966 2158 4011 mane
2179 3969 2252 4012 sur-

248 4034 282 4090 et
303 4035 435 4091 aeterna
453 4028 522 4091 eius
540 4029 702 4109 sapientia
715 4048 844 4109 semper
855 4028 926 4102 fuit,
949 4036 982 4090 et
1001 4027 1097 4091 homo
1108 4027 1222 4105 factus,
1276 4027 1393 4110 gimus,
1413 4035 1589 4108 autequam
1608 4027 1761 4092 diurnam
1777 4050 1909 4111 operam
1929 4032 2156 4114 aggredimur-3
2175 4033 2253 4097 dum

248 4113 385 4195 angelus
407 4114 519 4195 magni
542 4114 667 4177 consilii
691 4113 879 4177 hominibus
902 4113 998 4177 datus
1021 4124 1079 4178 est.
1115 4114 1224 4195 Atque
1248 4138 1251 4191 ι
1276 4112 1318 4176 ad
1340 4121 1471 4195 pastum
1484 4112 1729 4194 discumbimus,
1752 4115 1907 4180 duchi
1926 4117 2151 4184 benedictione
2168 4121 2252 4203 pasti

248 4197 329 4263 adeo
351 4200 496 4262 numeris
519 4199 670 4263 omnibus
692 4199 841 4264 absoluta
863 4207 913 4263 est
935 4199 1016 4263 haee
1038 4199 1158 4277 oratio,
1187 4210 1225 4262 ut
1276 4219 1397 4273 sumus,
1421 4197 1500 4261 dum
1522 4198 1563 4263 ad
1585 4202 1726 4281 quictem
1749 4222 1809 4266 nes
1827 4202 2012 4284 recipimus.
2047 4204 2141 4269 Haeo
2159 4205 2253 4269 modo

247 4284 404 4369 quidquid
432 4285 481 4347 illi
509 4284 940 4366 extraneumalienumque
964 4283 1107 4361 additur,
1138 4284 1224 4367 quod
1276 4285 1319 4348 sit
1351 4305 1417 4349 non
1448 4286 1674 4366 superstitiosa
1706 4287 1862 4352 horarum
1895 4289 2093 4368 observatio,
2126 4291 2251 4374 quibus,

247 4370 288 4436 ad
311 4392 384 4435 eam
406 4371 520 4435 referri
542 4393 608 4434 non
630 4371 746 4452 possit,
770 4371 910 4453 impium
932 4372 975 4434 sit
996 4379 1030 4435 et
1051 4370 1222 4454 indiguum
1275 4391 1334 4436 ceu
1361 4392 1500 4451 pensum
1527 4372 1599 4436 Deo
1627 4372 1805 4451 solventes,
1835 4376 1869 4437 in
1897 4386 2043 4440 caeteras
2071 4375 2170 4442 horas
2196 4377 2252 4441 de·

246 4456 331 4539 quod
353 4458 457 4522 aDco
472 4456 628 4537 paeto.
664 4457 738 4521 Hae
760 4458 848 4521 enim
866 4478 995 4521 summa
1011 4458 1224 4541 praescripsit
1274 4457 1379 4521 functi
1412 4456 1505 4521 nobis
1538 4457 1723 4536 videamur;
1765 4460 1822 4524 sed
1854 4461 2088 4526 imbecillitatis
2122 4474 2253 4528 nostrae

245 4542 325 4625 quid
347 4565 382 4607 se
404 4543 558 4625 dignum,
581 4542 658 4625 quid
681 4541 741 4605 sibi
764 4550 949 4624 acceptum,
972 4542 1050 4625 quid
1073 4563 1223 4609 necessa-
1247 4534 1250 4603 l
1274 4541 1491 4625 paedagogia,
1520 4565 1584 4626 qua
1612 4546 1658 4610 sie
1677 4564 1868 4611 exerceatur
1891 4556 1924 4610 et
1945 4548 2084 4613 subinde
2105 4549 2253 4614 stimule-

246 4629 333 4692 rium
360 4629 454 4694 nobis
482 4630 540 4704 sit,
568 4628 645 4709 quid
675 4627 814 4710 denique
842 4628 1019 4694 concedere
1041 4630 1110 4712 ipse
1133 4629 1221 4693 velit.
1274 4637 1338 4692 tur.
1389 4629 1590 4693 Praesertim
1626 4631 1763 4696 sollicite
1798 4633 1979 4697 curandum
2015 4642 2086 4711 est,
2125 4636 2252 4718 quoties

246 4712 471 4795 Quamobrem
497 4715 553 4795 qui
582 4714 671 4777 ultra
694 4714 848 4796 progredi
871 4714 1010 4792 audent,
1039 4723 1072 4779 et
1093 4725 1223 4797 praeter
1276 4713 1384 4796 aliqua
1406 4736 1517 4779 rerum
1535 4717 1687 4799 angustia
1707 4728 1764 4781 ant
1780 4719 1844 4801 ipsi
1856 4720 2046 4802 premimur,
2071 4729 2129 4785 aut
2145 4722 2253 4804 premi

245 4799 327 4864 haec
350 4800 471 4881 aliquid
495 4822 515 4864 u
536 4798 609 4863 Deo
631 4799 812 4882 postulare,
841 4802 986 4884 primum
1014 4800 1145 4883 quidem
1170 4820 1223 4863 sa·
1275 4800 1355 4864 alios
1366 4799 1524 4881 videmus,
1540 4803 1614 4886 ut‘2)
1626 4802 1667 4866 ad
1680 4824 1756 4866 eum
1774 4808 1886 4869 statim
1903 4807 2013 4871 citatis
2029 4827 2097 4870 non
2114 4807 2253 4890 pedibus

245 4885 386 5033 pientiae
399 4884 463 4950 Dei
486 4908 527 4949 ex
549 4907 608 4950 suo
630 4884 750 4950 addere
763 4886 994 4969 volunt-,equod
1017 4887 1089 4951 sinc
1105 4870 1249 5019 insana]
1275 4884 1332 4949 sed
1350 4887 1703 4967 animisreeurramus;
1727 4889 1845 4954 deinde
1867 4912 2019 4974 nequam
2033 4900 2254 4959 autnostram

268 4970 451 5052 lasphemia
479 4992 642 5036 essenon
668 4979 789 5054 potest;
817 4971 934 5036 deinde
963 4971 1024 5036 sub
1051 4972 1223 5038 voluntate

245 5054 311 5118 Dei
343 5078 408 5121 non
439 5078 474 5122 se
501 5058 685 5137 continent,
718 5058 776 5123 sed
809 5077 848 5122 ea
879 5064 1065 5141 contempta
1091 5058 1223 5142 longius

247 5140 425 5223 eupiditate
443 5152 633 5226 evagantur.
666 5143 836 5209 Postremo
858 5144 942 5208 nihil
964 5165 1112 5227 unquam
1135 5164 1223 5208 asae·
1342 5177 1372 5245 1)
1389 5178 1430 5230 De

247 5235 408 5311 quantur,
436 5230 537 5312 quum
565 5230 636 5294 sine
662 5229 728 5294 fide
754 5236 858 5298 orent.
906 5231 990 5312 Quia
1011 5250 1089 5296 vero
1109 5250 1222 5295 omues
1272 5247 1352 5302 aun
1367 5245 1446 5300 tura

1274 5061 1478 5068 -——-..

1448 5178 1511 5298 ndgfl
1528 5178 1557 5230 in
1573 5180 1785 5260 persequutione
1803 5197 1825 5233 c.
1843 5180 1868 5234 2.
1923 5182 1969 5265 ¹9)
1987 5181 2025 5237 Ia
2042 5186 2169 5239 mathus
2186 5193 2255 5241 vete-

1481 5252 1570 5301 mir:
1587 5251 1626 5314 ut,
1643 5247 1718 5316 qvod
1735 5249 1798 5303 oleo
1814 5266 1988 5320 reparamus
2003 5267 2038 5306 ex
2055 5254 2096 5308 ea
2115 5254 2193 5309 laea.
