4672 5842
164 309 247 374 uos
805 297 1072 367 11111111]Ήο
1092 300 1197 366 uun.
1221 298 1404 367 01111181.
1432 304 1523 366 1559.
1631 308 1641 319 ⁴
1884 266 1893 273 ’
2093 304 2170 365 nos

161 494 304 562 diciariis
331 493 444 576 poenis
472 491 664 571 coercenda,
694 491 752 556 sed
779 491 821 555 cd
851 491 990 556 ditiones
1012 510 1140 574 quoque
1283 495 1329 554 13.
1375 488 1475 554 Libet
1494 488 1582 554 istud
1603 509 1732 572 quoque
1753 496 1917 573 poshemo
1939 489 2093 567 adiicere,
2115 488 2169 552 tri·

160 580 238 647 fidei
264 599 343 644 suae
371 579 562 643 commissas
584 578 669 642 bello
692 576 928 655 defendendas,
957 575 1139 658 siquando
1192 575 1271 640 buta
1293 585 1327 641 et
1348 575 1521 658 vectigalia
1548 575 1712 659 legitimos
1733 597 1805 641 esse
1829 576 2017 658 principum
2038 574 2167 653 reditus,

161 665 323 731 hostiliter
351 665 562 746 impetantur.
619 665 665 728 Et
697 662 855 728 eiusmodi
888 663 974 728 bella
1005 663 1139 744 spiritus
1192 683 1273 744 quos
1295 662 1337 727 ad
1358 661 1551 728 sustinenda
1571 661 1702 744 quidem
1724 663 1932 744 potissimum
1947 661 2085 745 publica
2100 682 2168 725 mu-

161 757 295 818 sauctus
320 750 433 815 mrrltis
463 751 646 832 scripturae
674 750 871 814 testimoniis
898 749 1047 831 legitima
1068 770 1139 813 esse
1192 749 1282 813 neris
1309 751 1361 813 sui
1383 767 1483 812 onera
1504 749 1688 825 conferant,
1711 748 1830 830 quibus
1851 758 1963 812 tamen
1985 749 2036 813 uti
2058 747 2168 811 simili·

161 836 312 903 declarat
1193 843 1243 898 ter
1268 837 1395 917 possint
1423 835 1465 898 ad
1492 833 1699 915 splendorem
1728 855 1828 898 suum
1850 833 2086 912 domesticum,
2117 833 2168 916 qui

249 927 297 986 12.
343 921 439 1003 Quod
457 922 486 986 si
503 921 585 985 mihi
603 921 762 999 obiicitur,
784 921 821 984 in
838 942 922 984 novo
943 928 1139 984 testamento
1192 941 1268 983 cum
1295 922 1439 1004 imperii,
1467 919 1554 1003 quod
1578 925 1712 1003 gerunt,
1740 919 1900 1002 dignitate
1932 917 2168 1001 quodammodo

160 1008 289 1074 nullum
306 1020 437 1073 exstare
454 1007 507 1072 vel
532 1007 755 1071 testimonium
775 1006 828 1071 vel
847 1006 1035 1089 exemplum
1053 1004 1138 1088 quod
1192 1006 1384 1071 coniunctus
1413 1018 1469 1071 est
1516 1003 1669 1084 Qualiter
1690 1005 1868 1083 Davidem,
1897 1005 2097 1083 Ezechiam,
2119 1005 2166 1070 Ie

161 1095 276 1161 doceat
302 1094 426 1160 bellum
458 1114 529 1157 rem
561 1113 633 1157 esse
665 1093 788 1158 licitam
818 1092 1033 1157 Christianis:
1071 1093 1139 1174 pri·
1191 1093 1283 1168 siam,
1307 1092 1472 1174 Iosophat,
1496 1091 1641 1173 aliosque
1659 1100 1790 1156 sanctos
1807 1113 1911 1175 reges,
1930 1091 2056 1175 Ioseph
2074 1092 2167 1156 etiam

159 1202 254 1246 mum
276 1179 472 1263 respondeo,
496 1179 654 1242 rationem
677 1179 812 1262 gerendi
835 1178 929 1255 belli,
952 1199 1036 1261 quae
1058 1179 1138 1242 olim
1191 1186 1224 1240 et
1245 1179 1433 1254 Danielem,
1458 1177 1625 1255 videmus,
1647 1198 1707 1259 pro
1728 1197 1885 1260 personae
1907 1199 2008 1260 quam
2031 1179 2167 1242 sustine

160 1267 240 1345 fuit,
270 1266 366 1330 hodie
394 1285 520 1347 quoque
548 1285 756 1364 permanere,
790 1285 896 1347 neque
925 1286 996 1328 esse
1018 1285 1058 1328 ex
1080 1264 1138 1328 ad-
1190 1264 1272 1327 bant
1303 1264 1414 1342 modo,
1448 1264 1608 1362 inoffensa
1642 1265 1783 1362 pictate,
1823 1264 1924 1363 hrisse
1940 1286 1998 1363 ‘ex
2041 1263 2167 1362 publico

160 1360 964 1513 fflsttttntttttffltttttt⁰tt
979 1349 1138 1518 {titt
1191 1349 2166 1520 3111111111111111111111111111111111

162 1523 239 1589 dam
261 1525 297 1586 in
319 1522 505 1604 apostelicis
526 1522 631 1586 literis
653 1542 843 1603 expressam
865 1523 1005 1586 istarum
1027 1543 1138 1586 rerum
1190 1522 1320 1586 tametsi
1342 1520 1469 1587 Christi
1496 1521 1663 1603 spirituale
1690 1520 1837 1604 depingit
1864 1542 2021 1605 regnum,
2050 1542 2072 1586 a
2091 1521 2165 1606 legi-

162 1609 416 1685 enarrationem,
439 1606 496 1671 uhi
517 1628 583 1671 non
605 1607 753 1690 politiam
776 1609 932 1683 formare,
962 1607 1021 1671 sed
1042 1609 1138 1690 spiri·
1190 1608 1271 1670 timo
1302 1616 1412 1674 tamen
1453 1607 1624 1671 hominum
1661 1628 1763 1690 regno
1802 1607 1968 1672 simulacri
2001 1608 2166 1690 exemplar

161 1695 249 1759 tuale
283 1693 408 1758 Christi
446 1714 587 1778 regnum
625 1694 797 1758 instituere
835 1694 1038 1777 propositum
1078 1706 1136 1758 est
1189 1693 1282 1776 petit.
1328 1691 1385 1758 Sic
1413 1693 1553 1774 quiden,
1582 1702 1619 1757 ut
1640 1693 1786 1758 vicissim
1814 1692 2029 1757 meminerint
2050 1694 2165 1777 princi-

160 1782 333 1846 Postremo
355 1779 422 1845 illic
444 1800 571 1863 qnoque
593 1778 697 1843 obiter
719 1778 865 1857 indicari,
889 1779 1061 1844 Christum
1079 1802 1138 1844 suo
1189 1799 1247 1861 pes
1275 1781 1351 1861 ipsi,
1381 1781 1476 1844 fiscos
1506 1800 1580 1844 suos
1607 1799 1675 1842 non
1703 1790 1773 1843 tam
1799 1779 1948 1862 privatas
1976 1800 2051 1844 esse
2080 1801 2165 1845 arms

161 1866 304 1931 adventu
327 1865 412 1929 nihil
434 1865 496 1930 hac
518 1865 553 1928 in
579 1872 672 1948 parte
695 1881 847 1930 mutasse.
891 1866 978 1929 Nam
1000 1866 1029 1930 si
1050 1866 1137 1930 chri·
1189 1885 1288 1946 quam
1310 1867 1410 1930 totius
1439 1864 1549 1948 populi
1572 1866 1698 1929 aeraria
1726 1864 1788 1947 (sic
1810 1865 1899 1929 enim
1919 1865 2051 1930 Paulus
2072 1874 2164 1930 teste-

160 1953 268 2017 stiana
300 1950 486 2033 disciplina,
532 1957 571 2013 ut
602 1951 783 2034 Augustini
799 1953 823 2034 ¹)
863 1951 973 2016 verbis
1011 1951 1136 2034 loquar,
1189 1959 1246 2014 tur
1273 1952 1368 2015 Rem.
1397 1955 1444 2027 13,
1472 1951 1521 2031 6),
1566 1971 1649 2032 quae
1685 1949 1857 2034 prodigere
1891 1962 1950 2014 aut
1989 1949 2166 2034 dilapidare

160 2039 271 2103 omnia
297 2035 383 2101 bella
404 2034 593 2114 damnaret,
621 2036 683 2102 hoc
714 2038 822 2120 potius
849 2037 1009 2102 militibus
1031 2039 1137 2102 consi-
1189 2037 1262 2101 sine
1301 2037 1474 2101 manifesta
1511 2037 1632 2100 iniuria
1668 2058 1733 2100 non
1775 2037 1909 2118 possint
1962 2036 2030 2101 Vel
2063 2038 2166 2121 potius

160 2123 243 2188 lium
269 2122 384 2188 salutis
412 2121 600 2204 petentibus
631 2122 809 2200 diceretur,
840 2131 878 2186 ut
906 2144 998 2188 arma
1019 2122 1137 2188 abiice-
1189 2123 1297 2204 ipsum
1324 2144 1428 2205 paene
1450 2142 1522 2187 esse
1549 2122 1661 2205 populi
1689 2123 1898 2205 sangumem,
1930 2123 1983 2187 cui
2006 2144 2074 2188 non
2094 2145 2166 2206 par·

160 2217 236 2274 rent
256 2229 355 2291 seque
376 2208 496 2273 militia
517 2210 648 2292 penitus
670 2207 897 2274 subducerent.
932 2208 1069 2274 Dictum
1087 2216 1137 2274 est
1189 2230 1264 2274 cere
1286 2208 1461 2273 durissima
1482 2208 1526 2273 sit
1556 2208 1797 2286 inhumanitas;
1831 2229 1908 2272 suas
1929 2218 2046 2275 autem
2066 2209 2165 2275 indic-

69 2313 75 2323 ·
160 2304 271 2360 autem
291 2293 352 2360 eis:
382 2296 548 2358 neminem
571 2295 813 2372 concusseritis,
836 2296 959 2359 nemini
981 2295 1138 2360 iniuriam
1188 2295 1294 2359 hones
1316 2302 1350 2358 et
1370 2295 1550 2360 oblationes
1572 2294 1700 2377 aliaque
1722 2292 1924 2358 tributorum
1947 2315 2081 2378 genera,
2103 2317 2164 2360 non

160 2381 317 2458 feceritis,
345 2380 486 2445 sufficiat
515 2379 606 2445 vobis
635 2380 836 2463 stipendium
865 2389 1011 2446 vestrum
1039 2381 1136 2466 (Luc.
1189 2382 1253 2445 nisi
1286 2380 1434 2463 publicae
1473 2381 1676 2445 necessitatis
1715 2378 1861 2445 subsidia
1892 2401 1966 2446 esse
2005 2389 2164 2464 reputent

163 2465 278 2550 3‚14).
330 2464 461 2546 Quibus
488 2467 660 2549 proprium
686 2465 887 2549 stipendium
908 2468 1058 2533 sufficere
1080 2469 1137 2533 de-
1190 2465 1308 2550 quibus
1335 2467 1492 2531 miseram
1519 2467 1648 2550 plebem
1677 2465 1798 2548 absque
1827 2487 1929 2531 causa
1955 2467 2012 2531 l'a'
2114 2475 2164 2552 ty·

161 2552 239 2617 bere
260 2552 440 2634 praecepit,
463 2551 605 2616 militare
628 2553 741 2634 utique
762 2574 828 2616 non
849 2553 1024 2635 prohibuit.
1070 2555 1137 2619 Ve-
1190 2553 1328 2616 rannica
1353 2554 1397 2618 sit
1425 2553 1595 2634 rapacitas.
1639 2552 1733 2617 Haec
1760 2551 1966 2636 principibus
2056 2554 2163 2636 profu·

161 2658 239 2703 rum
266 2638 519 2720 magistratuum
548 2639 695 2702 omnium
723 2639 822 2704 fuerit
848 2660 1054 2722 summopere
1083 2641 1138 2704 hio
1190 2639 1314 2704 sionem
1336 2647 1369 2702 et
1398 2638 1564 2703 luxuriam
1587 2649 1777 2720 sumptuum
1799 2658 1865 2703 non
1893 2638 2019 2704 faciunt
2039 2639 2161 2703 animos
2194 2710 2199 2717 ,

160 2744 291 2800 cavere,
326 2744 368 2787 ne
398 2722 631 2806 cupiditatibus
663 2725 731 2789 suis
763 2725 816 2788 vel
849 2725 1018 2790 tantillum
1045 2725 1137 2791 obse-
1190 2724 1242 2809 (ut
1274 2734 1362 2790 certe
1390 2725 1495 2789 facem
1532 2744 1648 2788 eorum
1687 2722 1936 2807 cupiditatibus,
1974 2724 2046 2808 plus
2075 2725 2162 2789 iusto

62 2876 64 2881 ,
160 2817 307 2894 quantur
314 2833 322 2888 ;
344 2810 426 2892 quin
446 2811 561 2893 magis,
585 2811 655 2875 sive
677 2810 880 2892 expetendae
903 2819 982 2875 sunt
1003 2833 1135 2895 poenae,
1189 2819 1307 2894 sponte
1329 2811 1481 2888 accensis,
1504 2811 1664 2876 subiicere
1685 2831 1769 2892 opus
1789 2831 1855 2873 non
1878 2810 1962 2895 est),
1984 2809 2041 2875 sed
2059 2829 2163 2893 quum

160 2916 228 2960 non
259 2896 429 2979 praecipiti
464 2895 635 2960 iracundia
667 2898 830 2975 ferantur,
865 2918 932 2961 non
965 2899 1137 2980 rapiantur
1189 2895 1368 2979 plurimum
1386 2897 1514 2973 referat,
1537 2896 1624 2978 ipsos
1645 2917 1730 2979 pura
1751 2915 1862 2961 coram
1878 2897 1954 2961 Deo
1970 2896 2166 2962 conscient'm

160 2981 248 3059 odio,
278 3002 342 3046 non
372 2980 570 3064 implacabili
593 2983 781 3047 austeritate
804 2981 955 3061 ardeant,
978 2984 1137 3049 miseren·
1189 2983 1310 3047 audere
1341 2981 1501 3066 quidquid
1534 2981 1674 3060 audent,
1708 3003 1750 3046 ne
1776 2982 1878 3064 impia
1906 2980 2107 3049 confidentia
2130 2983 2164 3047 in

161 3077 216 3132 tur
242 3068 342 3132 etiam
368 3089 575 3133 communem
603 3070 640 3133 in
662 3089 699 3133 eo
723 3075 889 3146 naturam,
918 3076 956 3133 ut
977 3070 1137 3154 Augusti-
1188 3068 1254 3133 Dei
1287 3070 1511 3151 contemptum
1543 3069 1692 3143 veniant,
1729 3067 1865 3132 docendi
1897 3076 1977 3133 sunt
2010 3077 2164 3152 quanmm

161 3173 225 3218 nus
257 3154 416 3235 loquitur,
445 3155 479 3217 in
507 3173 571 3236 quo
600 3155 743 3237 puniunt
769 3157 939 3238 proprium
967 3155 1136 3236 delictum;
1190 3155 1252 3219 sibi
1279 3154 1384 3220 liceat.
1434 3155 1550 3236 Neque
1577 3154 1658 3220 haec
1688 3153 1836 3218 doctrina
1857 3155 2000 3237 privatis
2028 3154 2164 3220 homini·

160 3239 230 3304 sive
258 3259 351 3303 arma
377 3241 412 3303 in
442 3239 587 3319 hostem,
617 3241 679 3307 hoc
701 3248 752 3305 est
772 3251 936 3306 armatum
965 3242 1135 3321 latronem,
1189 3239 1250 3305 bus
1270 3259 1474 3323 supervacua
1495 3248 1555 3319 est,
1576 3262 1619 3305 ne
1641 3241 1773 3322 quosvis
1794 3240 1984 3323 principum
2006 3248 2163 3325 sumptis,

160 3323 327 3390 induenda
359 3330 451 3402 sunt,
479 3345 546 3390 non
574 3348 616 3391 ex
645 3327 731 3392 facili
758 3328 961 3392 occasionem
988 3338 1135 3412 captont3
1189 3327 1322 3392 tametsi
1344 3325 1515 3409 vulgarem
1539 3325 1733 3409 civilemque
1759 3325 1894 3390 modum
1917 3324 2099 3405 excedunt,
2120 3335 2164 3392 te

160 3410 226 3474 imo
253 3432 314 3475 nec
337 3409 480 3474 oblatam
502 3412 677 3493 accipiant,
706 3413 772 3476 nisi
794 3435 922 3478 summa
944 3415 1137 3480 necessitate
1189 3434 1279 3477 mere
1301 3433 1338 3476 ac
1360 3412 1541 3495 procaciter
1562 3412 1718 3495 sugillare
1739 3412 1801 3476 sibi
1822 3412 2028 3494 permittant

161 3494 275 3559 adacti.
320 3494 406 3559 Nam
430 3497 457 3560 si
480 3496 584 3560 multo
612 3497 687 3580 plus
709 3498 803 3563 nobis
830 3500 1064 3582 praestandum
1086 3508 1138 3567 est
1280 3503 1326 3562 14.
1371 3498 1547 3563 Proximae
1577 3506 1657 3563 sunt
1684 3497 1895 3581 magistratui
1915 3499 1951 3562 in
1971 3499 2097 3582 politiis
2121 3498 2163 3564 lc·

160 3600 260 3664 quam
292 3581 439 3664 exegerit
471 3581 622 3648 ethnicus
648 3583 752 3665 ille,²)
785 3584 841 3666 qui
874 3585 998 3651 bellum
1030 3587 1135 3652 videri
1188 3605 1263 3668 ges,
1287 3583 1481 3650 validissimi
1501 3605 1614 3648 rerum
1635 3582 1841 3666 publicarum
1862 3586 1973 3664 nervi3
1996 3584 2066 3663 vel,
2089 3605 2162 3669 quo·

160 3666 265 3731 voluit
286 3686 399 3750 pacem
417 3668 608 3748 quaesitam,
631 3670 743 3735 omnia
762 3671 855 3752 prius
872 3681 961 3738 certe
979 3673 1138 3738 tentanda
1188 3670 1284 3736 modo
1305 3672 1473 3736 amandum
1496 3669 1660 3734 Platonem
1681 3690 1701 3733 a
1720 3669 1878 3735 Cicerone
1900 3678 2076 3751 vocantur,
2098 3670 2160 3737 aui-

160 3761 241 3819 sunt
261 3774 361 3836 quam
382 3755 483 3818 armis
504 3753 754 3820 decernendum
785 3757 826 3822 In
849 3765 986 3841 utroque
1004 3759 1137 3824 demum
1188 3778 1271 3835 mae,
1284 3759 1356 3821 sine
1366 3755 1482 3839 quibus
1493 3757 1671 3821 consistere
1682 3756 1797 3838 nequit
1806 3756 2038 3840 magistratum
2057 3746 2161 3841 qheh-

160 3860 297 3924 genere,
325 3838 417 3904 nullo
442 3840 574 3923 privato
603 3841 721 3908 affectu
747 3844 916 3927 patiantur
943 3867 978 3910 se
1007 3847 1136 3929 corripi,
1189 3842 1366 3907 admodum
1386 3863 1447 3907 neo
1473 3843 1564 3925 ipsae
1595 3863 1730 3908 rursum
1756 3842 1826 3906 sine
1849 3863 1884 3905 m
1930 3840 2161 3926 ’1111111ᾳηί11-

160 3925 219 3988 sed
239 3925 370 4008 publico
392 3924 554 3990 duntaxat
581 3949 680 3993 sensu
710 3928 880 3995 ducantur.
925 3931 1058 4013 Alioqui
1079 3954 1136 4015 po-
1189 3951 1289 4013 quam
1309 3930 1432 4013 vigoris
1454 3928 1585 3993 habent
1623 3927 1768 3993 Proinde
1790 3927 1874 3992 nihil
1923 3929 1961 3994 'ci
1985 3929 2094 3995 verius
2108 3948 2162 4011 po·

160 4018 279 4075 testate
308 4032 368 4075 sua
389 4013 529 4094 pessime
556 4012 751 4092 abutrmtur,
778 4036 861 4097 quae
888 4036 954 4080 non
976 4017 1012 4080 in
1040 4040 1137 4082 suum
1189 4022 1290 4094 terat,
1314 4036 1412 4098 quam
1432 4022 1563 4077 mutum
1585 4032 1657 4079 esse
1678 4015 1926 4096 magistr-atim,
1954 4014 2078 4099 legem;
2096 4032 2162 4078 ma·

160 4095 226 4160 illis
252 4096 473 4176 commodum,
507 4098 564 4163 sed
602 4099 741 4164 aliorum
768 4101 892 4166 benum
919 4123 956 4168 ac
988 4105 1138 4168 ministe-
1190 4103 1380 4184 gistratum,
1411 4100 1518 4184 legem
1540 4119 1611 4165 esse
1633 4099 1753 4167 vivam.
1798 4098 1898 4181 Quod
1926 4110 2038 4167 autern
2063 4098 2162 4164 dicm-

161 4182 248 4246 rium
280 4182 357 4246 data
384 4192 442 4247 est
492 4184 547 4247 Ex
580 4184 695 4250 eodem
727 4196 897 4269 praeterea
922 4188 1137 4273 belligerandi
1190 4209 1265 4252 rum
1283 4208 1336 4251 me
1353 4187 1470 4269 recepi,
1489 4185 1609 4268 quibus
1625 4184 1752 4270 legibus
1774 4186 2006 4253 constituenda
2021 4186 2062 4253 sit
2076 4183 2161 4249 chri·

160 4268 232 4332 iure
259 4267 381 4351 pendet
407 4278 440 4333 et
466 4270 717 4352 praesidiorum,
747 4281 781 4337 et
807 4273 974 4341 fcedertun
1002 4286 1036 4340 et
1057 4276 1138 4342 civi-
1190 4274 1298 4338 stiana
1319 4272 1442 4356 politia,
1466 4293 1532 4336 non
1554 4280 1605 4336 est
1622 4293 1681 4339 cur
1697 4271 1832 4356 longam
1854 4271 1894 4336 de
1911 4273 2036 4357 optimo
2054 4271 2162 4356 legum

159 4354 243 4418 lium
271 4354 409 4418 aliarum
439 4356 658 4421 munitionum
686 4360 778 4423 ratio.
828 4360 1000 4425 Praesidia
1027 4372 1138 4427 autem
1191 4380 1310 4445 genere
1343 4359 1599 4442 disputationem
1625 4360 1698 4441 quis
1723 4366 1904 4441 exspectet:
1935 4380 2019 4442 quse
2045 4365 2081 4422 et
2104 4359 2161 4422 im·

160 4460 256 4518 voco,
285 4460 369 4523 quac
397 4441 439 4505 ad
461 4442 599 4507 tuendos
628 4445 771 4527 regionis
799 4446 881 4511 fines
908 4468 968 4529 per
989 4449 1138 4513 civitates
1190 4467 1306 4510 mensa
1326 4445 1424 4524 foret,
1448 4465 1509 4509 neo
1530 4445 1713 4527 praesentis
1735 4455 1822 4510 esset
1843 4445 2035 4528 argumenti
2054 4449 2082 4509 d
2100 4441 2162 4509 loci

160 4525 395 4609 disponuntur;
423 4527 569 4607 foedera,
602 4550 685 4610 quae
710 4550 730 4593 a
758 4531 909 4597 finitimis
937 4534 1138 4617 principibus
1189 4532 1312 4598 Paucis
1334 4539 1474 4609 tantum,
1495 4537 1529 4595 et
1551 4530 1644 4613 quasi
1665 4531 1702 4595 in
1723 4538 1930 4608 transcursu,
1954 4531 2078 4597 notabo
2098 4528 2163 4615 qui-

159 4612 195 4676 in
218 4612 304 4677 hano
325 4612 433 4695 legem
455 4614 656 4699 feruntur‚³)
689 4624 727 4679 ut
754 4618 781 4682 si
806 4618 885 4700 quid
908 4618 1079 4683 turbarum
1101 4622 1138 4684 in
1190 4619 1252 4684 bus
1274 4618 1401 4701 legibus
1447 4618 1477 4682 ie
1499 4637 1609 4680 ceram
1630 4616 1703 4681 Deo
1726 4618 1775 4681 uti
1796 4618 1913 4699 possit,
1942 4626 1979 4682 et
2000 4618 2090 4683 iuter
2110 4616 2162 4680 ho·

161 4699 249 4781 agris
279 4699 348 4762 suis
377 4698 543 4775 inciderit,
573 4711 722 4766 mutuam
749 4702 812 4768 sibi
833 4725 928 4785 opem
953 4706 1075 4785 ferant,
1105 4713 1138 4770 et
1191 4706 1297 4769 mines
1317 4705 1416 4768 ritca
1475 4703 1630 4767 iuistrari.
1666 4701 1762 4783 Quod
1784 4703 1882 4767 etiam
1904 4704 2016 4786 ipsum
2037 4720 2164 4787 prorem

159 4784 248 4850 vires
277 4787 313 4849 in
345 4804 517 4851 commune
549 4788 719 4852 conferant
745 4788 787 4852 ad
816 4790 1045 4871 opprimendos
1074 4792 1137 4856 hu·
1190 4791 1319 4856 silentio
1351 4790 1577 4855 transmittere
1615 4788 1820 4866 maluissem,
1853 4789 1918 4854 nisi
1948 4789 2163 4874 intelligerem

161 4872 252 4934 mani
274 4873 404 4955 generis
427 4893 616 4955 communes
638 4873 749 4938 hostes
756 4898 764 4954 ;
792 4875 905 4941 civiles
926 4877 1137 4957 munitiones,
1190 4877 1370 4960 periculose
1402 4875 1457 4942 hio
1484 4898 1504 4940 a
1531 4875 1645 4940 multis
1673 4875 1825 4940 aberrari.
1874 4873 1966 4940 Sunt
1999 4875 2090 4941 enim
2115 4872 2164 4958 qui

161 4976 302 5037 quarum
324 4958 359 5020 in
381 4966 451 5023 arte
472 4959 605 5023 militari
627 4981 707 5026 usus
729 4970 787 5026 est.
1190 4972 1279 5030 recte
1305 4964 1520 5045 compositam
1547 4982 1619 5026 esse
1651 4960 1888 5045 rempublicam
1920 4970 2061 5046 negent,
2089 4980 2164 5046 quse

449 5067 453 5076 ·
1191 5050 1349 5135 neglectis
1370 5050 1464 5115 Mose
1484 5047 1641 5131 politicis,
1675 5047 1900 5112 communibus
1921 5049 2075 5133 gentium
2090 5047 2165 5134 legi·

1189 5138 1252 5203 bus
1280 5138 1414 5220 regitur.
1447 5134 1541 5216 Quae
1565 5133 1727 5213 sententia
1750 5152 1848 5217 quam
1872 5135 2058 5217 periculosa
2079 5137 2166 5201 citet

232 5229 260 5296 1)
279 5232 328 5299 ap.
348 5232 383 5284 111
400 5233 520 5285 11111111
540 5232 565 5285 5.
630 5234 881 5303 2)0io.ott1.1.
934 5238 964 5306 a)
984 5241 1139 5296 1111111111
1190 5223 1395 5300 turbulenta,
1429 5220 1574 5286 viderint
1594 5219 1666 5299 ³513
1688 5220 1770 5285 mihi
1792 5219 1910 5286 ΝΜ
1930 5240 2006 5288 ⁰⁸⁸0
2021 5242 2063 5289 ω
2081 5219 2166 5287 steh-
