4672 5842
239 314 300 376 ser
602 284 606 291 ’
884 304 1151 374 murmurio
1172 307 1276 373 alth.
1299 304 1481 373 annisu.
1508 311 1600 374 isse.
1911 326 1920 341 ¹
2180 307 2244 371 ass

238 519 331 564 suam
362 498 433 578 ipsa
464 495 643 560 falsitatem
676 495 806 560 abunde
840 494 1052 577 redarguunt.
1097 495 1140 559 In
1172 496 1212 559 iis
1265 494 1367 576 inape
1388 499 1418 559 et
1436 494 1539 577 ploria
1559 497 1681 575 patris,
1708 494 1778 573 lun,
1805 496 1929 560 iustitia
1950 500 1977 560 et
1998 495 2087 560 salus
2107 495 2243 560 mundi?

115 639 123 659 ,
236 592 368 649 tantum
394 581 593 646 immorabor
620 581 672 646 vel
700 579 881 664 dequibus
903 581 990 644 inter
1011 580 1125 646 doctos
1146 581 1212 645 dis-
1265 579 1333 644 Hoc
1348 581 1520 661 prudenter
1540 582 1762 646 animadvertit
1775 582 1985 663 Aupustirnss,
2000 580 2025 662 ¹)
2047 581 2083 644 in
2105 583 2175 661 ipso
2197 601 2253 647 eo·

235 678 399 751 ceptatur,
430 667 483 732 vel
505 688 588 750 quae
610 667 837 732 difficultatem
859 666 1062 747 simplicibus
1085 667 1212 731 adferre
1264 665 1375 730 elwine
1407 667 1506 746 capite
1538 668 1769 732 lucidissimum
1801 688 1866 733 esse
1895 668 2053 749 pratudae
2087 667 2244 732 elediortis

235 755 382 838 possint,
416 754 469 818 vel
503 775 587 835 quae
619 756 763 836 speciose
795 753 837 817 ad
870 752 1113 836 suggillandam
1147 752 1212 817 Dei
1263 752 1438 831 spoeulrrm,
1466 773 1503 815 ne
1524 754 1559 816 in
1579 754 1726 817 mendris
1746 775 1803 818 rues
1824 752 1993 831 conturbet·
2022 772 2075 817 nec
2096 755 2177 818 iuste
2197 754 2243 817 oi-

234 841 396 906 iustitiam
418 840 604 921 praetendit
625 840 783 921 impietas.
1263 837 1359 901 cedo
1378 838 1498 917 fastum
1518 859 1583 903 esse
1603 838 1709 918 titium
1730 840 1808 917 Dei,
1829 841 1884 904 sed
1903 840 2006 922 pratis
2025 844 2109 903 tinto
2130 839 2243 904 bonore

1262 922 1364 1002 fuisse
1391 924 1552 1000 denatum,
1580 931 1615 987 ut
1636 927 1716 989 alios
1732 931 1841 1005 postea
1860 927 1976 1007 taceret
1995 926 2151 989 deirorum
2171 944 2243 991 sno·

1263 1029 1337 1071 rnna
1353 1015 1512 1074 consortes.
1546 1011 1611 1074 Hie
1628 1012 1659 1075 ei
1676 1013 1748 1092 quis
1764 1017 1896 1092 quaerat
1918 1031 1974 1074 cnr
1995 1031 2057 1075 non
2078 1011 2139 1075 alii
2160 1012 2242 1091 prod

555 1129 706 1195 ΟΑΡΠΤ
729 1128 844 1193 ffl·
865 1130 890 1211 ¹>
1132 1144 1141 1153 ·
1263 1094 1509 1246 &titt
1522 1096 2130 1263 ltmtttttlm
2148 1097 2241 1247 itt

236 1290 508 1375 Confirmatio
537 1289 663 1370 huius
696 1289 910 1371 doctrinas
943 1319 996 1371 ex
1028 1290 1210 1400 scriptu-
1257 1268 2239 1436 ffiffmffiwssfflffifflwwffl

539 1438 610 1491 rae
642 1408 906 1492 testimoniis.
1260 1439 1354 1519 pur
1374 1459 1412 1503 ae
1428 1440 1614 1518 rpentes
1636 1442 1767 1522 erpere,
1790 1442 1886 1506 suu
1910 1443 2003 1505 enm
2025 1441 2109 1522 qun
2129 1441 2238 1505 anum

1262 1528 1308 1587 est
1327 1521 1450 1588 Christo
1467 1526 1620 1605 attinent.
1656 1526 1729 1590 Iam
1746 1527 1823 1608 qnid
1842 1528 1881 1592 de
1902 1547 2082 1607 annonaque
2097 1547 2239 1607 prorum

324 1618 349 1675 l.
394 1611 487 1676 Haeo
519 1611 629 1674 omnia
663 1632 747 1691 quae
786 1613 952 1692 posuimus
991 1611 1211 1675 controversis
1262 1608 1315 1672 ne
1341 1611 1514 1689 scriptura,
1537 1632 1647 1691 operae
1674 1615 1813 1692 pretinm
1839 1617 1883 1677 est
1908 1613 2068 1677 adenem
2112 1612 2238 1677 Paulus

234 1699 322 1784 apud
343 1698 464 1762 multos
486 1717 553 1761 non
574 1705 703 1773 carent,
734 1696 876 1760 maxime
898 1697 1044 1779 gratuita
1063 1695 1211 1761 fidelium
1262 1715 1363 1776 quum
1381 1692 1476 1759 docet
1494 1697 1594 1780 (Eph.
1619 1705 1643 1775 l,
1663 1697 1699 1781 4)
1720 1720 1780 1764 nos
1797 1700 1831 1763 in
1850 1697 1982 1763 Christo
2001 1697 2119 1763 clectos
2135 1698 2237 1763 fuisse

173 1800 180 1811 ·
234 1785 363 1851 electio:
397 1803 477 1864 quae
509 1788 612 1847 tamen
645 1781 826 1862 labefactari
858 1802 921 1845 non
948 1787 1055 1861 potest.
1102 1783 1210 1865 Vulgo
1262 1788 1340 1844 ante
1370 1776 1485 1844 mundi
1518 1785 1732 1857 creationem,
1767 1806 1898 1848 omnem
1931 1796 2039 1850 certae
2067 1782 2236 1867 dignitatis

233 1873 323 1938 anim
345 1870 536 1935 existimant
557 1869 683 1944 Deum,
705 1880 802 1948 prout
823 1868 980 1949 cuiusque
1002 1869 1120 1932 merita
1140 1868 1210 1933 fore
1261 1876 1393 1930 nostrae
1414 1880 1600 1949 respectum
1621 1870 1715 1934 tollit
1749 1871 1892 1935 Perinde
1915 1872 2003 1934 enim
2025 1880 2076 1934 est
2099 1870 2174 1935 acsi
2184 1869 2235 1935 di-

234 1957 411 2043 praevidet,
434 1956 481 2018 ita
502 1955 589 2018 inter
611 1953 760 2018 homines
782 1953 974 2018 discernere.
1017 1952 1110 2033 Quos
1132 1975 1210 2038 ergo
1262 1963 1360 2029 caret,
1383 1954 1536 2034 quoniam
1559 1956 1593 2019 in
1615 1957 1769 2021 universo
1787 1957 1881 2022 Adae
1902 1958 2027 2021 semine
2049 1956 2133 2020 nihil
2155 1957 2237 2022 eleo·

234 2038 1210 2208 ww
1262 2037 1351 2186 tte
1368 2037 2237 2125 nn..

235 2227 269 2280 et
288 2215 492 2296 impietatem
513 2233 714 2294 propensare
735 2210 881 2294 dispicit,
904 2232 959 2276 eos
980 2212 1096 2276 mortis
1118 2211 1210 2275 dam·
1261 2229 1395 2290 corpore
1423 2211 1572 2276 membra
1600 2213 1735 2297 eligeret
1762 2236 1844 2296 quos
1870 2216 1904 2278 in
1927 2215 2015 2281 vitae
2035 2216 2236 2279 consortium

234 2301 361 2366 nationi
392 2298 561 2363 devovere.
609 2297 662 2362 Sic
693 2299 869 2378 interposito
892 2298 1119 2378 praescientiae
1145 2298 1210 2362 vele
1262 2311 1455 2377 sumpturus
1482 2308 1561 2362 erat
1605 2299 1726 2364 Valeat
1757 2301 1860 2383 igitur
1876 2298 1978 2382 'apud
2009 2299 2123 2364 fideles
2156 2300 2237 2366 haec

234 2386 406 2452 clodionem
426 2404 489 2449 non
509 2383 597 2448 mode
623 2384 800 2460 obscuram,
826 2384 881 2448 sed
907 2384 1058 2465 oripinem
1084 2384 1210 2448 aliunde
1262 2382 1361 2458 ratio,
1391 2381 1464 2446 ideo
1491 2404 1552 2448 nos
1573 2385 1608 2447 in
1631 2384 1765 2451 Christo
1787 2386 1887 2451 titisse
1908 2387 1944 2449 in
1965 2386 2137 2450 coelestem
2160 2386 2236 2450 hae

234 2471 346 2538 babere
370 2471 501 2554 linqunt.
546 2469 659 2550 Neque
692 2469 774 2534 haec
804 2469 904 2552 vulgo
939 2477 1069 2551 recepta
1101 2470 1209 2551 opinio
1262 2466 1435 2532 reditatem
1457 2468 1634 2552 adoptatos,
1657 2473 1734 2552 quis
1755 2473 1789 2537 in
1811 2468 2004 2554 nobisipsis
2021 2493 2237 2538 ueneramus

235 2557 336 2624 solius
357 2556 450 2640 vulgi
470 2561 534 2632 est;
557 2555 672 2619 habuit
687 2555 777 2619 enim
793 2555 933 2620 saeculis
949 2555 1100 2620 omnibus
1117 2576 1209 2638 mag-
1261 2560 1372 2618 tantae
1394 2554 1607 2620 excellentiae
1629 2576 1772 2639 capaces
1817 2557 1915 2638 Quod
1944 2566 1978 2621 et
2004 2557 2081 2622 alibi
2108 2577 2237 2639 quoque

234 2665 295 2709 nos
317 2651 455 2708 autores.
505 2639 602 2720 Quod
624 2642 767 2725 ingenue
788 2641 906 2717 fateor,
936 2662 978 2704 ne
999 2642 1071 2722 quis
1092 2661 1209 2706 causae
1261 2648 1361 2717 notat,
1383 2661 1486 2722 quum
1507 2640 1658 2706 hortatur
1679 2642 1721 2706 nd
1742 2645 1926 2726 gratimum
1943 2643 2102 2708 actionem
2120 2642 2234 2707 Colos-

234 2736 366 2796 nostrae
392 2747 593 2811 magnopere
626 2727 817 2792 obfuturum
850 2723 1006 2803 confidat,
1035 2727 1064 2790 si
1096 2748 1209 2792 eorum
1261 2746 1371 2790 censes
1400 2728 1445 2810 (l,
1472 2727 1535 2810 12),
1564 2749 1606 2791 ex
1627 2750 1665 2792 eo
1686 2729 1771 2810 quod
1793 2729 1952 2794 divinitus
1974 2728 2090 2794 redditi
2111 2729 2234 2792 fuerint

233 2816 368 2881 nomina
399 2823 514 2879 contra
541 2820 758 2895 opponantur.
803 2811 934 2878 (lertior
961 2820 1012 2877 est
1040 2813 1129 2877 enim
1155 2813 1209 2877 hic
1261 2809 1369 2875 idonci
1390 2810 1428 2875 ud
1452 2813 1712 2896 participandam
1734 2824 1855 2880 sortem
1872 2823 2067 2880 sanctorum
2100 2812 2139 2879 Si
2157 2835 2233 2898 gra-

233 2902 298 2968 Dei
326 2901 449 2966 veritas
475 2920 575 2982 quam
597 2907 635 2963 ut
656 2898 873 2977 concutiatur,
901 2898 1019 2962 clarior
1045 2919 1144 2981 quam
1171 2910 1210 2964 ut
1261 2895 1343 2960 tiam
1363 2896 1462 2962 istam
1483 2899 1556 2973 Dei,
1580 2909 1619 2964 ut
1639 2899 1736 2965 idone
1856 2901 1973 2966 loriam
1994 2902 2123 2964 futurae
2143 2901 2234 2966 vitae

233 2988 393 3053 obruatur
415 2986 585 3050 bominum
619 2985 800 3049 autentum.
844 2984 918 3048 Alii
943 3004 1031 3063 cero,
1051 3005 1147 3065 neque
1173 2987 1210 3050 in
1260 2981 1472 3048 obtinendam
1500 2983 1688 3064 reddamur,
1717 2923 1884 3070 praesedit
1911 2987 2040 3064 electio,
2067 2986 2145 3067 quid
2167 2987 2235 3051 iam

232 3075 391 3154 scriptura
411 3072 580 3149 mactati,
601 3092 697 3152 neque
717 3071 783 3136 ullo
803 3071 956 3153 suffrapio
972 3070 1069 3160 dipni,
1092 3072 1209 3135 maiori
1260 3070 1401 3150 reperiet
1426 3070 1461 3133 in
1488 3071 1582 3136 nobis
1607 3072 1699 3136 Deus
1725 3074 1794 3154 ipse
1821 3095 1885 3155 quo
1912 3071 1954 3138 ad
1981 3093 2042 3137 nos
2068 3071 2236 3156 eligendos

234 3158 431 3239 inprobitate
457 3178 570 3221 sanam
596 3159 769 3221 dodrirram
796 3156 934 3221 lacerant
960 3177 1055 3237 queam
1081 3162 1118 3220 ut
1138 3158 1208 3221 tele-
1259 3154 1453 3219 moveatur?
1487 3157 1643 3237 Apertius
1661 3160 1842 3223 etiamnum
1860 3159 1965 3224 altera
1981 3159 2051 3223 cius
2073 3160 2236 3224 sententia

232 3244 347 3310 rabilis
374 3244 416 3308 eit
441 3262 547 3306 eomtm
567 3244 737 3323 protervia.
784 3244 867 3327 Quia
888 3240 978 3306 Deus
1005 3243 1123 3325 clipeus
1151 3263 1208 3306 sno
1260 3240 1346 3321 qnod
1369 3241 1442 3305 volo
1464 3242 1674 3323 exprimetur.
1719 3245 1831 3327 Elegit
1851 3267 1925 3322 nos,
1947 3246 2055 3327 inquit
2081 3245 2183 3328 (Eph.
2208 3251 2234 3321 l,

232 3329 364 3396 arbitrio
385 3329 549 3410 quasdam,
577 3329 658 3393 alnos
676 3330 839 3408 praeterit,
868 3329 954 3393 litem
981 3329 1010 3391 ei
1036 3329 1206 3393 intendunt.
1260 3326 1305 3408 4),
1329 3336 1507 3408 antequam
1528 3327 1713 3394 iacerentur
1733 3331 1850 3395 mundi
1871 3330 2095 3408 fimdamenta,
2118 3352 2235 3397 secun·

241 3417 356 3481 Verum
383 3415 415 3478 si
437 3434 489 3478 res
516 3415 689 3493 lpsa'nota
714 3419 772 3492 est,
805 3416 881 3494 quid
907 3414 1071 3495 prodeunt
1101 3421 1208 3480 eontra
1260 3409 1339 3475 dum
1357 3412 1597 3496 beneplacitum
1610 3415 1789 3480 voluntatis
1806 3437 1894 3494 suae,
1913 3426 1950 3480 ut
1967 3438 2114 3482 essemus
2132 3418 2234 3483 sancti

232 3500 338 3567 Deum
354 3499 533 3583 iurgando?
568 3498 918 3581 notamusque
939 3520 1001 3563 usu
1022 3505 1208 3582 compertum
1259 3505 1293 3561 et
1313 3498 1528 3573 immaculati,
1552 3509 1585 3563 et
1606 3502 1908 3583 irreprehensibiles
1928 3502 1965 3566 in
1986 3514 2164 3584 conspeetu
2185 3504 2235 3584 ip-

232 3608 295 3654 non
321 3588 377 3665 sit,
402 3585 471 3650 Dec
498 3585 613 3666 qubus
634 3584 698 3649 nult
717 3587 855 3668 qratiam
876 3606 968 3651 samm
989 3606 1114 3668 eropare
1135 3587 1207 3651 libe
1259 3583 1335 3648 sius.
1370 3583 1435 3649 Ubi
1457 3585 1521 3649 Dei
1544 3585 1781 3669 beneplacitum
1802 3587 2001 3671 quibuslibet
2022 3590 2144 3655 nostris
2166 3610 2234 3653 me-

231 3695 305 3740 rum
324 3693 444 3755 semper
463 3671 571 3751 tuisse.
614 3670 688 3735 Non
709 3693 860 3752 qumrnm
880 3671 961 3735 mide
982 3672 1057 3736 aliis
1073 3674 1208 3751 posteri-
1258 3670 1331 3734 ritis
1353 3672 1495 3753 opponit.

231 3765 281 3826 tas
296 3758 447 3825 Abrabae
461 3757 684 3839 praecelluerit,
705 3760 770 3823 nisi
786 3779 824 3822 en
839 3757 898 3822 illa
916 3758 1096 3839 dipnatione
1114 3760 1207 3824 cuiuis
1346 3762 1373 3819 2.
1423 3756 1488 3837 Quo
1515 3758 1647 3823 solutior
1672 3761 1713 3823 sit
1733 3760 1892 3841 probatio,
1920 3760 2065 3843 sinpulas
2085 3761 2154 3824 eius
2173 3759 2232 3823 loci

231 3852 322 3913 cetra
350 3846 454 3910 Deum
481 3863 578 3907 eausa
603 3864 664 3908 non
691 3845 856 3908 insumitur.
902 3842 1120 3922 Respondeant
1150 3865 1207 3908 cur
1252 3848 1363 3923 partes
1383 3847 1489 3906 notare
1509 3864 1619 3924 operae
1634 3847 1776 3926 perium
1796 3851 1856 3921 est,
1879 3867 1958 3927 quae
1979 3845 2075 3910 suun
2095 3865 2231 3909 misena

232 3932 370 3997 untur
396 3932 461 3994 sint
479 3930 583 4012 mauis
603 3950 699 4010 quam
720 3929 807 3995 boves
828 3934 884 3993 atet
904 3929 998 3992 asini.
1046 3931 1150 4009 Quum
1170 3930 1206 3994 in
1258 3927 1340 3991 nibil
1360 3928 1562 3993 dubitationis
1588 3931 1775 4012 relinquunt.
1819 3931 1941 3996 Eledos
1966 3932 2143 4007 nominans,
2171 3931 2232 3992 mi·

230 4038 328 4083 manu
356 4016 420 4080 Dei
452 4023 529 4081 esset
560 4036 651 4081 canes
682 4016 768 4097 ipsos
797 4015 928 4097 tineae,
961 4014 1005 4078 ad
1036 4016 1206 4097 imapinem
1258 4013 1341 4079 trime
1361 4012 1491 4077 dubium
1520 4020 1564 4080 est
1590 4018 1667 4096 quin
1691 4018 1797 4098 fideles
1823 4017 1989 4099 compellet,
2016 4016 2107 4081 sicuti
2135 4016 2233 4079 etiam

230 4123 324 4169 msam
338 4103 493 4183 formauit.
527 4100 732 4167 Gomalerttne
751 4102 852 4167 brutis
872 4099 1066 4164 animalibus
1087 4101 1125 4165 de
1145 4122 1206 4166 sua
1258 4118 1331 4164 mon
1359 4101 1479 4164 asserit.
1528 4101 1631 4182 Qum
1652 4105 1751 4168 nimis
1769 4104 1858 4184 foedo
1878 4106 2039 4168 commuto
2057 4102 2233 4181 depravant

229 4194 310 4255 sorte
331 4208 401 4253 anm
423 4187 490 4252 Deo
511 4188 719 4267 mposndare,
739 4188 834 4269 prasi
855 4187 1009 4250 iniustum
1030 4189 1074 4250 sit
1094 4187 1206 4251 dismi-
1257 4204 1366 4248 nonten
1383 4185 1473 4264 illud,
1491 4188 1547 4266 qui
1565 4188 1607 4251 ad
1623 4194 1755 4253 aetatem
1771 4190 1947 4271 ddorquent
1966 4186 2233 4271 ampublicatnrn

229 4275 323 4341 men?
369 4272 455 4340 Certe
470 4275 701 4355 praeropativa,
723 4293 820 4354 quarn
841 4272 937 4336 nrrltis
958 4273 1080 4336 memtis
1099 4273 1206 4354 adepti
1256 4269 1320 4352 fuit
1340 4272 1542 4353 eocnpelium.
1586 4272 1711 4339 Eiectos
1736 4277 1839 4355 tunae
1868 4276 1972 4341 dicens
1998 4280 2069 4341 ante
2096 4278 2233 4339 creatam

228 4368 316 4438 eant,
344 4381 394 4426 ecs
414 4360 516 4442 patiri
542 4359 641 4423 scindo
668 4360 803 4440 aepuius
830 4363 874 4422 est
900 4379 996 4440 quam
1018 4358 1123 4424 Deum
1144 4379 1205 4423 ura
1257 4356 1414 4434 mundum,
1432 4378 1552 4422 mnrwm
1567 4359 1730 4442 dipnitatis
1746 4367 1916 4443 respectum
1931 4362 2020 4426 toltit
2050 4361 2136 4441 Qruae
2152 4361 2236 4424 enim

228 4448 375 4528 murrina
396 4467 459 4528 pro
485 4446 598 4509 iudicii
629 4447 682 4509 sui
712 4465 862 4511 mensura
892 4445 981 4508 uarie
1012 4443 1204 4508 distribuere.
1257 4442 1452 4507 discriminis
1478 4445 1560 4508 ratio
1588 4447 1669 4510 inter
1690 4467 1740 4510 ecs
1761 4448 1974 4527 qainondam
1996 4453 2099 4525 mart,
2126 4452 2154 4512 et
2178 4447 2236 4526 qui

231 4533 270 4601 Si
287 4535 330 4598 ad
345 4552 500 4615 personnae
520 4532 732 4606 transsdiaut,
755 4531 810 4594 ubi
826 4531 928 4612 napis
945 4529 1053 4593 odiosa
1075 4530 1144 4594 itlis
1160 4535 1205 4594 est
1257 4528 1366 4592 deind
1384 4529 1418 4591 in
1435 4530 1544 4594 Adam
1559 4551 1658 4610 pares
1677 4532 1781 4612 taturi
1802 4538 1913 4597 nard?
1947 4532 2020 4596 lam
2041 4534 2072 4598 si
2093 4533 2178 4598 electi
2198 4534 2235 4595 in

228 4620 448 4700 incnpualitas,
469 4617 579 4682 saltem
595 4617 638 4679 ad
657 4614 775 4680 Christi
794 4617 968 4696 exemplum
990 4614 1135 4681 debebunt
1155 4636 1206 4680 en-
1259 4612 1398 4692 anon,
1426 4618 1568 4695 sequitur
1594 4638 1655 4681 non
1679 4620 1769 4684 modo
1795 4639 2044 4700 unumquemque
2072 4624 2163 4684 esua
2189 4637 2232 4691 se,

223 4726 397 4788 paomem,
420 4724 458 4768 ue
474 4704 512 4767 de
532 4702 659 4767 sublimi
680 4703 736 4766 boc
756 4702 901 4783 mysterio
921 4706 986 4766 tarn
1008 4721 1112 4769 saure
1130 4723 1205 4784 par·
1256 4699 1311 4764 sed
1331 4701 1424 4763 etiam
1450 4701 1532 4766 alias
1557 4701 1597 4766 ab
1623 4704 1700 4768 aliis
1726 4710 1912 4788 seprepatos;
1938 4705 2064 4786 pundo
2092 4704 2234 4770 uideram

228 4793 321 4856 run.
367 4788 548 4868 Gom-ipritur
574 4810 612 4853 en
638 4789 754 4853 minine
775 4787 916 4852 Doridis
936 4789 1081 4853 mmtalis
1100 4787 1204 4866 lucum
1257 4805 1319 4849 non
1340 4806 1443 4850 annes
1463 4807 1529 4852 esse
1547 4787 1665 4854 Christi
1681 4791 1826 4855 rnennbra.
1863 4792 1950 4871 Qruod
1971 4790 2110 4868 additur,
2131 4790 2234 4871 fuisse

229 4878 343 4957 quibus
369 4874 539 4938 virtutibus
555 4874 1001 4955 prontniturnfuissedieent
1022 4880 1057 4938 ut
1079 4874 1204 4955 inipso
1257 4870 1375 4950 electos,
1408 4877 1442 4935 ut
1473 4879 1571 4938 essent
1596 4876 1709 4951 sandi,
1743 4896 1877 4941 arerem
1903 4881 2009 4957 operte
2034 4874 2150 4957 refutat
2176 4877 2234 4958 qui

229 4967 316 5026 ritae
347 4960 433 5039 fieret
464 4965 557 5041 caput
586 4960 781 5043 crudorum,
810 4961 989 5043 unperuitus
1015 4959 1081 5025 Dei
1105 4959 1204 5041 filius,

231 5135 435 5146 ......——-

1328 5159 1358 5226 1)
1381 5161 1420 5214 De
1444 5179 1512 5217 corr.
1532 5172 1561 5216 et
1581 5165 1670 5233 gratia
1687 5165 1722 5217 ad
1741 5165 1850 5220 Valent.
1874 5185 1896 5222 c.
1917 5167 1957 5221 lb.
1994 5169 2080 5229 Item,
2104 5167 2139 5219 de
2163 5169 2238 5221 bono

226 5273 232 5293 ,
301 5231 330 5299 1)
352 5229 422 5284 Olim
441 5231 506 5300 (lap.
527 5231 610 5286 XIV.
627 5233 655 5299 ἱ.
671 5231 766 5298 6-12,
786 5233 833 5287 aed
850 5233 894 5287 ln'c
912 5233 990 5286 carm
1006 5238 1134 5288 mutatas.
1258 5232 1485 5298 peneverantiue,
1503 5249 1525 5285 c
1544 5234 1593 5286 ult
1628 5234 1665 5288 ut
1682 5235 1717 5289 de
1735 5236 1826 5289 verbis
1844 5239 1941 5307 Apost
1964 5234 2095 5291 Sermtl
