4672 5842
244 325 307 388 888
895 314 1161 383 mantnano
1183 316 1288 382 888.
1312 312 1493 381 8818888.
1519 319 1610 379 1559.
1879 284 1881 289 ’
2074 292 2079 299 ’
2191 318 2256 382 888

244 533 280 577 re
303 511 396 594 gravi
425 507 565 571 8888818
586 502 696 570 Deum
726 508 813 571 inter
840 528 875 571 88
898 506 1037 570 iudicem
1060 505 1224 588 appellare
1363 509 1412 568 23.
1458 504 1555 569 Illam
1583 511 1693 568 tamen
1725 504 1904 587 spiritualis
1934 505 2053 586 quietis
2080 504 2258 571 adumbra-

244 597 334 672 licet,
367 593 470 658 multo
502 593 609 676 magis
644 602 770 656 testem.
816 592 1026 656 Insimulabit
1057 599 1090 655 88
1123 592 1224 655 188888
1276 590 1398 655 tionem
1420 591 1614 673 primarium
1636 591 1671 653 in
1695 589 1853 655 sabbatho
1875 591 1982 656 locum
2004 592 2148 656 tenuisse
2169 593 2257 657 mul·

221 690 320 747 ’88888
342 678 512 762 888111188;
538 699 680 760 purgare
702 685 735 741 te
757 676 916 752 studebis,
945 700 987 741 ex
1009 678 1155 742 caritatis
1177 678 1224 741 os·
1275 677 1418 741 tifariam
1441 677 1603 741 docemur.
1648 676 1779 741 Nullius
1806 677 1874 741 fere
1902 677 2062 759 siquidem
2089 679 2257 761 praecepti

242 769 331 845 ficio;
362 766 417 829 ille
446 764 539 828 nulla
565 765 692 828 ratione
720 765 872 829 satisfieri
900 763 961 827 sibi
989 764 1139 846 patietur.
1186 761 1224 827 81
1276 763 1494 828 obedientiam
1516 763 1663 827 severius
1685 762 1847 827 Dominus
1873 763 1991 846 exegit.
2038 762 2151 843 Quum
2179 763 2257 830 sub-

242 854 280 919 in
301 853 477 917 discrimen
499 852 587 914 tama
609 860 666 913 tna
686 850 727 913 ob
749 849 837 914 illius
856 850 1052 935 obstipatum
1071 849 1223 931 maligni·
1275 869 1403 915 versam
1427 869 1557 913 omnem
1579 848 1771 931 religionem
1792 848 1865 912 vult
1882 849 1969 930 apud
1991 850 2166 932 prophetas
2188 852 2256 933 sig-

244 948 345 1004 tatem
373 938 498 1014 veniat,
531 937 601 998 sine
629 936 753 999 offensa
781 935 823 999 ad
844 936 907 999 Dei
928 935 1084 1000 iudicium
1106 955 1222 1016 provo·
1275 937 1418 1012 nificare,
1440 935 1573 1017 polluta,
1597 933 1734 1011 violata,
1758 956 1823 998 non
1845 933 2020 1011 custodita,
2044 956 2110 999 non
2132 937 2257 1002 sancti·

243 1026 346 1102 cabis,
389 1033 427 1087 ut
465 1032 557 1086 tuam
590 1022 809 1086 innocentiam
842 1029 988 1103 tempore
1027 1021 1221 1084 manifestet.
1275 1023 1372 1086 ficata
1399 1042 1459 1085 sua
1482 1020 1642 1085 sabbatha
1663 1021 1888 1101 conqueritur;
1918 1022 2026 1103 quasi,
2050 1023 2168 1086 omisso
2192 1022 2256 1088 hoc

243 1111 357 1176 Minus
385 1122 435 1174 cst
456 1117 573 1172 testem
594 1107 767 1179 advocare,
797 1109 825 1171 81
853 1108 954 1170 verba
982 1106 1221 1189 expenduntur.
1275 1107 1442 1189 obsequio,
1475 1106 1558 1170 nihil
1587 1106 1728 1187 88881188
1756 1115 1894 1171 restaret
1916 1108 1949 1170 in
1973 1129 2036 1189 quo
2058 1117 2167 1190 posset
2194 1107 2255 1172 ho·

174 1190 177 1197 ’
243 1197 320 1262 Ν88
348 1196 442 1261 81188
464 1194 567 1277 igitur
589 1215 647 1258 cur
676 1194 729 1259 hic
746 1193 895 1258 illicitam
918 1214 1102 1257 asseramus
1122 1201 1221 1257 88888-
1273 1194 1386 1256 888881
1404 1193 1517 1275 (Num.
1534 1196 1590 1269 15,
1612 1195 1667 1268 32;
1694 1193 1752 1256 118.
1775 1195 1828 1268 20,
1852 1197 1888 1256 12
1909 1200 1942 1257 88
1960 1197 2016 1270 22,
2035 1198 2054 1257 8
2074 1202 2108 1258 88
2128 1197 2179 1272 23,
2197 1198 2254 1274 38;

244 1283 412 1347 tationem.
467 1280 581 1360 Neque
624 1279 743 1343 desunt
787 1279 931 1360 plurima
969 1278 1129 1361 exempla.
1185 1277 1222 1343 81
1275 1279 1337 1343 188.
1362 1284 1408 1357 17,
1429 1283 1477 1342 21.
1498 1282 1538 1341 22
1559 1287 1592 1342 88
1611 1283 1667 1356 27;
1686 1278 1747 1343 188.
1765 1283 1814 1355 56,
1827 1281 1870 1361 2).
1909 1279 1992 1343 Eius
2011 1278 2255 1345 observantiam

245 1368 416 1434 Abraham
454 1374 488 1429 et
520 1366 613 1429 18888
647 1374 889 1429 sacramentum
922 1387 997 1430 cum
1031 1364 1221 1428 Abimelech
1274 1365 1404 1429 eximiis
1432 1365 1587 1429 encomiis
1609 1365 1831 1446 prosequitur;
1853 1364 1940 1429 unde
1963 1372 1997 1429 88
2018 1365 2139 1441 fideles,
2168 1367 2256 1430 inter

244 1455 376 1537 publico
397 1453 529 1516 nomine
550 1452 753 1533 praetexitur
776 1451 874 1531 (Gen.
896 1454 946 1527 21,
966 1454 1006 1514 24
1030 1461 1063 1514 88
1085 1454 1135 1529 281,
1156 1450 1221 1533 32),
1275 1451 1338 1514 8118
1355 1451 1495 1527 oracula,
1519 1449 1670 1516 sabbathi
1692 1451 1925 1515 revelationem
1946 1452 2084 1517 mirifice
2102 1453 2254 1517 aestima-

245 1548 281 1605 at
302 1547 389 1604 certe
408 1536 504 1602 Iacob
532 1546 566 1601 88
588 1538 704 1601 Laban
732 1537 850 1619 privati
880 1548 989 1613 erant,
1023 1537 1079 1619 qui
1108 1544 1222 1601 mutuo
1274 1537 1361 1601 bant
1408 1537 1465 1602 818
1492 1537 1580 1600 enim
1608 1536 1786 1617 loquuntur
1798 1537 1936 1602 Levitae
1959 1537 2046 1619 apud
2058 1538 2255 1603 Nehemiam

243 1627 428 1690 iuramento
462 1623 574 1687 foedus
605 1625 692 1686 inter
719 1644 753 1686 88
781 1623 934 1687 sanciunt
948 1623 1056 1705 ·((}en.
1078 1627 1134 1698 31,
1155 1622 1220 1705 53).
1274 1622 1319 1706 (9,
1343 1624 1405 1707 14),
1429 1624 1463 1685 18
1486 1622 1611 1686 solenni
1630 1624 1896 1705 congregatione:
1920 1623 2088 1687 ostendisti
2105 1624 2254 1706 patribus

244 1712 401 1777 Privatus
423 1718 495 1774 erat
515 1710 612 1785 Boos,
635 1709 690 1789 qui
708 1709 906 1791 promissum
923 1709 1109 1791 coniugium
1128 1708 1221 1772 Ruth
1274 1710 1396 1773 nostris
1419 1708 1616 1773 sabbathum
1638 1717 1731 1771 tuum
1752 1720 1916 1784 sanctum;
1945 1708 2101 1774 mandata
2128 1720 2162 1774 88
2181 1732 2254 1776 888-

244 1796 357 1862 eodem
390 1794 484 1860 modo
517 1795 723 1859 confirmavit
756 1794 874 1876 (Ruth.
894 1797 929 1867 3,
961 1793 1021 1876 13).
1067 1795 1222 1858 Privatus
1274 1796 1437 1858 remonias
1470 1802 1503 1858 88
1533 1793 1640 1877 legem
1670 1793 1787 1859 dedisti
1814 1795 1861 1859 eis
1889 1816 1948 1876 per
1974 1816 2110 1859 manum
2139 1797 2252 1862 Mosis.

243 1892 315 1948 erat
337 1883 477 1956 Abdias,
511 1882 563 1946 vir
596 1880 701 1944 iustus
732 1887 765 1943 88
798 1881 914 1944 timens
937 1881 1015 1955 Dei,
1049 1881 1105 1961 qui
1134 1880 1221 1943 inra-
1273 1881 1376 1944 Vides
1397 1890 1435 1944 ut
1456 1880 1615 1963 singulari
1646 1879 1834 1962 dignatione
1861 1881 2020 1945 habeatnr
2046 1883 2133 1947 inter
2160 1903 2255 1964 prae·

242 1979 354 2032 mento
377 1975 543 2032 asseverat
565 1966 650 2048 quod
669 1965 763 2030 Elias
785 1966 857 2029 vult
877 1966 1073 2047 persuadere
1091 1965 1122 2048 (l
1138 1967 1220 2049 ch.
1273 1975 1367 2048 cepta
1394 1968 1504 2030 omnia
1529 1967 1618 2048 legis.
1665 1964 1759 2046 Quae
1781 1967 1891 2031 omnia
1911 1968 2079 2048 pertinent
2102 1968 2143 2033 ad
2164 1990 2253 2033 eom-

248 2058 301 2132 18,
324 2054 386 2137 10).
432 2053 567 2117 Nullam
600 2054 709 2134 itaque
736 2052 904 2115 meliorem
932 2052 1079 2135 regulam
1108 2051 1220 2128 habeo,
1273 2051 1493 2117 mandandam
1519 2052 1670 2127 888888811
1699 2051 1909 2135 dignitatem,
1943 2053 2029 2135 quod
2058 2055 2192 2119 aMose
2220 2061 2254 2119 88
2298 2088 2301 2093 ·

244 2140 309 2205 8181
332 2149 369 2203 88
391 2140 576 2203 iuramenta
598 2138 644 2203 sic
666 2137 872 2202 moderemur
894 2159 935 2201 ne
954 2137 1128 2201 temeraria
1145 2139 1219 2215 sint,
1268 2138 1445 2204 'Ezechiele
1477 2121 1696 2219 pulcherrime
1733 2139 1937 2219 exprimitur.
1994 2137 2050 2204 818
2083 2140 2185 2205 habes
2217 2139 2252 2204 in

243 2248 285 2290 88
307 2226 506 2308 promiscua,
529 2245 571 2288 ne
593 2223 780 2299 libidinosa,
808 2246 849 2288 ne
871 2223 1003 2300 frivola;
1030 2223 1088 2287 sed
1115 2224 1220 2287 iustae
1272 2224 1388 2289 Exodo
1407 2224 1473 2305 (31,
1498 2227 1534 2287 13
1553 2232 1587 2288 ct
1605 2227 1654 2301 35,
1675 2224 1723 2304 2):
1748 2223 1856 2289 videte
1872 2233 1910 2288 88
1927 2225 2124 2291 sabbathum
2141 2247 2253 2290 meum

243 2311 428 2375 necessitati
457 2313 616 2379 serviant.
650 2309 704 2373 ubi
734 2309 856 2374 seilicet
883 2309 934 2375 vel
956 2308 1091 2373 Domini
1118 2309 1221 2392 gloria
1273 2309 1479 2387 custodiatis,
1512 2311 1589 2393 quia
1616 2311 1749 2393 signum
1776 2319 1827 2375 est
1852 2312 1940 2374 inter
1966 2333 2019 2375 me
2047 2318 2080 2375 et
2107 2333 2180 2389 vos,
2215 2314 2249 2377 in

244 2395 456 2473 vendicanda,
479 2395 532 2460 vel
554 2394 776 2477 promovenda
797 2396 907 2459 fratris
930 2395 1120 2459 aedificatio.
1144 2394 1221 2476 Quo
1271 2396 1536 2479 generationibus
1557 2396 1685 2473 vestris,
1708 2404 1745 2460 ut
1766 2397 1876 2461 8818818
1898 2396 1983 2479 quod
2006 2418 2066 2480 ego
2088 2420 2162 2463 sum
2180 2400 2248 2463 Do·

244 2482 327 2566 legis
349 2481 540 2546 mandatnm
562 2491 694 2565 spectat.
1272 2483 1389 2558 minus,
1407 2483 1463 2563 qui
1480 2483 1645 2548 sanctifico
1662 2504 1733 2546 vos:
1755 2482 1914 2546 custodite
1931 2484 2136 2562 sabbathum,
2156 2505 2249 2549 sanc·

456 2568 463 2588 .
1272 2575 1343 2632 tum
1360 2576 1411 2632 est
1422 2570 1510 2632 enim
1523 2568 1628 2646 vobis;
1652 2567 1836 2632 custodiant
1853 2568 1911 2632 filii
1921 2568 2024 2634 188881
2042 2569 2247 2650 sabbathum,

1273 2663 1306 2718 et
1326 2654 1490 2720 celebrent
1511 2654 1593 2718 illud
1615 2656 1650 2717 in
1668 2654 1931 2737 generationibus
1949 2656 2031 2735 suis;
2054 2666 2184 2738 pactum
2197 2665 2248 2721 est

502 2739 751 2792 PRAECEPTUM
770 2737 959 2803 QUARTUM·
1272 2741 1507 2822 sempiternum
1539 2741 1626 2804 inter
1657 2761 1710 2803 me
1744 2749 1777 2803 88
1808 2741 1892 2805 filios
1918 2741 2022 2805 Israel
2054 2743 2249 2826 signumque

244 2865 428 2935 Recordare
457 2864 604 2933 8811888
633 2862 779 2933 sabbathi
808 2861 1000 2931 sanctifices.
1058 2865 1121 2932 Sex
1149 2863 1220 2933 die·
1273 2833 1476 2976 Wolff
1526 2826 1859 2977 111111ξ111111ᾱ11ἱ1τ1
1892 2827 2059 2927 1111111111.
2081 2829 2153 2910 111
2181 2829 2252 2912 1111

245 2968 306 3038 1888
334 2967 519 3061 operaberis
546 2979 579 3036 et
606 2967 702 3036 1888188
738 2967 846 3035 omnia
881 2988 977 3057 opera
1006 2976 1081 3040 tua:
1120 2970 1221 3061 septi·
1274 2932 1378 3062 {iffi
1396 2933 1743 3081 fflggsssgfluleznffiffllffi
1758 2933 1954 3063 Zse'sueffi
1970 2935 2253 3066 ggnesilgflffirffi

246 3095 300 3139 mo
336 3082 445 3140 11118111
483 3070 535 3139 (118
576 3070 769 3139 sabbathum
806 3073 937 3138 lelwvae
968 3070 1027 3138 1181
1068 3070 1114 3138 tui
1159 3081 1220 3142 esi·
1274 3081 1312 3149 81
1335 3085 1547 3149 sanctificatio
1574 3092 1687 3148 nostra
1707 3085 1858 3166 propriae
1881 3085 2056 3149 voluntatis
2074 3086 2254 3150 mortifica-

399 3176 470 3242 Non
500 3174 596 3242 iacies
624 3175 726 3242 ullum
755 3193 835 3262 opus
863 3173 895 3242 in
923 3200 974 3262 eo,
1003 3182 1064 3241 888.
1274 3170 1363 3234 81888
1381 3178 1517 3247 constat,
1540 3171 1607 3233 iam
1629 3192 1663 3235 se
1684 3171 1808 3252 profert
1829 3171 1998 3253 aptissima
2014 3170 2100 3254 signi
2122 3174 2253 3236 externi

1275 3277 1350 3319 cum
1377 3277 1414 3319 re
1441 3257 1513 3338 ipsa
1539 3256 1687 3321 interiori
1712 3257 1869 3339 analogia.
1915 3255 2158 3337 Quioseendum
2181 3278 2253 3321 om·

332 3345 382 3405 28.
433 3341 527 3405 Finis
556 3341 721 3423 praecepti
748 3349 797 3407 est
824 3351 862 3406 ut
889 3346 1030 3426 propriis
1053 3341 1221 3406 affectibus
1274 3342 1352 3405 nino
1375 3349 1433 3419 est,
1457 3350 1494 3405 nt
1515 3343 1607 3406 Deus
1629 3343 1664 3405 in
1687 3343 1779 3408 nobis
1801 3350 1966 3424 operetur;
1990 3341 2173 3408 cedendum
2195 3365 2253 3408 vo·

245 3438 279 3492 et
301 3428 451 3508 operibus
477 3429 617 3492 emortui
639 3449 777 3511 regnum
800 3429 862 3493 Dei
885 3431 1097 3506 meditemur,
1125 3435 1221 3510 atque
1273 3426 1400 3491 luntate
1417 3436 1537 3505 nostra,
1560 3428 1796 3510 resignandum
1813 3450 1877 3506 cor,
1900 3428 2100 3495 abdicandae
2116 3438 2253 3496 cunctae

244 3512 287 3578 ad
312 3534 385 3576 8888
413 3512 657 3578 meditationem
685 3515 845 3578 institutis
877 3516 918 3579 ab
945 3517 1014 3599 ipso
1042 3513 1221 3578 rationibus
1275 3513 1382 3578 carnis
1409 3513 1610 3595 cupiditates.
1656 3515 1807 3597 Denique
1834 3515 2019 3579 feriandum
2040 3522 2091 3580 est
2119 3515 2160 3579 ab
2182 3537 2252 3581 om-

244 3619 465 3663 exerceamur.
510 3600 650 3675 Verum,
674 3601 828 3680 quoniam
850 3601 948 3666 habet
968 3601 1166 3684 peculiarem
1188 3607 1222 3663 et
1274 3598 1373 3663 nibus
1408 3600 1532 3682 proprii
1560 3600 1684 3683 ingenii
1718 3600 1854 3679 muniis,
1891 3610 1928 3665 ut
1956 3601 2065 3665 Deum
2094 3600 2251 3665 habentes

245 3684 384 3750 divisam
406 3706 426 3748 a
447 3685 580 3767 reliquis
602 3686 910 3765 considerationem,
938 3689 1035 3770 paulo
1057 3686 1221 3750 diversam
1272 3685 1308 3748 in
1331 3684 1423 3749 nobis
1445 3694 1643 3768 operantem,
1667 3687 1794 3769 inipso
1816 3688 2072 3769 acquiescamus,
2095 3686 2250 3769 quemad·

244 3770 524 3852 interpretationis
550 3771 668 3836 seriem
696 3772 841 3854 requirit.
887 3773 1072 3839 Umbratile
1093 3779 1221 3836 veteres
1272 3771 1407 3835 modum
1429 3772 1592 3854 apostolus
1609 3793 1735 3854 quoque
1753 3773 1846 3838 docet
1863 3772 1979 3858 (Hebr.
2000 3776 2028 3851 3,
2051 3776 2088 3835 13
2106 3781 2140 3836 et
2157 3777 2186 3849 l,
2203 3772 2249 3855 4).

244 3878 435 3938 888888888
453 3857 568 3934 solent,
587 3856 672 3939 quod
690 3867 860 3923 externam
879 3858 942 3924 diei
960 3859 1221 3925 observationem
1252 3881 1259 3896 ·
1361 3861 1410 3921 30.
1456 3858 1656 3940 Perpetuam
1683 3860 1781 3923 istam
1804 3861 2017 3924 cessationem
2041 3857 2170 3923 Iudaeis
2197 3880 2250 3922 re-

244 3943 410 4007 cent-ineat
431 3965 513 4025 quae
531 3944 565 4006 in
584 3941 709 4007 Christi
727 3943 871 4009 adventu
893 3967 968 4009 cnm
986 3945 1118 4028 reliquis
1136 3945 1220 4026 figu-
1273 3944 1503 4026 praesentabat
1525 3945 1622 4008 unius
1644 3943 1709 4008 diei
1727 3967 1768 4009 ex
1785 3946 1928 4028 septenis
1946 3944 2144 4022 observatio;
2166 3965 2251 4026 quae

244 4029 290 4092 ris
313 4028 433 4093 abolita
454 4029 562 4094 fuerit.
608 4027 704 4109 Quod
731 4051 808 4095 vere
837 4030 967 4113 quidem
991 4033 1032 4097 ab
1054 4031 1120 4094 illis
1142 4027 1221 4093 dici·
1273 4037 1312 4092 ut
1332 4029 1447 4093 maiori
1469 4029 1627 4113 religione
1649 4031 1818 4108 coleretur,
1842 4052 1915 4096 eam
1937 4031 2087 4113 exemplo
2104 4052 2163 4094 suo
2181 4029 2251 4095 Do-

244 4118 313 4191 tur;
347 4114 404 4178 sed
433 4115 568 4179 dimidia
594 4122 722 4179 tantum
755 4137 797 4179 ex
824 4123 918 4199 parte
947 4140 1017 4182 rem
1052 4116 1221 4198 attingant.
1273 4116 1382 4179 minus
1402 4117 1629 4181 commendavit.
1672 4117 1747 4181 Non
1775 4118 1863 4181 enim
1891 4116 1932 4180 ad
1958 4115 2169 4181 excitandum
2192 4116 2251 4180 ho·

244 4197 356 4280 Quare
378 4200 475 4265 altius
493 4201 669 4284 repetenda
690 4208 739 4265 est
756 4203 924 4284 expositio,
948 4211 981 4268 et
1002 4200 1221 4286 dispiciendae
1272 4201 1370 4264 minis
1398 4198 1544 4266 stuilinm
1565 4202 1773 4269 mediocriter
1794 4202 1890 4279 valet,
1914 4210 1952 4268 ut
1973 4223 2008 4268 se
2030 4201 2071 4265 ad
2094 4203 2249 4267 creatoris

243 4291 311 4350 8888
332 4307 465 4365 causae,
494 4288 612 4369 quibus
642 4296 789 4353 constare
812 4288 874 4354 hoo
896 4289 1089 4354 mandatum
1111 4288 1221 4352 obscr-
1273 4287 1489 4351 imitationem
1516 4288 1651 4353 tendere
1673 4290 1810 4358 noverit.
1855 4287 1893 4354 81
1920 4290 1992 4370 quis
2014 4308 2169 4353 arcanam
2191 4288 2250 4353 ali-

242 4393 337 4437 vasse
371 4372 453 4437 mihi
486 4372 606 4437 videor.
651 4373 767 4437 Voluit
790 4376 879 4438 enim
911 4375 1045 4440 eoeledia
1065 4373 1222 4457 legislator
1273 4393 1371 4454 quarn
1393 4374 1427 4436 in
1450 4377 1641 4457 septenario·
1654 4397 1789 4441 numero
1807 4376 2076 4458 significationem
2094 4375 2249 4457 requirat,

242 4459 303 4524 sub
326 4458 390 4523 diei
408 4460 539 4543 septimi
560 4460 668 4542 quiete
686 4460 804 4543 populo
821 4459 926 4525 Israel
943 4461 1146 4544 spiritualem
1169 4481 1220 4524 re·
1272 4458 1404 4539 qnando
1436 4460 1490 4524 hic
1516 4462 1552 4523 in
1580 4463 1742 4545 scriptura
1768 4463 1974 4544 perfectionis
2003 4467 2053 4526 est
2081 4482 2249 4536 numerus,

134 4542 139 4559 ’
241 4546 349 4627 quiem
372 4547 531 4629 figurare,
560 4567 625 4628 qua
653 4547 834 4628 apropriis
855 4546 1006 4629 operibus
1029 4547 1140 4612 feriari
1164 4545 1220 4609 de·
1272 4565 1337 4608 non
1366 4546 1437 4610 sine
1457 4567 1557 4612 causa
1578 4546 1723 4614 delectus
1744 4555 1795 4612 est
1821 4545 1863 4612 81
1884 4546 2062 4612 notandam
2084 4547 2250 4629 perpetui·

240 4628 320 4694 bent
345 4630 474 4711 fideles,
508 4640 547 4696 ut
569 4632 679 4696 Deum
706 4633 742 4696 in
770 4654 805 4696 se
833 4634 960 4715 operari
989 4635 1106 4697 sinant
1151 4630 1220 4696 De-
1273 4638 1384 4696 tatem
1419 4631 1481 4698 Oui
1504 4641 1537 4698 et
1558 4633 1639 4697 illud
1659 4634 1867 4716 suffragatur,
1889 4633 1975 4716 quod
1997 4633 2107 4698 1118888
2127 4633 2163 4697 in
2185 4632 2248 4710 die,

241 4715 319 4780 inde
346 4727 467 4781 statum
497 4718 584 4783 diem
611 4739 682 4783 esse
711 4717 828 4796 voluit,
864 4740 928 4801 quo
956 4720 996 4783 ad
1024 4719 1130 4804 legem
1161 4738 1219 4781 au·
1272 4737 1336 4799 quo
1359 4727 1474 4784 888888
1494 4720 1692 4802 requievisse
1714 4719 1895 4783 Dominum
1922 4718 1963 4783 ab
1988 4718 2141 4802 operibus
2168 4719 2249 4796 suis,

242 4800 396 4866 diendam
436 4812 469 4867 et
507 4805 729 4869 caeremonias
760 4805 984 4889 peragendas·
997 4804 1217 4881 convenirent,
1271 4804 1372 4867 finem
1400 4805 1630 4871 describendae
1652 4803 1780 4868 dierum
1807 4825 1844 4870 88
1866 4806 2013 4870 noctium
2035 4803 2249 4870 successionis

240 4886 293 4951 vel
316 4886 432 4951 saltem
459 4908 554 4969 quem
583 4911 718 4972 operum
739 4913 873 4955 snorum
895 4891 1098 4956 meditationi
1119 4911 1218 4973 pecu·
1270 4888 1356 4954 facit
1397 4891 1511 4956 Potest
1532 4900 1566 4954 et
1586 4890 1689 4954 altera
1707 4891 1883 4972 probabilis
1905 4892 2016 4956 afferri
2037 4890 2166 4955 numeri
2188 4912 2249 4954 no·

240 4970 366 5034 liariter
398 4971 528 5048 darent,
569 4985 607 5039 ut
641 4977 703 5041 hac
735 4976 958 5042 recordatione
992 4978 1033 5043 ad
1062 4979 1217 5061 pietatem
1270 4976 1365 5040 tatio:
1398 4976 1486 5059 quod
1513 4976 1636 5040 seilicet
1664 4974 1845 5058 designarit
1865 4977 2043 5057 Dominus,
2076 4997 2249 5058 nunquam

241 5064 481 5122 exercerentur.
527 5060 638 5124 Tertio
661 5063 778 5139 servis,
801 5070 835 5128 et
856 5064 897 5128 iis
918 5064 974 5146 qui
996 5065 1057 5129 sub
1079 5063 1218 5127 aliorum
1270 5061 1456 5126 absolutum
1482 5062 1551 5125 fore
1576 5060 1774 5125 sabbathum
1801 5061 1903 5128 donec
1930 5073 2070 5128 ventum
2098 5062 2140 5127 ad
2169 5063 2248 5127 ulti-

241 5141 400 5226 degerent
415 5145 562 5226 imperio,
586 5147 704 5227 quietis
722 5145 808 5211 diem
824 5147 1063 5232 indulgendum
1081 5150 1216 5227 censuit,
1271 5169 1362 5212 mum
1395 5146 1482 5210 diem
1513 5146 1619 5210 fuerit
1663 5145 1820 5212 Nostram
1852 5150 1942 5214 enim
1972 5150 2007 5214 in
2033 5150 2089 5214 illo
2116 5150 2249 5214 beatam

240 5249 304 5313 quo
327 5229 469 5314 aliquam
491 5230 652 5296 haberent
673 5253 694 5296 a
714 5232 824 5298 labore
843 5235 1078 5301 remissionem.
1269 5234 1413 5316 quietem
1439 5231 1495 5297 hic
1520 5231 1727 5312 inchoamus;
1753 5234 1790 5299 in
1817 5256 1858 5301 88
1882 5256 1985 5301 novos
2006 5234 2151 5319 qnotidie
2171 5256 2249 5318 pro·
