4672 5842
131 288 196 354 345
483 287 573 354 ΜΒ.
596 288 641 352 Π.
686 289 750 353 DE
773 285 1061 355 COGNI'PIONE
1084 290 1167 356 DEI
1189 287 1534 356 REDEMPTORE.
1579 291 1679 357 OAP.
1701 291 1782 361 ΧΠ
2074 298 2138 361 346

128 477 198 543 lum
225 480 278 541 636.
327 475 495 540 Hominem
521 477 587 541 6666
618 481 754 541 creatum
783 498 848 542 esse
874 479 917 544 acl
942 479 1110 560 imapinem
1134 479 1137 589 f
1162 482 1296 542 creatum
1316 479 1415 560 ipitur
1440 479 1540 560 fuisse
1567 479 1610 544 act
1630 480 1799 562 imapinem
1822 481 1922 546 Actae.
1969 481 2034 547 Cur
2055 485 2139 548 enin

130 562 205 640 Dei,
226 563 304 642 qnia
323 563 480 644 formatus
500 563 596 644 fuerit
618 564 659 628 act
680 566 839 646 exemplar
858 564 963 645 futuri
982 562 1108 642 Christi,
1162 563 1293 628 horrebit
1314 566 1394 645 qroorl
1413 570 1477 628 tam
1499 571 1602 645 aperte
1618 566 1701 630 clocet
1720 569 1878 647 scriptura
1895 566 2055 651 (Hebut,
2073 568 2138 653 15),

129 653 166 714 ut
185 647 277 712 666666
298 650 428 730 referret
454 669 544 730 quem
572 650 638 713 iam
654 654 749 730 pater
770 671 861 714 carrio
882 651 992 714 restire
1014 651 1110 714 cleare-
1162 651 1296 714 sim-ilem
1323 650 1410 713 nobis
1436 652 1535 730 fuisse
1561 652 1680 732 factum
1701 674 1761 733 per
1789 655 1910 732 666666,
1934 660 2052 733 eccepto
2068 676 2139 735 peo-
2203 708 2206 713 .

129 740 223 799 cerat.
276 734 363 800 Unde
385 735 513 817 callipit,
540 736 572 798 si
592 756 753 815 66666666
774 737 938 800 excidisset
959 736 1067 800 Adam
1089 757 1110 800 a
1161 736 1250 799 cato?
1273 737 1354 799 66666
1375 741 1401 800 66
1420 736 1525 801 Lucas
1543 737 1648 816 filium
1665 737 1758 803 Actae
1774 740 1810 803 in
1825 740 2002 822 penealopia
2019 761 2139 806 6663666

127 822 237 902 prima
258 841 319 884 sua
342 826 370 884 66
386 822 510 902 intepra
519 821 647 902 oripine,
672 818 830 886 Christum
846 828 949 886 tamen
964 822 1110 903 futurum
1161 842 1223 885 non
1249 822 1371 886 dubitat
1398 823 1494 905 (Luc.
1515 825 1549 902 3,
1570 823 1635 907 38).
1682 823 1768 888 Scire
1796 826 1889 889 ctiam
1916 826 2008 888 celim
2035 847 2090 889 cnr
2116 847 2139 890 a

128 908 230 988 fuisse
248 906 408 970 hominem.
440 909 542 987 9666
562 907 647 971 636666
668 911 694 970 66
711 909 910 989 nupatorium
931 909 973 972 sit
994 914 1021 972 et
1042 928 1110 972 com
1163 907 1267 972 Paulo
1285 910 1317 990 (1
1332 907 1405 972 Cor.
1424 913 1470 986 15,
1484 908 1540 993 41)
1561 907 1705 974 Christus
1721 916 1842 975 6666666
1858 912 2008 975 secuntias
2021 913 2138 991 Aulam,

130 997 331 1074 imsuper
351 1013 383 1056 36
403 992 582 1074 intellipunt
603 1013 707 1057 666663
727 1014 804 1056 sano
824 994 1109 1073 iudiciopraectiti.
1160 994 1226 1057 nisi
1253 994 1329 1074 qaia
1357 994 1510 1057 destinato
1544 996 1571 1056 ei
1602 996 1666 1076 fnit
1692 995 1831 1060 hermano
1858 998 2002 1074 conditio,
2036 1003 2071 1060 ut
2099 1017 2139 1061 66

132 1078 256 1142 Interea
272 1080 418 1159 primum
436 1100 468 1143 36
491 1079 608 1143 uidisse
622 1084 713 1160 putat
729 1079 807 1160 quiet
825 1086 902 1143 63366
919 1081 1023 1161 imapo
1036 1079 1108 1158 Dei,
1161 1081 1258 1142 ruina
1290 1081 1417 1161 eriperet
1448 1080 1541 1143 Actae
1566 1086 1715 1160 posteros.
1772 1083 1859 1145 Nam
1897 1083 1927 1145 36
1958 1085 2140 1147 creationem

130 1164 212 1245 quod
244 1165 360 1229 36666666
391 1184 453 1228 non
480 1165 580 1228 solum
607 1166 641 1227 in
673 1165 796 1229 dotibus
823 1166 964 1243 eximiis,
997 1166 1110 1246 666663
1161 1167 1269 1229 ordine
1300 1166 1358 1229 illa
1385 1167 1568 1247 praecessit,
1602 1167 1751 1231 clicenclus
1776 1169 1839 1248 fuit
1864 1170 1993 1248 primns
2021 1169 2138 1233 Adam.

130 1255 262 1315 ornatus
282 1251 398 1331 fuerat,
426 1249 580 1314 relucebat
601 1250 665 1315 Dei
684 1252 802 1332 plocio,
830 1251 885 1315 sect
907 1252 1110 1316 essentialiter
1164 1251 1276 1316 Securo
1303 1250 1444 1331 affirmat
1474 1251 1642 1330 Osioruler,
1675 1255 1751 1332 6666
1779 1255 1845 1316 iani
1874 1253 2019 1318 Christus
2051 1254 2139 1318 homo

128 1337 166 1399 in
186 1356 219 1400 eo
239 1335 396 1416 habitabat
416 1335 514 1400 Dens.
558 1336 626 1419 Epo
653 1358 723 1400 ocro
751 1342 786 1400 ut
812 1339 972 1401 6666666666
999 1338 1110 1420 imapi-
1155 1340 1373 1420 praecopnitns
1395 1342 1461 1400 erat
1482 1340 1517 1401 in
1537 1343 1633 1401 meritc
1651 1338 1724 1416 Dei,
1746 1338 1884 1402 liariines
1906 1341 1948 1404 acl
1965 1340 2019 1404 boc
2040 1360 2139 1404 eccun-

129 1442 200 1485 ncm
221 1420 286 1486 Dei
302 1421 412 1485 Adam
431 1427 565 1503 Ι66366336
587 1429 738 1503 qualemn
754 1422 822 1487 Deo
844 1425 1022 1487 coniunctus
1043 1429 1110 1488 erat
1155 1425 1234 1504 plor
1254 1424 1354 1505 fnisse
1374 1426 1531 1504 formatos.
1573 1424 1696 1487 Paulus
1717 1429 1820 1488 autern
1842 1426 2009 1488 secundnm
2031 1427 2139 1490 Aetam

131 1508 225 1589 (quac
245 1528 321 1571 ocra
342 1513 387 1570 636
413 1529 450 1571 66
470 1529 594 1572 nummo
616 1508 778 1590 clipriitatis
792 1509 956 1592 perfectio)
978 1510 1042 1573 Dei
1064 1515 1109 1572 ta-
1161 1511 1334 1586 nominons,
1357 1511 1436 1572 inter
1452 1511 1595 1589 primam
1612 1509 1746 1574 leontinis
1767 1511 1917 1592 oripincm
1934 1513 2139 1577 666636666666-

129 1613 199 1657 nien
218 1594 459 1658 similitudinem
478 1616 537 1657 non
555 1595 632 1658 alibi
653 1595 862 1674 quaerendam
880 1616 945 1659 csse
965 1596 1109 1659 66666666
1159 1616 1229 1659 nem
1248 1616 1343 1676 quam
1359 1616 1419 1674 per
1443 1594 1601 1659 Christum
1621 1597 1850 1676 consequimur,
1872 1596 2009 1660 mediam
2029 1599 2150 1663 statuit,

128 1700 225 1760 quam
253 1680 288 1742 in
314 1679 383 1744 illis
404 1682 619 1759 praestantiae
647 1682 728 1744 uotis
754 1681 867 1760 quibus
889 1682 997 1745 Adam
1019 1680 1109 1745 Deus
1160 1683 1368 1762 defectionem,
1391 1702 1428 1744 eo
1449 1688 1665 1761 proiecturae
1686 1682 1912 1762 inpristinnm
1934 1683 2072 1746 66666666
2093 1703 2138 1747 re-

127 1767 339 1848 insipniocrat
364 1787 448 1846 prae
480 1767 557 1830 aliis
588 1767 809 1830 animantibus.
864 1768 915 1831 Ac
949 1767 1107 1830 Christum
1132 1782 1135 1835 Ι
1158 1767 1342 1848 formandae
1374 1768 1544 1830 neccessitas.
1608 1767 1693 1832 llncle
1725 1770 1881 1848 sequitur,
1914 1769 2042 1832 casulem
2070 1769 2138 1848 filio

129 1852 254 1932 quidem
281 1852 348 1914 mm
375 1856 446 1915 6666
470 1853 571 1932 fnisse
593 1853 759 1930 ionae-inem
782 1852 845 1916 Dei
874 1874 935 1916 666
961 1873 1108 1917 conscissa
1159 1853 1224 1918 Dei
1244 1854 1390 1917 66366666
1411 1853 1512 1933 faisse
1534 1873 1677 1930 carosam,
1705 1859 1740 1916 ut
1765 1853 1852 1916 66666
1872 1853 1965 1933 fieret.
2013 1854 2137 1919 Interea

125 1939 265 2018 fatentur
291 1957 410 2015 666663,·
441 1943 468 2000 66
491 1939 627 2018 proinde
654 1940 809 2020 6666666666
835 1939 1029 2004 666666666666
1059 1939 1108 2002 in·
1159 1940 1242 2003 66666
1263 1939 1424 2002 etinsulse
1440 1939 1646 2002 ratiocinatur
1661 1940 1822 2018 Osiamlcr,
1845 1939 1961 2017 Aetam,
1984 1940 2137 2021 quamdiu

127 2024 284 2104 sculptum
306 2024 370 2103 ipsi
389 2022 482 2086 Actae
501 2025 578 2105 ficit,
600 2025 673 2087 inde
694 2045 838 2088 manasse
857 2026 940 2105 quael
957 2046 1017 2106 per
1037 2025 1108 2088 uni·
1160 2027 1274 2107 inteper
1295 2026 1440 2101 stetisset,
1465 2025 1609 2104 fietnrurn
1637 2026 1806 2107 irnapincm
1825 2025 1927 2105 fuisse
1949 2028 2001 2089 sui
2024 2027 2137 2107 ipsius,

125 2111 264 2191 paruum
282 2107 387 2189 filiam
416 2109 459 2172 acl
485 2110 604 2190 opificis
624 2112 677 2175 sui
696 2111 831 2191 pluriam
853 2112 1010 2175 accederet.
1053 2111 1109 2175 Aa
1159 2131 1221 2175 non
1250 2109 1376 2174 Christi.
1422 2109 1600 2190 Responcleo
1617 2131 1661 2173 ea
1681 2112 1830 2191 opposito,
1857 2112 1948 2191 quia,
1976 2114 2033 2175 etsi
2059 2133 2138 2175 nun·

127 2196 297 2277 imapinem
328 2215 397 2276 erpo
428 2196 491 2261 Dei
512 2196 653 2261 66666663
675 2201 717 2259 636
743 2198 846 2274 liorno,
874 2199 910 2260 in
935 2218 994 2278 quo
1016 2216 1108 2260 suam
1159 2217 1253 2276 uuam
1273 2197 1426 2261 6666663366
1443 2216 1566 2260 carnem
1579 2197 1641 2262 Dei
1657 2196 1755 2276 filius,
1776 2197 1913 2279 fnlpeba't
1931 2197 2138 2263 nihilominus

91 2310 94 2315 ·
127 2281 265 2363 ploriam
287 2286 404 2344 creator
431 2283 498 2363 ipse
525 2282 659 2361 conspici
686 2283 779 2362 quasi
806 2283 842 2345 in
862 2284 983 2362 speculo
1004 2284 1107 2346 666666.
1160 2288 1188 2346 66
1215 2284 1250 2345 in
1276 2302 1399 2363 corpore
1426 2287 1452 2345 ct
1480 2283 1514 2345 in
1534 2284 1642 2345 66666
1663 2284 1732 2346 6663
1754 2283 1856 2364 imapo
1878 2282 1958 2362 Du,-
1991 2285 2023 2345 in
2047 2285 2137 2349 cuius

131 2366 175 2430 In
196 2367 276 2430 hune
294 2366 432 2448 praelum
449 2367 575 2432 honoris
592 2373 708 2432 6666663
724 2369 787 2449 fnit
804 2369 956 2450 arripeniti
976 2368 1040 2449 filii
1062 2369 1108 2433 be
1160 2368 1264 2431 666663
1285 2388 1405 2447 semper
1427 2369 1591 2448 apparuit,
1622 2366 1780 2432 Christum
1802 2389 1867 2432 6336
1888 2390 1957 2432 oere
1977 2374 2082 2449 caput,
2109 2374 2137 2434 et

130 2452 253 2533 ucficiO,
281 2453 335 2517 scd
356 2453 437 2517 adelo
457 2454 563 2534 filiurn
584 2456 690 2535 ipsum
712 2460 776 2518 tam
798 2455 918 2536 anpelis
940 2476 1035 2535 quam
1056 2455 1107 2518 ho
1156 2456 1331 2535 primatum
1357 2459 1458 2517 tenere
1484 2455 1520 2516 iu
1541 2453 1690 2517 erunibus.
1735 2455 1839 2534 Atque
1866 2455 1912 2517 ita
1935 2455 2066 2518 soluitur
2085 2455 2137 2535 fu·

129 2537 269 2603 minibus
289 2558 447 2602 commune
466 2540 567 2619 fuisse
587 2547 697 2620 capnt;
727 2542 772 2603 ita
800 2545 934 2621 atquae
956 2541 1107 2604 inhomi-
1159 2540 1225 2603 tilis
1246 2541 1383 2621 arpntia,
1405 2560 1499 2619 otiam
1520 2540 1648 2603 oentilat
1672 2539 1836 2617 Osiaruler,
1858 2541 2015 2604 carituros
2033 2541 2137 2621 fuisse

127 2645 201 2689 6666
226 2624 337 2690 collata
362 2627 467 2705 fuerat
487 2627 642 2708 clipnitas,
671 2627 713 2690 acl
740 2627 864 2709 anpelos
894 2647 1011 2707 qnoque
1033 2648 1107 2707 per·
1158 2626 1283 2707 anpelos
1305 2625 1359 2690 hoc
1380 2628 1480 2705 capite
1500 2627 1567 2688 nisi
1588 2626 1656 2689 Deo
1673 2627 1870 2706 propositam
1896 2626 2011 2706 fuisset
2030 2626 2136 2706 filium

127 2710 396 2791 6666666.,.,Ν6666
424 2713 508 2785 enim
536 2712 613 2776 6666
644 2713 793 2777 audimus
814 2714 919 2776 uocari
937 2712 1022 2791 filios
1043 2712 1107 2777 Dei
1158 2732 1251 2774 suurn
1273 2732 1366 2774 carne
1387 2713 1506 2783 6636666,
1529 2713 1621 2774 etiarn
1643 2712 1730 2774 citra
1744 2711 1836 2775 Actae
1858 2713 1990 2792 culpam.
2026 2712 2136 2777 Nimis

128 2795 231 2880 (Peal.
247 2792 302 2874 82,
322 2796 373 2880 6),
396 2803 632 2863 6663666666666
654 2805 729 2863 esset
751 2820 862 2880 nepare
882 2799 1020 2861 inclitum
1041 2798 1108 2862 illis
1159 2798 1241 2861 enim
1262 2799 1486 2861 inconsiderate
1508 2799 1634 2877 arripit,
1658 2797 1741 2876 quael
1762 2818 1848 2861 66666
1868 2819 1967 2862 sanus
1988 2799 2134 2877 concertet,

125 2884 226 2966 fuisse
247 2884 371 2964 aliquid
398 2904 457 2964 quo
472 2889 598 2966 patrem
623 2886 780 2965 referrent.
828 2885 915 2965 Quoi
936 2885 967 2948 36
987 2889 1051 2948 tam
1071 2885 1107 2946 in
1161 2883 1281 2947 Christo
1301 2903 1362 2945 non
1383 2888 1546 2963 6666666666
1561 2885 1740 2964 primatum
1761 2884 1795 2947 in
1813 2885 1945 2965 anpclos,
1968 2889 2003 2946 ut
2023 2883 2136 2963 fruan-

127 2969 246 3052 anpelis
268 2990 364 3050 auam
383 2971 417 3033 in
434 2971 611 3034 horninibus
624 2972 852 3052 repraesentari
869 2971 1107 3053 suamploriam
1158 2974 1211 3032 tur
1232 2989 1265 3032 co
1281 2970 1435 3048 principe,
1458 2970 1522 3031 nisi
1544 2975 1697 3049 quatenus
1717 2974 1762 3033 est
1783 2969 1879 3033 homo.
1919 2969 2020 3049 Atqui
2040 2969 2134 3050 facile

127 3057 216 3120 etin
244 3060 374 3136 utroque
399 3061 516 3121 natura
543 3058 740 3137 conspicuam
767 3077 833 3121 esse
859 3056 968 3133 uoluit,
998 3058 1107 3121 inscite
1158 3056 1280 3121 elicitur
1302 3075 1339 3118 66
1363 3054 1461 3118 Pauli
1482 3055 1584 3119 uerbis
1606 3053 1689 3140 (Col.
1712 3061 1744 3133 1,
1767 3054 1835 3137 15),
1865 3062 2017 3136 66666663
2039 3060 2134 3120 aeter·

126 3146 264 3224 impetur
290 3142 461 3217 Osi-ander,
490 3142 613 3224 aripelos
633 3142 734 3222 fuisse
756 3147 827 3206 6666
844 3142 1036 3223 posthabitas
1057 3142 1107 3205 ho-
1157 3161 1219 3204 nus
1240 3147 1284 3204 636
1297 3141 1480 3218 1666366666,
1494 3143 1736 3223 primopenitum
1757 3161 1821 3204 6336
1843 3143 1945 3205 omnis
1962 3147 2133 3219 creaturae,

126 3228 281 3306 minibus,
309 3231 387 3309 6666
408 3249 469 3292 nou
488 3234 644 3311 pestorent
668 3227 788 3293 Christi
808 3228 953 3311 66666666.
998 3228 1106 3308 Neque
1158 3248 1219 3290 non
1248 3227 1330 3306 quael
1358 3232 1479 3290 creatus
1504 3229 1562 3303 sit,
1595 3228 1642 3290 cel
1670 3228 1833 3290 riumcrari
1863 3229 1944 3291 iuter
1972 3232 2134 3291 creaturas

125 3316 210 3379 enim
227 3315 387 3393 praesenti
408 3314 472 3379 Dei
494 3316 609 3378 intuitu
631 3316 757 3380 assidue
777 3316 969 3396 fruerentur,
992 3316 1056 3379 nisi
1078 3316 1106 3380 ei
1157 3312 1277 3391 debeat;
1298 3314 1352 3376 secl
1373 3314 1450 3392 quia
1471 3314 1586 3394 inteper
1602 3314 1712 3377 6666666
1723 3317 1833 3389 366663,
1855 3314 1961 3394 arealis
1982 3312 2020 3376 ob
2042 3313 2134 3376 initio

124 3404 225 3465 633666
252 3401 380 3464 similes.
427 3400 1102 3486 NecaliterctocctPaulas(Col.3,10),
1156 3400 1220 3480 fuit
1241 3418 1364 3462 3666666
1380 3399 1617 3479 piilcluitralinc
1644 3400 1795 3480 insipnis,
1822 3420 1885 3463 non
1906 3398 1996 3462 alincl
2012 3398 2134 3478 prinei·

126 3485 275 3550 rmooari
297 3484 434 3548 homines
456 3488 498 3550 art
519 3488 686 3568 imapinem
707 3487 785 3563 Dei,
812 3508 908 3568 quam
933 3488 963 3551 si
987 3487 1107 3569 aripelis
1152 3488 1246 3567 piune
1269 3483 1393 3562 habuit,·
1414 3485 1524 3548 cleirnle
1546 3490 1698 3564 quatenus
1719 3484 1809 3548 honio
1826 3485 1928 3566 foetus
1945 3490 1997 3562 636,
2014 3486 2134 3564 primo-

125 3571 291 3646 soeientur,
313 3575 346 3632 ut
367 3572 465 3636 simul
486 3573 566 3635 inter
586 3593 619 3636 36
640 3572 819 3638 cohaereant
839 3574 897 3636 sub
914 3593 976 3637 uno
998 3574 1105 3654 capite.
1155 3572 1291 3654 postitium
1327 3590 1392 3633 esse
1425 3592 1462 3632 66
1495 3572 1637 3634 6666663.
1700 3570 1868 3650 Utrunque
1900 3571 1982 3634 enim
2015 3591 2075 3633 666
2108 3575 2135 3634 et

126 3656 284 3736 Denique,
313 3656 343 3717 si
367 3654 490 3720 Christo
512 3659 660 3735 creclitur,
688 3659 762 3723 haec
784 3660 896 3723 6666666
918 3661 977 3722 erit
998 3664 1105 3723 nostra
1158 3657 1241 3721 breui
1263 3661 1402 3721 contecta
1423 3657 1684 3720 cornicleranelum
1700 3658 1848 3737 proponit
1866 3656 1984 3736 apostol
2018 3653 2131 3739 *(ibid.

125 3742 274 3824 felicitas,
301 3741 355 3804 ubi
382 3742 418 3805 in
446 3743 540 3806 coelos
562 3745 678 3809 erimus
705 3748 828 3827 recepti,
855 3746 1023 3827 conformes
1042 3766 1106 3810 esse
1161 3749 1187 3815 1,
1210 3749 1257 3805 lii.
1281 3742 1798 3823 1866661666666666666336
1820 3744 1933 3818 66666,
1958 3747 1993 3803 ut
2012 3741 2134 3822 anepolis

127 3828 257 3910 aupelis.
305 3828 393 3908 Quod
420 3829 450 3892 si
477 3830 594 3908 inferre
620 3829 777 3896 Osionrlro
803 3832 886 3909 licet,
908 3833 1106 3910 primarium
1156 3830 1348 3905 dominetur,-
1375 3828 1574 3891 6666666666
1597 3848 1661 3892 csse
1681 3828 1799 3907 factum
1820 3833 1855 3890 ut
1875 3828 2047 3906 redemptor
2068 3845 2134 3890 esse

127 3913 279 3996 imapinis
300 3913 364 3978 Dei
390 3915 548 3995 coceniplar
567 3915 668 3995 fnisse
690 3918 725 3980 66
748 3916 872 3982 Christo
894 3918 1029 3993 homine,
1059 3938 1105 3982 eo
1157 3917 1313 3997 inciperet.
1356 3912 1510 3977 Eiusdem
1540 3915 1683 3978 inscitiae
1708 3919 1753 3978 est
1785 3913 1865 3993 qnod
1892 3913 2030 3976 homines
2057 3911 2134 3976 elicit

126 4001 196 4065 dem
215 4000 285 4063 6666
306 4002 461 4064 conterzdet
482 4001 642 4081 quispiam
661 4001 820 4068 Christum
842 4005 1013 4085 oportuisse
1032 4003 1105 4084 fieri
1156 4003 1313 4065 carituros
1332 4000 1433 4080 fuisse
1447 4000 1569 4062 Christo
1590 4021 1666 4081 repe,
1685 4000 1752 4063 nisi
1769 4000 1857 4062 homo
1873 3999 1995 4080 fnisset.
2033 3998 2134 4078 Quasi

127 4087 284 4169 anpelicae
304 4091 437 4150 naturae
453 4092 627 4163 consortern,
651 4089 728 4169 quia
748 4091 791 4154 acl
811 4090 883 4154 illos
900 4110 1017 4171 quoque
1032 4110 1106 4170 per·
1156 4107 1227 4151 vcro
1254 4108 1315 4150 uon
1336 4087 1474 4168 potuerit
1501 4091 1640 4149 constare
1666 4107 1795 4168 repr-uni
1822 4084 1899 4157 Dei,
1933 4087 1963 4151 36
1991 4090 2134 4148 aeternus

126 4173 224 4237 lineat
244 4173 347 4256 imapo
367 4171 441 4237 Dei.
1156 4173 1220 4238 Dei
1240 4173 1337 4254 flius,
1358 4172 1426 4235 licet
1447 4191 1508 4235 non
1529 4170 1659 4234 iniectus
1680 4173 1820 4235 hnmana
1842 4192 1942 4249 corne,
1963 4171 2085 4253 arcpelis
2106 4173 2134 4234 et

214 4262 242 4320 7.
289 4259 362 4322 Non
391 4264 435 4324 est
462 4259 562 4341 ipitur
593 4278 650 4321 cnr
676 4263 790 4324 metuat
820 4261 974 4325 03666666
1000 4259 1104 4325 Deum
1156 4258 1333 4323 bominibus
1353 4259 1389 4320 in
1410 4259 1581 4321 societatem
1602 4258 1738 4322 collectis
1756 4258 1877 4341 ploriae
1903 4278 1980 4322 suae
2002 4261 2029 4320 66
2050 4259 2133 4318 uitae

122 4363 215 4426 posse
235 4345 410 4410 mendacem
432 4343 632 4426 deprehendi,
660 4346 725 4407 nisi
750 4347 785 4408 in
806 4348 875 4410 6663
896 4352 992 4412 mente
1007 4350 1105 4429 prius
1155 4345 1300 4422 collectis,
1323 4345 1500 4425 primatum
1530 4346 1595 4424 ipsc
1623 4345 1778 4409 tenuisset.
1826 4345 1888 4408 Seri
1914 4345 1950 4406 in
1976 4341 2030 4404 hoc
2050 4339 2132 4419 f'also

125 4431 238 4513 fuisset
264 4431 302 4494 cle
328 4431 396 4511 filio
423 4431 617 4495 incarnando
645 4431 798 4495 6666666666
817 4432 920 4513 feam
944 4439 972 4496 et
994 4434 1105 4498 666666-
1150 4432 1312 4510 prinicipio
1333 4450 1453 4511 semper
1474 4430 1699 4507 hallucinatur,
1724 4430 1770 4493 uel
1791 4430 1853 4493 sibi
1869 4426 2063 4509 proestipias
2082 4426 2133 4506 fa·

125 4515 226 4580 tabile.
274 4518 358 4597 Quia
386 4517 509 4582 etiamsi
536 4537 596 4580 nan
622 4517 759 4597 collapsa
783 4518 897 4598 fuisset
917 4519 1011 4583 Actae
1030 4521 1104 4584 inte
1155 4518 1203 4595 cit,
1227 4517 1384 4581 eeclesiam
1399 4516 1501 4596 fnisse
1513 4513 1662 4596 ἀκέφαλον
1681 4517 1825 4596 futuram
1845 4515 1911 4578 nisi
1931 4512 2133 4591 apparuisset

125 4603 243 4685 peltas,
269 4603 387 4668 similis
405 4604 520 4687 fuisset
540 4602 609 4667 Deo
630 4622 701 4668 eum
720 4603 862 4684 anyches
881 4625 977 4684 neque
1003 4609 1104 4669 tamon
1155 4604 1305 4666 incarne
1328 4601 1479 4666 Christus.
1527 4603 1627 4681 ‘guasi
1649 4622 1732 4676 cero,
1754 4601 1848 4671 sicuti
1870 4619 1902 4662 eo
1923 4597 2023 4676 capite
2043 4595 2131 4678 frue-

121 4693 287 4770 proptereo
308 4709 427 4754 6666336
445 4690 559 4771 fuisset
577 4690 682 4770 filium
704 4688 769 4753 Dei
793 4689 864 4770 feri
885 4691 932 4754 oet
953 4690 1104 4756 hominem
1155 4688 1270 4753 bantur
1290 4688 1407 4770 aripcli,
1436 4708 1496 4750 non
1525 4688 1618 4749 etiam
1645 4688 1755 4751 diuina
1775 4705 1837 4748 sua
1856 4685 1968 4747 uirtute
1983 4703 2132 4762 proeesse

125 4775 174 4839 oet
200 4776 354 4858 anpelnm.
400 4774 538 4840 Frustra
563 4778 657 4840 etiam
683 4774 856 4840 absurdum
881 4775 963 4839 illud
988 4778 1105 4856 6666666,
1154 4775 1330 4838 hominibus
1351 4774 1501 4853 potuerit,
1528 4777 1555 4834 et
1582 4792 1698 4834 arcana
1722 4771 1834 4835 uirtute
1855 4769 1990 4850 spir-itus
2011 4770 2063 4834 366
2084 4790 2132 4834 66-

126 4862 192 4925 6636
223 4860 412 4925 immutabili
436 4860 500 4925 Dei
532 4863 661 4926 66636666
690 4866 761 4925 ante
787 4865 923 4926 creatiem
950 4861 1104 4927 hominem
1152 4866 1257 4944 potare
1283 4861 1370 4942 ipsos
1396 4864 1424 4922 et
1443 4859 1562 4937 fovere,
1589 4859 1693 4921 instar
1720 4858 1858 4938 corporis
1880 4856 1947 4934 366,
1981 4855 2074 4921 donec
2095 4855 2132 4920 in

129 4943 272 5010 Christus
291 4946 404 5027 fuisset
424 4948 620 5026 6636666663,
647 4968 708 5012 nou
727 4952 763 5012 ut
783 4947 969 5030 redemptor,
996 4949 1050 5013 sed
1069 4953 1104 5012 ut
1155 4947 1270 5012 6666666
1301 4944 1415 5010 collecti
1445 4943 1551 5006 eadem
1588 4962 1658 5007 cum
1696 4942 1815 5025 anpelis
1847 4943 1914 5008 uita
1943 4944 2131 5023 frueremur.

119 5032 251 5113 primus
271 5032 374 5113 liano,
395 5053 434 5097 ne
454 5053 476 5097 6
497 5054 558 5098 sua
573 5036 795 5118 praeropatioa
816 5035 981 5114 ceollach·
1007 5055 1104 5115 qnam
1158 5036 1246 5113 Quas
1266 5033 1412 5096 hactenns
1432 5030 1568 5108 refutavi
1588 5029 1734 5108 naenias,
1757 5050 1819 5111 pro
1845 5028 2042 5111 firmissimis
2063 5049 2132 5093 ora·

125 5118 165 5182 clo
191 5119 259 5182 iam
279 5139 341 5183 non
362 5119 428 5183 6636
448 5120 672 5200 penmonis
695 5125 790 5186 uatus
816 5126 906 5200 esset,
935 5126 969 5185 ut
990 5120 1104 5185 scilicet
1155 5118 1234 5182 culis
1255 5114 1531 5194 curubitanam
1551 5135 1658 5196 nempe
1679 5120 1712 5178 nt
1734 5136 1866 5180 366666
1888 5115 2131 5196 speculationum

123 5204 278 5268 66366666
297 5205 462 5284 perditum
485 5225 583 5289 penus
608 5205 797 5272 humanum:
823 5212 858 5272 ut
880 5208 953 5273 inite
975 5207 1104 5289 inferat,
1153 5203 1313 5269 6666666666
1329 5191 1503 5267 inebriatus
1521 5201 1672 5267 ridiculos
1693 5222 1840 5283 paeones
1855 5203 1893 5266 bc
1909 5200 2007 5264 nihilo
2024 5201 2131 5284 efflare
