4672 5842
225 293 267 354 2⁷
872 286 1138 354 INSTITUTIO
1161 286 1266 351 REL.
1289 286 1470 353 CHRIST.
1496 293 1588 355 1559.
2188 290 2231 351 28

226 479 308 545 satis
329 478 457 557 ostica
477 499 611 542 rursum
633 476 773 542 aliorum
794 476 1010 543 imbecillitati
1031 497 1202 541 occurren-
1254 473 1352 556 Quod
1384 477 1492 559 ipsum
1525 498 1585 541 nos
1611 498 1737 559 quoque
1770 484 1858 542 certe
1891 474 2131 559 experiremur,
2165 474 2233 538 nisi

226 591 320 668 dum,
349 610 429 672 quos
455 589 578 654 talibus
604 589 807 655 offendiculis
834 589 1030 654 commoveri
1063 610 1101 652 ao
1126 609 1201 670 per·
1253 598 1365 653 nostra
1387 588 1622 672 ingratitudine
1643 607 1925 670 corrumperemus
1945 587 2007 652 hoc
2029 593 2096 650 tam
2118 587 2233 669 singu·

226 704 374 767 turbatos
397 701 550 767 vacillare
579 716 747 766 non'raro
768 701 937 783 contingit
982 700 1038 764 Illi
1059 720 1137 765 vero
1160 720 1202 763 ne
1254 698 1322 764 lare
1344 700 1408 765 Dei
1430 701 1639 779 beneficium,
1667 721 1705 765 ao
1732 701 1768 763 in
1790 700 1927 763 exitium
1952 706 2102 763 nostrum
2122 704 2231 763 verte·

225 814 289 879 hac
315 813 558 896 perturbatione
579 812 762 889 labescant,
791 833 829 877 ae
858 812 897 876 de
922 811 1026 895 gradu
1049 811 1202 876 deiician-
1255 832 1365 876 remus
1390 812 1476 894 quod
1509 812 1602 877 nobis
1625 814 1759 877 unicum
1791 810 1906 875 salutis
1933 809 2133 893 praesidium
2159 831 2232 874 esse

226 936 290 1001 tur,
313 925 417 990 sciant
440 923 552 988 eadem
576 932 727 1007 expertos
749 945 820 989 esse
842 945 900 989 suo
923 922 1051 987 saeculo
1074 932 1203 1005 aposto-
1255 923 1419 989 debuerat
1460 922 1528 988 Sed
1549 924 1591 988 ad
1613 931 1645 988 te
1666 934 1823 999 revertor,
1845 923 1965 986 oRex.
1999 921 2092 986 Nihil
2110 930 2143 984 te
2159 942 2232 986 mo·

226 1037 274 1102 los
296 1057 380 1118 quae
402 1058 489 1101 nunc
510 1057 572 1101 usu
594 1037 688 1100 nobis
709 1035 854 1113 veniunt.
898 1036 1007 1099 Erant
1026 1034 1149 1100 indocti
1170 1044 1204 1099 et
1254 1044 1355 1101 veant
1381 1057 1486 1100 vanae
1514 1035 1590 1100 illae
1616 1035 1810 1111 delationes,
1837 1034 1954 1115 quibus
1984 1041 2143 1098 terrorem
2170 1033 2231 1098 tibi

226 1147 409 1225 instabiles,
437 1148 492 1229 qui
506 1183 508 1187 Α
522 1147 563 1211 ad
585 1168 680 1211 suam
708 1146 853 1228 ipsorum
882 1147 1059 1228 perniciem
1086 1145 1203 1229 depra·
1254 1148 1389 1212 iniicere
1416 1148 1571 1212 nituntur
1604 1147 1708 1212 nostri
1736 1145 1929 1212 adversarii:
1959 1165 2024 1209 non
2051 1144 2141 1209 aliud
2168 1145 2232 1211 hoc

225 1266 344 1326 varent
364 1280 490 1341 quaec
517 1259 622 1324 Paulo
644 1257 803 1322 divinitus
825 1258 1075 1340 scripserant,
1099 1258 1204 1322 utait
1255 1280 1341 1323 novo
1378 1258 1549 1343 evangelio
1592 1260 1652 1339 (sic
1686 1260 1773 1323 enim
1807 1255 1988 1341 appellant)
2026 1258 2150 1340 captari
2194 1278 2233 1323 ac

224 1372 345 1438 Petrus
378 1369 413 1455 (⁶2
438 1372 527 1437 Petr.
554 1375 582 1449 3,
613 1369 674 1453 16).
724 1370 831 1433 Erant
857 1370 921 1434 Dei
953 1378 1202 1452 contemptores,
1255 1371 1383 1453 quaeri,
1407 1371 1470 1435 nisi
1498 1370 1695 1435 seditionum
1717 1368 1993 1452 opportunitatem
2015 1389 2053 1432 ac
2074 1368 2232 1432 uitiorum

226 1483 292 1567 qui,
313 1503 415 1565 quum
436 1479 612 1545 audiebant
633 1479 817 1545 abundasse
843 1489 1013 1563 peccatum
1035 1490 1072 1545 ut
1098 1483 1205 1565 gratia
1256 1483 1402 1546 omnium
1424 1484 1661 1566 impunitatem.
1705 1482 1820 1564 Neque
1842 1482 1930 1546 enim
1953 1481 2122 1547 divisionis
2139 1480 2233 1546 Deus

226 1594 416 1669 exundaret,
434 1594 546 1658 statim
564 1592 772 1675 ingerebant:
791 1593 996 1657 manebimus
1013 1594 1048 1656 in
1063 1602 1203 1675 peccato,
1256 1605 1368 1658 noster
1389 1606 1485 1658 autor
1506 1603 1571 1669 ost,
1601 1594 1658 1659 sed
1684 1595 1787 1676 pacis;
1816 1603 1849 1657 et
1874 1593 1961 1658 filius
1983 1594 2047 1658 Dei
2070 1615 2135 1657 non
2156 1613 2233 1675 peon

226 1715 265 1773 ut
296 1706 403 1791 gratia
433 1703 591 1781 ahundct3
634 1725 735 1787 quum
775 1702 951 1769 audiebant
994 1704 1106 1769 fideles
1138 1725 1204 1768 non
1256 1708 1321 1771 cati
1352 1707 1504 1771 minister
1533 1716 1597 1783 est,
1632 1706 1687 1788 qui
1715 1709 1806 1771 venit
1832 1705 1873 1769 ud
1900 1704 2108 1770 dissolvenda
2133 1725 2235 1787 opera

226 1840 298 1884 esse
320 1815 483 1900 sublege,
507 1816 656 1898 protinus
673 1815 875 1880 accinebant:
895 1816 1109 1898 peccabimus,
1128 1817 1206 1898 quia
1256 1818 1384 1882 diaboli.
1429 1818 1475 1882 Et
1496 1806 1555 1883 nos
1577 1817 1693 1883 tulimn
1715 1816 1930 1899 cupiditatum
1952 1817 2116 1880 immerito
2137 1837 2234 1881 accu-

231 1950 431 1995 nonsumus
454 1927 617 2010 sublege,
641 1924 1203 2012 sedsubgratia(Rom.6,l.15).
1257 1951 1384 2003 samur,
1418 1950 1556 2011 quarum
1583 1952 1624 1993 nc
1650 1929 1821 1993 minimam
1850 1928 1981 2011 quidem
2014 1928 2234 2010 suspicionem

230 2043 339 2107 Erant
357 2041 414 2123 qui
436 2039 530 2103 illum
550 2038 629 2102 mali
656 2059 823 2103 suasorem
846 2038 1036 2122 arguebant.
1082 2038 1205 2104 Subin·
1257 2063 1401 2124 unquam
1429 2040 1585 2106 dedimus.
1630 2038 1763 2106 Scilicet
1783 2061 1843 2104 nos
1870 2061 2048 2123 regnorum
2074 2040 2235 2105 inversio·

227 2152 362 2218 trabant
382 2151 478 2216 multi
500 2148 770 2232 pseudoapostoli,
794 2151 848 2232 qui
867 2150 1036 2215 diruerent
1053 2150 1205 2216 ecclosias
1257 2175 1333 2217 nem
1366 2152 1577 2231 meditamur,
1616 2173 1755 2234 quorum
1792 2152 1885 2216 nulla
1922 2174 2067 2234 unquam
2098 2152 2236 2217 factiosa

228 2286 309 2349 quas
335 2265 405 2346 ipse
435 2262 672 2327 aedificaverat.
723 2259 867 2342 Quidam
895 2283 954 2345 per
982 2262 1140 2327 invidiam
1172 2272 1206 2327 ct
1257 2286 1322 2329 vox
1352 2265 1464 2330 audita
1491 2272 1555 2342 est,
1586 2272 1620 2329 ct
1645 2264 1714 2328 vitea
1740 2286 1869 2346 sempor
1895 2265 2004 2346 quieta
2030 2262 2235 2345 simplexque

228 2376 483 2452 contentionem,
506 2395 567 2438 neo
588 2374 713 2438 sincere
735 2374 941 2458 evangelium
962 2373 1204 2457 praedicabant,
1257 2377 1388 2459 cognita
1415 2378 1490 2453 fuit,
1518 2398 1619 2458 quum
1646 2377 1706 2441 sub
1731 2384 1762 2439 to
1784 2377 1985 2454 viveremus;
2016 2376 2125 2457 etqui
2147 2397 2236 2441 nune

227 2488 388 2553 malitiose
415 2487 514 2551 etiam
542 2486 724 2569 cogitantes
755 2508 790 2551 se
828 2506 1016 2568 pressuram
1049 2487 1205 2551 suscitare
1257 2489 1366 2566 etiam,
1387 2488 1481 2553 domo
1500 2489 1640 2571 profugi,
1659 2488 1718 2551 tibi
1737 2498 1847 2551 tamen
1870 2508 2035 2570 regnoque
2053 2498 2109 2550 tuo
2127 2486 2236 2552 fausta

228 2600 369 2667 vinculis
391 2600 461 2663 eius
483 2597 584 2680 (Phil
607 2602 633 2674 l,
655 2597 718 2681 15).
747 2598 879 2663 Alioubi
901 2618 966 2662 non
989 2598 1114 2663 multus
1135 2606 1206 2662 erat
1257 2601 1367 2665 omnia
1388 2601 1514 2682 precari
1536 2620 1602 2664 non
1625 2598 1810 2664 desinimus.
1856 2596 1989 2664 Scilicet
2009 2620 2069 2662 nos
2091 2598 2235 2681 impuni-

228 2710 390 2796 evangelii
418 2710 589 2794 profectus.
636 2708 760 2774 Omnes
781 2731 863 2791 quae
890 2731 950 2774 sua
971 2720 1079 2787 erant,
1106 2730 1205 2792 quae-
1257 2722 1325 2777 tam
1354 2712 1510 2777 vitiorum
1543 2711 1759 2792 petulantiam
1787 2732 2003 2792 aucupamur,
2032 2731 2170 2791 quorum
2199 2711 2235 2773 in

228 2822 353 2899 rebant,
377 2843 441 2886 non
464 2840 547 2904 quae
569 2819 646 2884 Iesu
670 2818 802 2885 Christi.
848 2821 915 2885 Alii
937 2830 1120 2886 retrorsum
1137 2822 1205 2886 abi·
1257 2822 1401 2888 moribus
1423 2824 1483 2887 etsi
1504 2823 1609 2887 multa
1629 2821 1824 2904 reprehendi
1846 2833 1997 2904 possunt,
2020 2821 2103 2886 nihil
2124 2830 2235 2885 himen

227 2936 325 3013 bant,
359 2954 456 2999 canes
489 2930 531 2997 ad
560 2932 735 3011 vomitum,
763 2939 798 2996 et
823 2954 897 2997 sues
930 2932 970 2996 ad
997 2933 1205 2998 volutabrum
1257 2942 1350 3000 tanta
1371 2935 1582 3000 insultatione
1604 2933 1750 3017 dignum.
1778 2933 1847 2999 Nec
1866 2945 1935 2997 tam
1953 2933 2135 3010 infeliciter,
2158 2954 2235 3016 gra-

227 3047 298 3112 luti.
329 3045 481 3126 Plerique
499 3044 687 3108 libertatem
705 3044 838 3124 spiritus
856 3044 1026 3126 rapiebant
1043 3045 1085 3110 ad
1106 3045 1206 3110 lieen-
1258 3049 1305 3112 tia
1324 3048 1402 3123 Dei,
1429 3048 1464 3110 in
1485 3047 1656 3129 evangelio
1677 3046 1886 3128 profecimus,
1910 3046 1990 3127 quin
2013 3045 2085 3109 istis
2107 3044 2235 3109 obtrec-

229 3159 310 3223 tiam
331 3157 449 3223 carnis.
493 3155 711 3220 Insinuabant
730 3176 800 3221 sese
821 3156 918 3220 multi
937 3157 1070 3236 fratres,
1094 3179 1114 3249 a
1135 3157 1205 3238 qui·
1256 3159 1416 3224 tatoribus
1438 3159 1507 3224 vita
1529 3166 1649 3235 nostra,
1673 3159 1841 3233 eastitatis,
1864 3156 2084 3240 benignitatis,
2106 3156 2235 3221 miscri-

229 3269 291 3334 bus
313 3264 430 3334 deinde
456 3267 520 3350 piis
546 3267 763 3332 imminebant
794 3267 947 3349 pericula
998 3268 1092 3332 Inter
1117 3269 1206 3351 ipsos
1258 3271 1402 3345 cordiae,
1431 3270 1664 3347 continentiae,
1691 3270 1883 3352 patientiae,
1910 3266 2089 3332 modestiae
2111 3275 2145 3331 et
2166 3269 2235 3332 vir-

228 3382 347 3447 iratres
377 3381 487 3445 variae
527 3379 781 3444 concertationes
812 3379 1061 3445 suscitabantur.
1118 3378 1207 3460 Quid
1258 3383 1338 3447 tutis
1368 3383 1512 3448 cmusvis
1551 3382 1739 3466 exemplum
1777 3402 1848 3445 csse
1887 3379 1999 3462 possit.
2055 3379 2124 3444 Nos
2154 3400 2234 3444 sane

148 3564 152 3571 ,
229 3494 285 3559 hio
307 3492 461 3575 apostolis
482 3490 646 3574 agendum
669 3490 761 3555 erat?
785 3513 828 3555 an
849 3512 916 3556 non
938 3492 990 3556 vol
1014 3490 1056 3556 ad
1077 3499 1207 3575 tempus
1258 3493 1369 3559 Deum
1396 3494 1520 3559 sineere
1548 3496 1665 3558 timere
1692 3500 1725 3558 et
1752 3493 1857 3559 colere
1886 3513 1921 3556 re
1949 3493 2021 3574 ipsa
2042 3491 2151 3575 palam
2173 3498 2232 3567 est

151 3632 158 3646 ·
230 3603 516 3680 dissimulandum,
546 3602 598 3667 vel
626 3602 734 3685 potius
756 3603 974 3667 omittendum
1002 3603 1084 3668 illud
1106 3626 1207 3669 evan-
1259 3605 1390 3688 quando
1422 3615 1495 3669 tum
1528 3606 1596 3671 vita
1627 3616 1698 3669 tum
1731 3616 1835 3668 morte
1867 3612 1982 3667 nostra
2014 3623 2134 3666 nomen
2163 3602 2235 3666 eius

230 3716 352 3802 gelium
381 3736 418 3780 ae
447 3713 664 3778 deserendum
692 3728 776 3793 erat,
803 3714 888 3796 quod
910 3722 959 3781 tot
986 3716 1095 3780 litium
1116 3716 1206 3780 vide-
1259 3717 1453 3783 sanctificari
1475 3718 1631 3799 petimus,
1660 3725 1694 3779 et
1714 3718 1785 3798 ipsa
1812 3715 1938 3781 invidia
1958 3724 2069 3780 coacta
2090 3721 2140 3778 est
2161 3714 2234 3795 qui·

229 3830 310 3894 bant
342 3847 412 3892 esse
439 3826 667 3904 seminarium,
695 3833 746 3889 tot
771 3826 991 3909 periculorum
1024 3829 1204 3907 materiam,
1257 3828 1396 3894 busdam
1423 3836 1572 3893 nostrum
1605 3828 1812 3892 innocentiae
1840 3836 1874 3893 et
1901 3827 2007 3892 civilis
2035 3826 2235 3909 integritatis

229 3949 279 4005 tot
300 3937 527 4005 scandalorum
549 3936 771 4003 occasionem?
815 3938 863 4002 At
884 3940 918 4002 in
939 3938 1124 4004 huiusmodi
1148 3961 1206 4004 an·
1258 3941 1483 4005 testimonium
1505 3939 1592 4015 dare,
1615 3940 1650 4003 in
1671 3937 1788 4021 quibus
1809 3938 1843 4004 id
1863 3961 1967 4004 unum
1988 3946 2093 4002 morte
2114 3938 2235 4020 plecte-

228 4051 345 4137 gustiis
366 4048 583 4126 succurrebat,
607 4047 778 4113 Christum
799 4070 870 4115 esse
891 4049 1031 4132 lapidem
1054 4051 1206 4116 offensio-
1258 4053 1356 4119 batur
1373 4051 1460 4136 quod
1479 4051 1638 4134 singulari
1659 4051 1695 4114 in
1710 4051 1807 4116 laude
1824 4050 2012 4133 ponendmn
2029 4058 2108 4113 erat.
2137 4048 2236 4129 Quod

228 4163 297 4241 nis,
325 4170 359 4226 et
380 4171 506 4245 petram
529 4159 688 4239 scandali,
715 4161 857 4267 positum
885 4162 920 4225 in
948 4162 1077 4227 ruinam
1099 4172 1133 4226 et
1154 4184 1205 4227 re·
1259 4165 1366 4247 siqui
1389 4164 1449 4229 sub
1471 4171 1643 4246 praetextu
1661 4163 1823 4247 evangelii
1841 4162 2089 4227 tumultuantur
2106 4160 2235 4245 (quales

229 4275 465 4341 surrectionem
484 4271 675 4351 multorum,
706 4280 740 4337 et
760 4274 797 4337 in
818 4274 951 4357 signum
967 4275 1020 4340 cui
1042 4274 1206 4339 contradi·
1259 4277 1420 4342 hactenus
1447 4274 1570 4359 aliquos
1598 4276 1633 4338 in
1661 4295 1762 4358 regno
1787 4286 1845 4339 tuo
1872 4275 1972 4338 husee
1999 4294 2064 4337 non
2087 4293 2237 4356 comper-

187 4446 193 4459 .
229 4394 359 4454 ceretur
381 4386 477 4469 (Luc.
499 4387 528 4464 2,
548 4383 613 4468 34).
648 4381 724 4464 Qua
744 4384 864 4450 fiducia
882 4387 999 4449 armati
1019 4407 1079 4469 per
1097 4388 1207 4451 omnia
1259 4396 1330 4453 trun
1352 4388 1417 4471 est)
1446 4386 1555 4469 siqui
1583 4388 1737 4452 vitiorum
1766 4407 1899 4451 suorum
1925 4385 2076 4451 licentiae
2103 4383 2235 4449 liberta

232 4500 432 4564 tumultuum
453 4497 734 4578 offensionumque
755 4495 944 4562 discrimina
961 4496 1115 4564 audacter
1131 4520 1206 4582 pro-
1259 4510 1327 4565 tem
1348 4500 1473 4584 gratiae
1494 4499 1558 4564 Dei
1580 4507 1778 4582 praetexunt
1799 4497 1926 4582 (quales
1946 4497 2125 4581 permultos
2142 4496 2236 4581 novi)

232 4609 472 4694 gradiebantur.
516 4609 643 4675 Eadem
665 4616 699 4674 et
724 4630 785 4673 nos
813 4609 1009 4692 cogitatione
1030 4610 1208 4675 sustentari
1259 4621 1338 4677 sunt
1356 4612 1448 4695 leges
1469 4618 1503 4677 ct
1522 4612 1634 4696 legum
1650 4630 1784 4694 poenae,
1806 4609 1923 4691 quibus
1940 4630 1999 4691 pro
2017 4610 2142 4674 meritis
2158 4630 2236 4692 gra-

231 4720 338 4800 deoet,
371 4721 500 4806 quando
532 4722 622 4788 hunc
655 4727 848 4804 perpetuum
880 4722 1042 4807 evangelii
1074 4723 1208 4807 genium
1259 4724 1345 4789 viter
1365 4731 1591 4789 coerceantur:
1614 4722 1709 4787 modo
1731 4742 1774 4785 ne
1795 4721 1928 4785 interim
1944 4721 2153 4805 evangelium
2171 4721 2237 4786 Dei

231 4854 302 4898 esse
335 4839 475 4898 testatur
506 4832 632 4901 Paulus
664 4831 699 4916 (2
724 4830 798 4898 Oor.
825 4837 853 4911 2,
877 4834 945 4919 16),
979 4843 1019 4898 ut
1051 4835 1095 4900 sit
1127 4835 1208 4900 odor
1260 4836 1300 4902 ob
1333 4835 1544 4902 scelestorum
1576 4834 1747 4897 hominum
1783 4833 1964 4914 nequitiam
1992 4834 2079 4898 male
2111 4832 2236 4900 audiat.

230 4944 345 5009 mortis
367 4944 402 5008 in
423 4950 563 5007 mortem
584 4943 626 5007 iis
646 4944 704 5025 qui
728 4953 883 5027 pereunt;
911 4947 1042 5011 tametsi
1063 4946 1098 5010 in
1119 4946 1208 5011 hunc
1259 4946 1387 5026 Habes,
1410 4948 1500 5026 Rex,
1522 4946 1603 5011 satis
1624 4943 1736 5009 multis
1758 4945 1940 5027 expositam
1961 4945 2237 5010 calumniatorum

230 5056 340 5140 potius
370 5076 469 5121 usum
489 5053 583 5119 nobis
610 5052 810 5119 destinatum
831 5064 916 5136 errat,
949 5065 989 5122 ut
1013 5057 1095 5123 odor
1122 5066 1208 5125 esset
1259 5059 1459 5125 virulentam
1474 5056 1689 5138 iniquitatem,
1708 5078 1751 5121 nc
1767 5057 1803 5120 in
1819 5078 1931 5122 eorum
1951 5057 2130 5122 delationes
2146 5055 2238 5122 ultra

230 5168 319 5235 vitae
339 5169 375 5233 in
396 5167 514 5246 vitam,
536 5186 574 5231 ae
595 5165 742 5249 potentia
759 5166 824 5231 Dei
844 5168 879 5233 in
896 5168 1036 5236 salutem
1053 5170 1207 5238 fidelium.
1259 5169 1393 5236 modum
1431 5166 1564 5235 credula
1601 5188 1679 5233 aure
1711 5169 1921 5254 propendens.
1970 5156 2097 5233 Ve'reor
2133 5166 2238 5232 etiam
