4672 5842
128 321 169 381 19
777 308 1044 376 INSTITUTIO
1063 308 1168 371 REL.
1191 304 1371 371 cflals'r.
1396 310 1486 370 locs.
1614 378 1621 387 ¹
2093 303 2137 365 20

127 504 256 569 studiis.
305 503 353 566 Et
383 502 474 565 huno
499 500 637 565 limitem
667 500 865 584 transgressi
887 506 978 573 sunt,
1004 517 1107 579 quum
1159 516 1219 578 pro
1245 494 1339 559 euius
1373 495 1574 559 confessione
1607 495 1800 577 sanguinem
1834 514 1934 557 suum
1966 489 2138 557 effimdere

128 617 250 680 otiosos
277 634 315 678 ae
342 611 481 676 doliaros
508 612 745 676 monachorum
772 616 906 675 ventres
930 610 966 673 in
994 608 1108 671 lustris
1160 608 1300 671 iubetur.
1345 606 1418 671 Hos
1439 626 1567 688 quoque
1591 582 1751 670 terminos
1779 604 2002 681 sustulerunt,
2031 621 2137 685 quum

130 747 169 793 ae
192 722 369 790 fornicibus
392 722 608 796 collocarunt,
637 723 694 804 qui
717 723 825 787 aliena
849 721 1034 787 substantia
1056 740 1108 784 sa·
1160 716 1341 783 inviolabili
1368 716 1440 800 lege
1468 717 1501 780 id
1528 716 1638 799 ipsum
1666 718 1833 783 iusserunt
1868 715 1956 798 quod
1990 714 2044 778 ille
2077 734 2136 777 ex-

129 839 330 922 ginarontur.
377 836 477 899 Pater
497 841 568 897 erat
589 835 644 915 qui
667 833 752 897 dixit
765 833 788 917 ¹)
818 832 1017 897 horrendam
1037 852 1108 895 esse
1160 829 1455 896 communicatione
1476 830 1642 911 puniebat,
1666 829 1719 894 hic
1742 829 1851 895 valida
1867 828 1995 892 ratione
2012 827 2137 908 impro-

129 948 423 1021 abominationcm,
465 943 574 1008 videre
613 945 776 1027 depictam
810 945 862 1008 vel
896 943 1022 1008 Christi
1055 940 1108 1006 vel
1160 943 1266 1007 babat
1311 941 1413 1006 Pater
1435 950 1506 1004 erat
1519 945 1543 1024 ¹)
1572 941 1628 1023 qui
1650 941 1868 1005 temeritatem
1890 961 1961 1004 esse
1983 937 2136 1013 asseruit,

128 1060 234 1125 sancti
268 1057 367 1122 ullius
397 1055 575 1138 imaginem
608 1056 643 1120 in
671 1056 939 1121 Christianorum
967 1052 1105 1135 templis.
1160 1053 1201 1118 de
1223 1075 1258 1117 re
1275 1053 1412 1117 obscura
1436 1054 1470 1116 in
1489 1054 1650 1118 utramvis
1672 1062 1799 1136 partem
1822 1051 1958 1116 definire
1975 1050 2046 1115 sine
2068 1048 2137 1113 cla-

128 1172 246 1254 Neque
279 1168 313 1234 id
347 1168 490 1232 hominis
517 1168 616 1231 unius
649 1188 728 1233 voce
764 1167 1016 1250 pronuntiatum
1049 1174 1106 1241 est,
1160 1165 1207 1228 ris
1229 1174 1326 1247 etque
1348 1163 1554 1229 evidentibus
1585 1166 1766 1247 scripturae
1787 1163 1992 1229 testimoniis.
2035 1161 2138 1225 Hune

127 1281 186 1349 sed
215 1280 256 1345 ab
283 1280 502 1346 ecclesiastico
524 1279 624 1342 etiam
651 1279 825 1362 concili02)
855 1277 1037 1359 decretum,
1065 1298 1107 1340 ne
1160 1277 1339 1341 terminum
1369 1277 1460 1341 obliti
1487 1285 1565 1340 sunt
1590 1298 1692 1359 quarn
1720 1282 1769 1339 tet
1795 1275 2058 1345 constitutiones,
2085 1278 2138 1334 tot

2 1424 8 1439 ·
128 1392 216 1477 quod
245 1392 364 1457 colitur
396 1391 431 1453 in
458 1389 637 1472 parietibus
664 1389 870 1473 depingatur.
923 1389 1109 1454 Plurimum
1160 1408 1314 1459 canones,
1344 1395 1393 1450 tet
1420 1388 1626 1472 magistrales
1655 1387 1942 1453 determinationes
1970 1385 2041 1449 sine
2067 1382 2137 1446 ulle

128 1502 223 1569 abest
255 1504 334 1586 quin
366 1522 401 1565 se
428 1503 515 1565 intra
543 1501 603 1565 hos
630 1502 713 1565 fines
744 1502 949 1573 contineant,
978 1498 1109 1581 quande
1159 1500 1224 1564 Dei
1250 1499 1349 1563 verbe
1378 1508 1572 1564 statuerunt.
1624 1501 1725 1565 Pater
1751 1500 1858 1583 er21t2)
1888 1498 1945 1580 qui
1974 1497 2137 1560 Montano

119 1620 197 1679 'non
219 1615 410 1696 relinquunt
432 1612 591 1695 angulum
609 1611 808 1696 imaginibus
829 1633 979 1677 vacuum.
1013 1610 1109 1675 Alius
1159 1613 1248 1675 inter
1270 1610 1351 1674 alias
1379 1611 1530 1675 haereses
1552 1600 1763 1695 exprobravit
1790 1610 1877 1693 quod
1905 1609 2031 1692 primus
2054 1606 2137 1671 ieiu-

130 1725 264 1809 paterl)
292 1725 456 1789 consuluit
477 1732 517 1787 ut
543 1724 648 1788 officio
677 1724 894 1788 humanitatis
921 1744 1000 1806 erga
1021 1742 1109 1785 mor·
1160 1724 1292 1787 nicrum
1314 1722 1403 1805 leges
1425 1723 1640 1805 imposuisset.
1686 1723 1785 1789 Hunc
1805 1742 1934 1804 quoque
1956 1722 2137 1785 terminum

132 1844 210 1902 tuos
230 1837 266 1901 in
289 1836 459 1919 sepultura
480 1834 625 1900 defuncti
654 1836 836 1900 sineremus
858 1856 912 1899 eos
933 1835 1106 1916 quiescere.
1159 1834 1257 1917 longe
1285 1854 1451 1898 excessere
1480 1855 1583 1917 quum
1610 1835 1735 1899 ieiunia
1761 1833 1976 1899 strictissimis
2008 1832 2137 1917 legibus

129 1948 202 2013 Hos
226 1947 346 2013 limites
368 1954 589 2029 perrumpunt
615 1967 718 2029 quum
745 1958 939 2029 perpetuom
961 1958 1108 2008 mortuo-
1160 1953 1351 2011 sanxerunt.
1396 1946 1497 2011 Pater
1519 1945 1628 2029 erat⁸)
1655 1948 1712 2029 qui
1740 1947 1875 2031 negavit
1895 1945 2049 2011 ecelesias
2071 1945 2137 2007 mi-

130 2082 206 2125 rum
228 2058 481 2124 sollicitudinem
502 2057 675 2122 incutiunt.
719 2058 774 2122 Ex
796 2056 944 2139 patribus
965 2064 1036 2120 eret
1052 2055 1109 2138 qui
1160 2058 1273 2121 nist-ris
1306 2055 1567 2121 interdicendum
1601 2060 1804 2141 coniugium3
1842 2058 2026 2122 castitatem
2058 2077 2137 2138 pre-

131 2170 351 2237 snbstantiam
372 2171 466 2252 panis
488 2177 521 2233 et
548 2169 618 2232 vini
646 2178 786 2234 testatur
794 2169 823 2253 ⁴)
853 2169 888 2232 in
910 2168 1109 2233 eucharistia
1160 2168 1342 2243 nuntiavit,
1372 2190 1445 2233 cum
1470 2171 1602 2254 propria
1623 2192 1726 2235 uxore
1749 2167 1965 2233 concubitum.
2010 2168 2056 2232 Et
2076 2187 2137 2249 pa-

130 2284 179 2347 ita
208 2300 402 2365 permanere
435 2290 469 2344 et
509 2302 574 2344 non
607 2279 769 2358 desinere,
811 2281 897 2344 sicut
929 2287 1042 2343 manet
1072 2280 1107 2343 in
1160 2288 1227 2345 tres
1249 2288 1344 2345 erant
1365 2282 1421 2365 qui
1443 2283 1514 2346 eius
1536 2282 1707 2347 autoritati
1729 2288 1948 2347 assenserunt.
1977 2278 2043 2344 His
2059 2278 2137 2343 fini·

132 2393 268 2458 Christo
306 2394 449 2457 Domino
495 2391 678 2457 substantia
717 2402 752 2455 et
791 2401 911 2455 natura
955 2391 1106 2467 bominis,
1159 2394 1222 2459 bns
1254 2393 1377 2477 egressi
1410 2400 1487 2457 sunt
1519 2415 1619 2476 quum
1651 2394 1719 2459 suis
1751 2394 1906 2459 sacrificis
1935 2391 2137 2472 ¹caelibatum

130 2506 243 2569 iuncta
265 2503 404 2597 divinae.
449 2504 558 2587 Igitur
578 2502 714 2567 modum
734 2510 946 2585 praetereunt
966 2503 1023 2584 qui
1044 2504 1107 2566 fin·
1160 2524 1272 2569 severe
1295 2504 1495 2569 indixerunt.
1549 2506 1651 2570 Pater
1672 2505 1779 2589 erat⁴)
1802 2505 1860 2587 qui
1881 2505 2010 2569 censuit
2029 2523 2138 2567 unum

126 2623 214 2699 gunt
236 2614 385 2680 desinere
406 2613 624 2680 substantiam
645 2615 741 2697 panis
763 2622 796 2678 ct
816 2615 886 2679 vini
907 2612 1015 2681 verbis
1036 2613 1106 2678 Do·
1158 2615 1329 2681 Christum
1350 2616 1549 2681 audiendum
1568 2639 1648 2695 esse,
1671 2616 1711 2681 de
1729 2638 1794 2701 quo
1813 2616 1938 2682 dictum
1956 2616 2007 2694 sit,
2025 2616 2136 2697 ipsum

124 2727 206 2791 mini
230 2726 384 2803 recitatis,
408 2727 503 2790 utin
523 2747 643 2809 eorpus
667 2747 704 2791 ae
723 2727 918 2809 sanguinem
936 2725 1105 2790 transsub-
1158 2727 1285 2806 audite,
1319 2750 1380 2794 nec
1413 2730 1653 2812 respiciendum
1686 2728 1765 2812 quid
1798 2729 1855 2793 alii
1883 2735 1960 2792 ante
1988 2747 2049 2791 nos
2076 2733 2137 2790 aut

125 2838 312 2903 stantietur.
357 2839 475 2904 Patres
497 2839 631 2923 cnuti)
658 2839 714 2920 qui
735 2838 787 2902 uti
809 2838 983 2902 universae
1003 2837 1105 2903 ceole·
1158 2837 1302 2904 dixerint
1323 2848 1381 2905 aut
1403 2842 1547 2919 fecerint,
1571 2842 1629 2907 sed
1650 2841 1743 2925 quid,
1767 2842 1823 2925 qui
1840 2841 1968 2924 primus
1985 2839 2136 2903 omnium

125 2951 192 3016 siae
215 2970 318 3014 unam
341 2948 505 3014 duntaxat
522 2949 756 3015 eucharistiam
775 2947 983 3027 exhibebant,
1007 2955 1105 3031 atque
1157 2959 1222 3027 est,
1246 2949 1399 3017 Christis
1425 2955 1635 3036 praeceperit
1684 2954 1785 3019 Hunc
1812 2954 1912 3018 finem
1939 2972 2045 3034 neque
2072 2951 2136 3033 ipsi

125 3067 164 3125 nt
192 3060 269 3126 inde
297 3061 454 3127 arcebant
482 3061 660 3144 flagitiosos
682 3071 716 3125 et
743 3061 932 3138 sceleratos,
960 3062 1008 3125 ita
1029 3082 1104 3144 gra-
1157 3062 1221 3127 sibi
1247 3065 1485 3147 praestituunt,
1517 3087 1624 3149 neque
1651 3066 1725 3131 aliis
1753 3064 1985 3149 praestitutum
2013 3064 2136 3128 habere

123 3174 258 3241 nenne
287 3172 490 3239 damnabant
526 3192 640 3237 omnes
672 3193 728 3237 ecs
763 3172 821 3254 qui
853 3180 1041 3254 praesentes
1073 3170 1105 3236 ei
1156 3176 1363 3258 permittunt,
1386 3174 1466 3239 dum
1489 3178 1622 3259 quosvis
1643 3179 1753 3261 potius
1775 3185 1809 3241 ct
1829 3175 1891 3240 sibi
1914 3184 1948 3240 et
1969 3175 2042 3241 aliis
2063 3195 2136 3239 ma·
2218 3256 2222 3267 ι

122 3306 191 3353 non
219 3284 510 3350 communicarent
560 3283 631 3349 Hos
657 3283 740 3349 fines
762 3302 862 3366 quam
889 3284 1005 3366 procul
1026 3282 1104 3349 sub-
1156 3287 1276 3371 gistros
1305 3308 1405 3371 quam
1432 3287 1606 3354 Christum
1638 3292 1842 3373 praeficiunt
1892 3289 1993 3352 Pater
2023 3286 2135 3372 erat³)

122 3405 315 3476 moverunt,
350 3417 453 3481 quum
487 3416 555 3460 non
589 3395 714 3479 templa
741 3404 885 3474 tantum,
920 3395 977 3460 sed
1004 3396 1104 3461 ctiam
1156 3399 1213 3481 qui
1234 3400 1402 3465 contendit
1423 3402 1592 3467 ecclesiam
1610 3424 1676 3468 non
1694 3400 1812 3467 debere
1833 3423 1868 3465 sc
1886 3400 2022 3467 Christo
2037 3418 2135 3483 prae·
2217 3438 2221 3445 -

122 3511 271 3592 privatas
294 3508 408 3572 demes
429 3507 539 3572 missis
561 3508 629 3572 suis
650 3507 788 3591 replent,
811 3506 853 3572 ad
875 3528 930 3571 eas
952 3506 1104 3590 spectan—
1155 3532 1293 3593 ponere,
1326 3511 1404 3594 quie
1435 3512 1491 3578 ille
1519 3534 1647 3596 semper
1674 3514 1836 3579 veraciter
1861 3512 1997 3590 iudicet,
2031 3511 2135 3579 eccle-

123 3619 183 3685 das
216 3620 349 3703 quosvis
378 3618 573 3695 admittunt,
607 3627 642 3683 et
675 3639 713 3683 ee
741 3639 903 3703 quemque
936 3618 1102 3699 libentius,
1155 3622 1278 3687 siastioi
1317 3632 1427 3688 autem
1468 3624 1594 3691 indices
1626 3625 1711 3689 sient
1752 3624 1903 3689 hemines
1941 3624 2134 3707 plemmque

123 3752 189 3815 quo
215 3731 342 3814 largius
370 3732 507 3815 quisque
536 3738 703 3809 numerat,
738 3731 953 3813 quantumvis
979 3730 1103 3813 impuri
1155 3734 1321 3800 fallantur.
1373 3736 1448 3801 Hoc
1476 3738 1576 3801 etiam
1603 3738 1669 3801 fine
1697 3746 1867 3820 perrupto,
1897 3755 2043 3801 asserere
2064 3755 2133 3800 non

123 3843 191 3909 sint
211 3850 246 3907 ct
268 3843 413 3922 scelesti;
441 3841 483 3906 ad
511 3842 610 3907 fidem
639 3844 674 3906 in
701 3840 884 3921 Christum,
911 3851 945 3906 ct
972 3841 1102 3907 fidelem
1156 3845 1308 3911 dubitant
1335 3855 1440 3912 totam
1468 3849 1649 3931 scripturae
1674 3850 1886 3914 autoritatem
1913 3847 1954 3912 ab
1976 3847 2133 3913 eeclesiae

123 3958 405 4020 sacramentorum
440 3954 704 4019 communionem
741 3954 887 4018 invitant
921 3954 1101 4019 neminem:
1156 3958 1292 4022 arbitrio
1319 3959 1469 4042 pendere.
1515 3961 1633 4025 Patres
1655 3981 1768 4027 omnes
1791 3980 1858 4024 uno
1885 3968 2016 4042 pectore
2037 3980 2132 4024 exso-

123 4066 203 4149 qnin
223 4066 333 4148 potius
355 4087 453 4130 suum
474 4087 557 4150 opus
577 4086 638 4149 pro
660 4065 767 4149 gratia
788 4073 822 4129 et
838 4066 957 4130 merite
976 4065 1104 4131 Christi
1155 4070 1239 4136 erati
1266 4078 1344 4135 sunt
1371 4078 1405 4135 et
1434 4092 1498 4137 uno
1525 4093 1581 4138 ore
1610 4073 1778 4151 detestati,
1801 4079 1951 4137 sanetum
1970 4072 2035 4136 Dei
2057 4090 2133 4137 ver*

124 4177 307 4244 venditant
362 4178 480 4243 Patres
513 4177 646 4262 crant⁶l
681 4197 822 4259 quorum
849 4198 935 4241 unus
967 4176 1008 4242 cb
1041 4199 1103 4242 usu
1157 4183 1235 4248 bum
1264 4183 1489 4266 sophistarum
1516 4184 1671 4268 argutiis.
1683 4184 1900 4252 contaminari
1927 4192 1961 4248 ct
1987 4182 2134 4249 dialecti-

125 4308 239 4357 saorae
259 4288 387 4355 Christi
407 4309 527 4355 coenae
547 4290 584 4353 in
604 4295 711 4353 totum
730 4288 973 4355 submovendos
994 4288 1106 4354 deere-
1158 4314 1272 4359 corum
1295 4295 1377 4358 rixis
1399 4296 1568 4378 implicari.
1603 4300 1659 4362 An
1681 4297 1737 4361 isti
1757 4296 1799 4361 iis
1822 4294 1981 4360 limitibus
2003 4315 2038 4360 sc
2056 4314 2135 4358 eon-

125 4400 191 4481 vit,
224 4402 280 4484 qui
302 4401 440 4466 alterius
470 4400 587 4484 speciei
608 4401 858 4484 participatione
888 4401 1032 4466 contenti
1065 4400 1106 4465 ab
1162 4407 1286 4485 tinent,
1322 4406 1401 4472 dum
1434 4409 1518 4473 nihil
1552 4408 1642 4474 aliud
1675 4409 1710 4471 in
1743 4415 1812 4473 tota
1844 4408 1914 4474 vita
1943 4405 2136 4481 moliuntur,

126 4512 231 4578 altera
252 4511 478 4591 abstinebant;
501 4512 585 4578 alter
605 4512 736 4577 fortiter
757 4520 894 4596 pugnat,
917 4531 986 4575 uon
1008 4512 1107 4577 dene-
1161 4538 1261 4599 quam
1283 4522 1421 4589 infinitis
1439 4520 1703 4587 contentionibus
1721 4529 1756 4583 ct
1774 4519 1965 4603 plusquam
1983 4516 2140 4600 sophisti-

127 4624 275 4709 ΨΜ
301 4625 423 4709 P⁰P¹¹l⁰
450 4623 630 4690 ⁰hfl⁸fi²¹¹⁰
657 4623 797 4688 D⁰mlnl
825 4624 875 4688 sui
903 4624 1107 4706 Sanguinem,
1161 4634 1208 4698 cis
1230 4634 1346 4719 iurgiis
1369 4637 1550 4718 scripturae
1568 4631 1812 4714 simplicitatem
1834 4631 2002 4696 involvere
2024 4637 2058 4693 et
2078 4629 2141 4692 im-

196 4874 225 4943 l)
248 4874 394 4945 Epiphanii
414 4874 494 4942 epist.
514 4873 550 4925 ab
573 4872 686 4925 Hieron.
705 4888 793 4925 versa
851 4870 882 4939 2)
899 4871 1003 4926 Coneil
1022 4873 1110 4927 illibe-

125 4962 170 5016 rit
189 4978 211 5016 e.
228 4960 271 5015 86.
324 4958 354 5027 3)
371 4959 501 5013 Ambrae.
519 4958 581 5011 libr.
598 4958 633 5011 de
651 4957 754 5011 Abrah.
775 4958 799 5010 1.
818 4975 840 5011 c.
858 4956 883 5011 9.
935 4957 967 5025 4)
984 4959 1108 5014 Celusius
1233 4955 1262 5025 l)
1280 4956 1426 5026 Angustia
1446 4953 1507 5006 libr.
1526 4950 1598 5006 ade
1614 4958 1717 5020 peceat.
1728 4951 1911 5004 meritcnlt
1973 4947 2143 5017 2)Apollon

125 5064 198 5119 pepe
219 5048 249 5103 in
266 5046 361 5101 concil.
379 5062 482 5098 roman
607 5041 639 5111 5)
661 5043 801 5114 Chrysam
821 5045 850 5098 in
868 5043 891 5098 1.
910 5061 932 5099 e.
950 5045 1020 5115 llph
1056 5044 1107 5099 Ca-
1165 5044 1200 5097 de
1218 5060 1272 5112 quo
1291 5042 1384 5095 eccles.
1405 5040 1501 5093 histor.
1521 5038 1582 5090 libr.
1601 5034 1625 5090 b.
1644 5050 1667 5090 c.
1686 5035 1727 5090 18.
1830 5035 1861 5105 3)
1883 5035 2018 5106 Paphnnt
2036 5036 2146 5104 tripert.

125 5132 211 5189 lixtis
227 5150 307 5204 papa,
326 5131 361 5184 de
379 5134 527 5184 consecrat
545 5128 608 5182 dist.
626 5129 653 5182 2.
730 5128 763 5197 6)
780 5129 904 5184 Gelasins
921 5147 1015 5185 canon
1034 5148 1105 5185 cem·
1164 5130 1261 5183 histor.
1281 5128 1344 5182 libr.
1359 5124 1384 5178 2.
1405 5140 1428 5178 e
1448 5121 1489 5176 14.
1584 5122 1615 5192 4)
1634 5123 1761 5194 Cyprias.
1780 5124 1859 5193 epist.
1877 5120 1902 5175 2.
1922 5123 1982 5175 libr.
2000 5119 2025 5175 2.
2117 5118 2149 5189 5)

123 5236 182 5290 per.
200 5218 236 5274 de
253 5224 401 5273 consecrat.
420 5216 482 5269 dist
495 5213 520 5268 2.
561 5213 689 5285 Cyprian.
708 5214 824 5286 epistt
842 5216 904 5270 hbr.
918 5214 941 5269 1.
959 5216 994 5269 de
1012 5217 1103 5288 lapsis.
1166 5216 1311 5286 Angustia
1330 5213 1392 5266 libr.
1413 5208 1438 5263 2.
1461 5216 1547 5264 contr.
1567 5209 1741 5265 Cresconinm
1758 5218 1900 5281 grenrm
1918 5225 1940 5263 o.
1959 5207 2001 5262 21.
