4672 5842
96 343 159 404 683
334 340 424 405 LIB.
446 339 511 405 111.
556 341 619 405 DE
639 337 776 406 MODO
798 339 1148 407 PEROIPIENDAE
1170 338 1361 406 OHRIS'FI
1383 340 1601 410 GRA'HAE.
1647 339 1746 405 OAP.
1769 339 1867 405 XXI.
2044 345 2105 405 686

96 528 261 611 onopnifice
273 528 496 610 praedicatur:
517 530 633 610 repulit
649 531 764 593 tribum
781 528 902 611 Ioseph,
920 535 947 594 et
964 529 1079 593 tribum
1128 529 1296 609 reliquias,
1311 548 1370 592 non
1387 529 1511 609 sundra
1529 527 1683 607 obserat,-
1704 528 1780 608 arria
1797 530 1990 608 cooperientia
2012 535 2108 594 osten

99 614 259 694 iphrairn
287 634 348 678 noa
376 616 481 696 clepit,
508 616 562 680 sed
589 616 678 697 elepit
706 615 820 678 triburn
848 614 941 678 luda.
989 615 1078 695 Quod
1129 616 1174 679 dit
1193 635 1231 678 ea
1246 634 1362 696 rnaprra
1379 614 1576 677 multitudine
1586 613 1751 694 plerosque
1766 613 1868 679 ddabi
1880 619 1909 677 et
1924 634 2107 695 3333333333,

98 700 264 780 aliquoties
289 719 382 764 saera
411 700 545 765 historia
572 702 696 782 repetit,
731 721 790 782 333
818 702 930 766 metius
955 702 991 764 iu
1015 703 1078 764 ista
1129 706 1165 765 ut
1185 701 1313 781 saepius
1332 705 1457 765 maneat
1476 701 1590 781 caipha
1611 703 1733 763 tanturn
1749 701 1861 781 portio.
1897 699 1984 780 Quod
2006 708 2108 765 333333

96 787 265 850 mutatione
281 786 469 851 admirabile
477 789 601 870 petiae
612 785 676 850 Dei
687 806 838 850 arcanum
850 793 966 869 pateat.
996 786 1079 851 Vitio
1127 787 1284 869 peneralis
1309 787 1410 850 electio
1430 786 1545 866 parali
1565 806 1627 848 nou
1653 806 1772 866 seraper
1791 785 1888 865 firma
1909 792 1938 853 et
1964 792 2036 851 rata
2057 789 2107 867 sit,

98 877 203 936 suaet
224 872 329 952 33133,
357 874 471 952 fabor,
499 873 678 937 3331333333
706 872 745 937 ab
766 874 928 953 adustione
950 873 1077 951 1333331,
1130 874 1166 936 in
1182 877 1332 953 prornptn
1353 893 1386 936 se
1405 873 1490 952 atteri
1507 873 1603 935 ratio.-
1624 873 1700 952 quia
1717 892 1788 936 eum
1804 873 1918 953 quibas
1932 874 2109 953 3331331133

99 958 201 1035 Esau,
224 963 253 1020 et
273 959 410 1036 similes,·
430 960 507 1038 quia
528 959 673 1040 apposita
689 965 758 1023 3333
779 960 926 1037 conditio,
949 959 1080 1039 attide
1103 1006 1105 1011 .
1131 957 1220 1022 Deris
1246 978 1308 1022 non
1332 960 1481 1038 protirrm
1509 978 1559 1021 eos
1585 958 1677 1020 donat
1709 958 1826 1039 spiritu
1858 961 2107 1041 repararetionis,

101 1045 172 1108 liter
192 1044 322 1107 coierent
344 1044 408 1109 Dei
428 1045 537 1126 sudus
558 1045 639 1124 qnod
654 1044 775 1125 perfide
795 1045 960 1135 oiolnrunt.
1002 1044 1081 1107 Fuit
1131 1046 1222 1108 euius
1247 1045 1359 1107 chtute
1386 1065 1482 1124 respice
1511 1045 1547 1106 in
1572 1044 1665 1123 hiran
1693 1045 1728 1106 in
1753 1044 1873 1123 foedm
1895 1044 2121 1126 perseveretis

100 1129 1080 1212 13333313333133313331133133331131333,333333333113313
1131 1131 1185 1195 sed
1212 1135 1338 1194 3313333
1364 1132 1494 1193 mutatio
1520 1129 1633 1209 absarro
1654 1131 1796 1193 interiori
1816 1131 1938 1212 pratiae
1959 1131 2107 1211 33133313,

97 1215 239 1298 pertibus
262 1217 424 1296 praetorne
448 1216 596 1298 dipuctns
619 1217 733 1297 fuera.
785 1215 872 1280 Sicut
902 1217 1019 1281 dicitur
1044 1217 1080 1279 in
1131 1236 1212 1296 quae
1233 1215 1275 1278 cd
1296 1236 1346 1279 eos
1367 1216 1541 1280 retinendos
1562 1216 1671 1279 cabula
1693 1221 1776 1292 esset,
1799 1218 1937 1282 medium
1958 1217 2109 1296 quiddam

103 1301 232 1365 Psalmo
254 1301 343 1384 (147,
364 1302 435 1384 20):
463 1322 524 1365 nou
544 1303 591 1365 ita
610 1304 682 1383 tecit
704 1304 781 1366 aliis
808 1303 1000 1381 natiunbus,
1027 1321 1080 1365 333
1131 1309 1176 1368 est
1197 1303 1278 1366 iuter
1299 1302 1495 1366 3313313333
1515 1302 1648 1364 lturnani
1667 1303 1798 1383 pencris,
1822 1306 1849 1366 et
1869 1302 2040 1367 electionem
2058 1323 2109 1367 ea·

99 1388 222 1452 ircdieia
243 1388 541 1470 sna‘rnanit'estavit
562 1389 615 1453 eis.
658 1388 819 1452 Caeterum
839 1388 889 1453 hie
910 1389 989 1452 duos
1007 1408 1081 1469 pra
1131 1389 1200 1470 ipui
1215 1389 1345 1467 piorum
1365 1387 1495 1451 reunnri.
1516 1386 1720 1451 .Haereditcs
1736 1386 1801 1451 Dei
1822 1393 1946 1452 3333133
1966 1394 2010 1452 est
2028 1393 2109 1455 totus

100 1473 161 1536 dus
181 1474 333 1539 notandos
354 1494 419 1538 esse
435 1495 497 1537 333
519 1479 627 1537 1333333
637 1474 733 1553 31331,Ι
753 1477 831 1555 quia
851 1475 917 1538 3333
934 1475 969 1536 in
987 1475 1081 1538 totius
1126 1474 1266 1556 populus
1288 1474 1399 1550 133331,
1423 1494 1460 1536 ea
1481 1494 1542 1553 quo
1563 1479 1664 1536 133333
1690 1473 1782 1536 inulti
1802 1474 1931 1554 frnrnrtt
1952 1476 2092 1538 33333331
2098 1498 2108 1553 ,·

98 1561 199 1642 pontis
221 1559 362 1623 electione
383 1560 514 1624 ostendit
526 1560 624 1638 11333,
646 1580 679 1624 se
700 1561 735 1623 in
756 1581 842 1624 onera
864 1581 924 1623 sua
946 1558 1081 1624 liberali
1132 1559 1186 1623 sed
1213 1561 1289 1639 quia
1317 1580 1377 1622 non
1405 1561 1443 1624 de
1469 1558 1566 1622 niltilo
1585 1560 1746 1640 pepiperat
1766 1556 1864 1638 Deus,
1886 1579 1919 1623 33
1935 1565 2109 1639 patremet

101 1650 161 1710 tate
186 1646 285 1710 nullis
311 1647 427 1728 leprbus
454 1648 617 1709 astrictam
639 1646 693 1711 sed
721 1647 851 1710 iibertrrn
873 1665 945 1723 esse,
968 1651 1003 1708 at
1022 1646 1082 1708 rni-
1131 1646 1350 1726 redemptorem
1374 1645 1462 1708 iltius
1483 1645 1563 1725 lore,
1587 1647 1760 1727 3331313333
1782 1665 1874 1709 surim
1896 1645 2036 1726 thoorern
2051 1666 2109 1725 po

100 1733 183 1794 nune
201 1731 240 1794 ab
258 1751 291 1794 ec
312 1732 464 1813 culpanda
480 1733 523 1794 sit
541 1733 683 1812 aeqrmlis
697 1734 820 1813 proiice
830 1733 972 1812 partitio,
991 1732 1081 1795 cuius
1131 1733 1195 1794 tius
1216 1732 1344 1812 respicit
1360 1751 1456 1811 quarn
1469 1732 1625 1811 pertidum
1641 1731 1808 1794 3331133333
1828 1731 2031 1813 delationem,
2048 1751 2109 1810 per

109 1818 499 1865 ···„
783 1820 788 1829 .
1260 1819 1276 1865 .·
1520 1817 1845 1864 Ἰν...
2005 1817 2109 1830 ..

100 1818 453 1983 conticuit,
476 1818 1081 1986 intercontinuante
1132 1816 1902 1984 afa
1921 1816 2110 1984 33333

100 1987 186 2067 beat,
215 1990 297 2068 quod
323 2009 382 2052 333
405 1994 525 2053 tantona
547 2011 586 2053 ea
614 1995 673 2053 toto
691 2010 801 2070 ponere
828 1990 963 2053 lcumena
988 1989 1079 2065 docti,
1131 1990 1199 2052 ruit
1219 2008 1284 2052 asse
1299 1989 1414 2069 absque
1431 1989 1599 2070 poenitent
1622 2039 1628 2052 .
1664 1988 1750 2052 Nam
1771 1990 1851 2069 quod
1869 1989 1930 2053 sibi
1951 1989 2109 2054 ecclesiam

101 2075 157 2138 sed
177 2076 271 2139 33333
292 2096 331 2139 33
357 2095 450 2141 sacra
472 2075 560 2139 domo
581 2077 616 2139 in
638 2076 800 2155 peculium
826 2075 991 2158 scprepati,
1009 2095 1081 2156 per-
1132 2076 1262 2140 subinde
1290 2095 1328 2138 ea
1357 2074 1437 2154 tiliis
1463 2074 1614 2138 Abrahae
1640 2075 1747 2155 petitu
1775 2095 1870 2155 quam
1897 2095 1935 2138 ea
1962 2075 2109 2156 potonis

99 2160 163 2240 fide
188 2166 217 2224 et
243 2161 339 2240 impie
366 2160 472 2224 Deurn
499 2167 564 2224 tam
589 2162 754 2242 1333313333
774 2167 901 2243 patrem
924 2165 1080 2240 33333333.
1130 2161 1272 2243 pudibus
1293 2160 1417 2243 eollepit,
1439 2161 1589 2224 33113333
1610 2160 1719 2224 habuit
1738 2161 1873 2241 toahms
1894 2160 1954 2239 snei,
1976 2162 2057 2241 quod
2070 2159 2109 2224 ab

104 2246 216 2310 Nonne
240 2248 340 2328 t‘rater
367 2252 434 2311 erat
461 2246 554 2311 Esau
585 2247 701 2312 Iacob?
730 2248 846 2327 iniqui&
875 2248 965 2326 atqui
988 2246 1081 2312 Iacob
1132 2249 1205 2329 ipsa
1222 2246 1579 2311 manumissionum
1590 2248 1632 2310 ad
1643 2267 1764 2327 paucos
1779 2247 1951 2323 restrinait,
1968 2266 2007 2309 ne
2018 2266 2110 2326 pror·

101 2331 215 2410 dileat,
247 2332 339 2396 Ε333
367 2339 469 2397 aubin
496 2334 566 2397 odio
596 2332 700 2399 habui.
752 2334 856 2396 tinuit
882 2334 965 2396 enirn
991 2332 1081 2397 Dens
1132 2354 1188 2398 sus
1216 2333 1416 2397 1333313333.
1466 2333 1609 2412 Denique
1637 2334 1808 2397 cormunis
1834 2333 1894 2397 illa
1919 2333 2043 2413 adoptio
2063 2351 2109 2396 33

96 2437 158 2497 pro
180 2419 330 2499 confesso,
353 2439 449 2499 quum
470 2424 596 2498 3333333
617 2424 694 2484 esset
708 2420 892 2501 proamitae
914 2439 952 2481 ea
976 2423 1081 2483 saneto
1131 2419 1231 2483 minis
1251 2418 1401 2482 Abrahae
1421 2418 1558 2482 rrisibilis
1584 2419 1738 2498 33333133
1764 2420 1868 2502 imapo
1893 2419 1958 2499 tuit
1977 2417 2109 2483 mdious

95 2507 204 2583 patre,
232 2510 259 2567 et
283 2505 418 2584 tacete
442 2525 612 2583 comessor,
640 2507 772 2586 dmiquc
790 2524 901 2569 ramus
927 2525 966 2568 ea
987 2525 1080 2570 sacra
1132 2505 1283 2585 11333133ιῖ,
1318 2524 1379 2585 quo
1400 2503 1490 2569 Dens
1511 2505 1636 2585 aliquos
1666 2524 1704 2568 ea
1735 2506 1843 2570 uubis
1875 2506 2024 2587 dipuctris
2055 2508 2108 2567 est

100 2590 214 2661 radice,
236 2590 402 2672 iaurfilios
420 2590 511 2655 lacob
529 2591 706 2672 censuisse
725 2591 896 2673 culpariter
916 2590 1080 2668 obstrictos,
1134 2590 1221 2655 Hace
1241 2591 1322 2654 ratio
1343 2595 1388 2654 est
1407 2610 1464 2654 cur
1484 2594 1549 2654 tam
1569 2590 1676 2656 scdulo
1700 2591 1857 2656 discernat
1880 2589 2007 2655 Paulus
2025 2590 2110 2671 tilios

101 2676 157 2755 qui
179 2676 211 2739 in
233 2676 324 2741 illam
350 2678 533 2764 dipuitatem
554 2678 646 2741 esebi
672 2677 814 2755 3333333,Ι
842 2677 896 2741 sed
916 2695 1014 2756 quarn
1034 2697 1081 2740 re
1132 2676 1283 2741 Abrabae
1312 2677 1481 2740 3333331333
1508 2696 1633 2741 carnem
1660 2697 1681 2740 a
1707 2676 1943 2759 spiritualibus,
1976 2676 2031 2756 qui
2058 2696 2109 2739 ea-

100 2763 173 2825 ieato
194 2761 288 2827 Esau
303 2765 526 2846 prirnopcn'ito,
544 2768 637 2845 pater
655 2783 774 2841 333333,
802 2763 857 2844 aui
877 2767 994 2826 uotiua
1015 2767 1082 2826 erat
1131 2763 1230 2843 euplo
1257 2761 1354 2826 Isaac
1383 2763 1481 2826 amati
1512 2768 1601 2842 sunt;
1632 2783 1694 2826 non
1725 2763 1806 2844 quod
1836 2762 2018 2841 simpliciter
2044 2781 2110 2826 esse

101 2848 246 2928 intueor,
275 2848 384 2913 haeres
403 2851 509 2928 tactus
529 2855 619 2927 esset,
641 2849 690 2912 bis
711 2850 854 2930 inpietas
874 2848 1022 2930 coarpuit,
1044 2868 1081 2913 ac
1131 2848 1282 2913 Abrabae
1301 2847 1405 2928 filinm
1425 2867 1477 2912 ras
1494 2849 1592 2929 fuerit
1610 2850 1719 2913 inanis
1740 2853 1769 2913 et
1795 2847 1991 2930 infuiduosa
2011 2846 2109 2929 (arud

100 2935 296 3015 3333333133
318 2935 437 3016 duplici
459 2935 513 2999 dle
534 2935 656 2999 3133313
676 2955 738 2999 333
756 2934 858 3014 fuisse
877 2938 1014 2999 33133333.
1131 2955 1191 2999 uon
1219 2935 1287 3000 sine
1311 2934 1447 3014 foederis
1472 2936 1654 3000 3333333113
1679 2931 1846 3017 3113333333)
1874 2934 1929 2999 sod
1952 2934 2030 3014 quia
2050 2934 2108 2997 nn-

187 3026 214 3083 7.
264 3021 451 3101 Quanqmm
467 3023 550 3085 satis
565 3023 632 3085 iam
652 3021 747 3102 liquet
762 3019 868 3085 Deum
885 3020 997 3085 3333133
1013 3039 1080 3084 con·
1130 3020 1278 3084 niumbilc
1299 3020 1362 3086 Dei
1388 3021 1568 3098 3333111333,
1595 3041 1654 3101 quo
1680 3021 1742 3085 sibi
1757 3018 2004 3103 praedestinant
2031 3039 2109 3099 quas

99 3105 172 3171 silio
204 3106 298 3170 libere
325 3126 401 3187 quos
427 3108 493 3172 cult
520 3108 644 3190 elipere,
677 3105 755 3170 aliis
780 3107 914 3185 reiectis,
942 3106 1080 3170 nondum
1130 3107 1234 3184 uelud,
1256 3105 1368 3188 dican
1389 3107 1513 3172 domurn
1528 3128 1589 3188 per
1609 3127 1642 3172 se
1662 3106 1713 3172 his
1733 3106 1810 3171 solis
1825 3105 2053 3186 posterioribus
2073 3105 2108 3168 in

100 3195 201 3255 tarnen
223 3194 288 3256 uisi
310 3193 447 3257 dimidia
465 3213 505 3256 ea
520 3198 614 3274 parte
634 3192 774 3274 exposita
791 3197 835 3256 est
853 3193 994 3275 preludo
1010 3194 1080 3257 eius
1130 3193 1261 3257 33133333
1281 3193 1352 3273 fuit.
1395 3193 1500 3258 Donec
1527 3197 1630 3257 aubin
1650 3194 1814 3273 pecuare
1840 3191 2014 3273 scripturae
2035 3190 2110 3255 13313

100 3277 211 3354 electio,
234 3278 327 3343 darec
349 3279 391 3342 ad
412 3279 555 3360 stapulas
570 3299 726 3360 personas
742 3284 864 3343 3333333
883 3278 989 3359 fauit,
1012 3278 1080 3360 qui·
1130 3279 1207 3360 quid
1234 3279 1427 3344 sentiendum
1453 3280 1496 3343 sit
1520 3278 1649 3360 1133333,
1683 3299 1721 3343 ne
1745 3280 1781 3343 ia
1806 3278 1962 3343 33333313
1983 3281 2108 3358 partem

100 3361 159 3425 bus
180 3361 271 3426 Deus
296 3384 356 3428 non
382 3364 470 3428 modo
498 3365 630 3429 salntuu
656 3365 758 3445 offert,
786 3364 841 3429 sed
861 3365 907 3428 ita
928 3366 1079 3448 33313331,
1130 3365 1193 3429 sibi
1225 3365 1462 3445 praeiudicium
1501 3366 1634 3446 afferant
1670 3367 1794 3430 13333333
1830 3383 1943 3428 333333.
2008 3362 2107 3443 Quod

99 3451 135 3510 ut
161 3467 313 3529 33333333
340 3450 386 3514 cel
414 3450 510 3514 dubia
535 3470 597 3515 333
617 3451 660 3514 sit
686 3451 808 3531 3113333
832 3450 987 3515 certitudo.
1031 3449 1079 3522 Hi
1129 3471 1207 3533 crgo
1241 3451 1403 3534 scriptura
1429 3452 1517 3517 clare
1550 3450 1693 3517 ostendit
1724 3449 1876 3529 dicimus,
1910 3456 2043 3515 aeterno
2072 3457 2107 3513 ct

99 3535 270 3598 13333133
291 3535 346 3599 illo
374 3536 464 3599 arrico
491 3541 649 3601 33333333
674 3537 766 3601 unius
790 3538 931 3600 33331311
955 3536 1079 3602 Ρ33133
1129 3537 1327 3603 immutabili
1359 3537 1494 3603 consilio
1519 3538 1629 3602 Dumr
1656 3536 1758 3603 semel
1780 3536 1995 3615 constituisse,
2025 3555 2105 3618 quos

100 3619 210 3703 (Rom.
231 3623 260 3695 9,
280 3624 315 3698 8;
338 3620 412 3685 Gal.
433 3626 462 3698 3,
484 3626 531 3686 16.
555 3626 601 3684 19.
621 3621 686 3706 20).
722 3622 808 3686 Nam
825 3624 881 3687 etsi
902 3623 1026 3702 adoptio
1042 3624 1079 3687 in
1129 3623 1208 3686 olim
1225 3624 1327 3687 semel
1349 3644 1516 3688 assumere
1533 3624 1633 3690 vellet
1649 3625 1685 3688 in
1707 3623 1856 3702 salutem,
1875 3643 1956 3705 quos
1972 3643 2106 3687 rursum

98 3727 196 3770 33333
224 3705 374 3770 Abrabae
400 3706 464 3787 fuit
495 3708 649 3788 deposita,
682 3710 758 3789 quia
786 3713 890 3772 tannen
920 3709 1012 3772 nunt
1039 3730 1078 3774 ea
1130 3709 1232 3773 exitio
1261 3710 1428 3774 devovere.
1481 3708 1590 3794 Ι)1133
1613 3709 1786 3777 consilium
1807 3708 1913 3791 quoad
1935 3709 2053 3773 clectos
2071 3708 2107 3769 in

93 3793 231 3872 posteris
252 3793 345 3873 quasi
360 3793 494 3873 pritrida
520 3794 658 3858 membra
679 3795 785 3859 resecti
806 3799 888 3872 suut,
910 3799 945 3857 ut
966 3795 1078 3876 athena
1129 3797 1274 3878 33333133
1294 3797 1364 3860 3133
1386 3797 1608 3861 misericordie
1628 3796 1801 3860 fundatum
1824 3814 1894 3858 csse
1921 3792 2106 3870 asserimus,

99 3883 125 3941 et
151 3898 220 3942 cere
252 3878 376 3943 33331113
402 3880 445 3942 sit
476 3880 591 3957 3133113,
625 3899 743 3945 maesse
770 3886 814 3944 est
845 3880 1007 3945 3333331333
1035 3880 1078 3944 ad
1128 3881 1220 3945 nulle
1242 3881 1406 3947 humanae
1424 3882 1596 3966 dignitatis
1621 3889 1784 3963 respectu,
1813 3900 1894 3961 ques
1916 3900 1993 3942 vcro
2015 3878 2107 3942 dam·

98 3970 191 4044 caput
212 3966 246 4029 iu
268 3984 329 4046 quo
349 3965 456 4029 eleetos
476 3984 550 4029 suos
570 3967 705 4031 boebede
720 3971 814 4047 pater
837 3968 919 4043 iuter
939 3986 972 4030 33
995 3967 1078 4033 cotti
1128 3968 1253 4032 nationi
1275 3968 1406 4046 addicit,
1430 3968 1482 4031 his
1503 3968 1589 4033 iusto
1611 3967 1793 4050 quidemst
1815 3965 2105 4046 irreprehensibili,

96 4053 195 4132 paud,
225 4057 253 4114 et
279 4049 341 4114 sibi
365 4050 527 4115 insolubili
555 4071 635 4115 neau
657 4053 803 4116 (13333313.
849 4051 903 4116 lta
923 4053 960 4116 in
982 4055 1077 4134 adop-
1128 4054 1185 4119 sed
1214 4054 1537 4137 incomprehensibili
1570 4054 1672 4135 ipsius
1700 4050 1833 4128 iudicio,
1866 4051 1954 4116 vitae
1981 4051 2107 4116 aditum

98 4137 177 4200 tione
208 4137 330 4220 patuis
363 4136 514 4201 Abrabae
545 4137 656 4200 3311313
687 4138 811 4219 quidem
843 4138 982 4203 liberalis
1012 4139 1077 4205 Dei
1100 4152 1103 4181 ¹
1127 4139 1303 4223 praecludi.
1334 4139 1407 4204 Iam
1425 4160 1503 4203 vero
1518 4140 1555 4202 iu
1573 4139 1685 4203 electis
1702 4137 1908 4202 vomtionem
1921 4139 2106 4214 statuimus,

96 4221 195 4302 tacu,
217 4243 308 4305 quun
329 4223 406 4287 aliis
427 4223 559 4304 rtepaoit.
603 4222 646 4286 In
670 4221 787 4288 Christi
807 4230 911 4289 133333
931 4226 1077 4290 menbris
1128 4225 1294 4290 electionis
1316 4226 1547 4289 testimonium.
1583 4224 1852 4289 luctificationem
1875 4222 2002 4300 deinde,
2026 4224 2105 4287 altc-

98 4307 183 4390 loupe
206 4311 419 4389 praedaretur
441 4310 553 4373 uuiaet
573 4310 622 4372 cis
641 4310 778 4392 proiice,
805 4312 882 4391 quia
902 4314 998 4393 capiti
1019 4331 1076 4376 suo
1128 4312 1285 4378 remeius
1302 4311 1561 4376 manifestandae
1578 4310 1771 4396 symbolum,
1796 4310 1898 4374 donec
1915 4308 1957 4374 ad
1970 4310 2105 4392 gloriam

97 4395 188 4457 irniti
209 4415 371 4476 nunquam
389 4417 410 4458 a
427 4396 529 4459 salute
545 4395 697 4459 ueniunt.
733 4393 814 4460 Scite
830 4398 935 4476 itaque
953 4397 1077 4463 Paulus
1127 4397 1164 4461 in
1181 4418 1246 4478 qua
1256 4398 1327 4462 eius
1344 4397 1617 4480 complementum
1636 4402 1744 4461 exstat
1754 4397 1952 4478 pervenitur.
1982 4393 2106 4475 Quem·

100 4499 138 4543 ea
149 4478 328 4545 Malachiae
345 4482 416 4554 loco,
440 4481 760 4561 3333333333311331,
783 4483 998 4561 ratiocinatur,
1019 4484 1075 4548 ubi
1128 4481 1304 4548 admodum
1316 4492 1425 4548 autem
1433 4485 1603 4550 vocadone
1613 4490 1646 4548 et
1654 4483 1887 4548 iustificatione
1898 4481 2018 4546 electos
2030 4500 2106 4545 suos

98 4565 196 4643 Deus,
218 4569 397 4650 interposito
419 4569 500 4631 31133
521 4571 662 4632 adeum
679 4571 778 4647 pacto,
794 4571 952 4647 populum
974 4590 1077 4649 33333-
1126 4568 1292 4634 Dominus
1303 4571 1420 4654 signat,
1439 4571 1486 4634 ita
1499 4570 1654 4655 reprobos
1667 4571 1720 4635 vel
1733 4570 1880 4634 anotitia
1896 4568 1945 4632 sui
1964 4566 2106 4631 nominis

93 4652 186 4732 31333
214 4653 256 4716 ad
284 4674 316 4717 se
348 4654 475 4732 incitat,
509 4653 673 4736 specialem
705 4653 860 4716 electionis
889 4655 1015 4718 33331333
1041 4656 1077 4720 in
1127 4654 1182 4722 vel
1203 4675 1223 4719 3
1243 4656 1378 4739 spiritus
1400 4657 1451 4720 sui
1481 4657 1736 4722 sanctificatione
1764 4652 1980 4731 excludendo,
2009 4651 2107 4735 quale

91 4743 185 4816 parte
206 4739 341 4818 subesse,
369 4745 405 4804 ut
425 4760 487 4803 non
514 4760 616 4804 unms
640 4739 820 4819 3333313333
844 4741 950 4820 pratia
975 4741 1077 4822 effica-
1126 4750 1260 4807 mancat
1281 4763 1336 4806 eos
1357 4742 1515 4806 iudicium
1532 4745 1606 4807 istis
1624 4742 1726 4809 veluti
1743 4741 1828 4806 notis
1846 4739 1959 4822 aperit
1995 4738 2107 4804 Multa

97 4823 295 4907 3333311331.
342 4827 430 4908 Quod
456 4827 588 4905 dicitur,
617 4824 710 4889 Iacob
736 4824 850 4902 dileai,
873 4827 1007 4905 pertinet
1034 4828 1077 4892 ad
1127 4828 1182 4892 hic
1208 4829 1392 4910 praeteribo
1413 4831 1584 4911 figmenta,
1608 4848 1692 4909 quae
1714 4827 1754 4891 ad
1777 4824 1989 4893 evocandam
2010 4845 2105 4909 prae·

97 4911 192 4972 131333
209 4911 337 4975 sobolem
353 4913 565 4993 patriarchae,
587 4931 683 4993 quarn
698 4910 851 4992 propheta
868 4911 935 4974 illie
952 4915 1077 4994 opponit
1128 4912 1380 4979 destinationem
1406 4915 1580 4980 commenti
1608 4920 1687 4978 sunt
1708 4913 1799 4976 stilti
1827 4913 1985 4976 homines.
2030 4911 2106 4976 Nou

92 4998 229 5075 posteris
256 4997 355 5062 Esau.
405 4998 473 5063 Hoc
501 5004 603 5063 tamen
633 5019 694 5063 non
721 4996 819 5062 obstat
849 4998 1015 5078 quorninus
1041 5000 1077 5064 in
1127 5000 1216 5063 enim
1238 5000 1435 5064 rcfiitatione
1456 4999 1614 5083 indigent,
1638 5019 1720 5080 quae
1742 4998 1878 5064 simidac
1895 4999 2107 5082 proferuntur

91 5101 229 5162 persona
248 5085 346 5148 unius
366 5083 502 5163 hornipis
528 5085 680 5167 33333333
707 5083 859 5148 electionis
879 5086 1076 5165 propositum
2021 5128 2024 5130 v

96 5168 183 5232 rubis
202 5169 310 5252 fuerit,
332 5190 413 5250 arcae
439 5170 562 5253 etlinun
587 5191 650 5238 non
670 5171 873 5252 3313313313
895 5170 938 5235 ad
963 5176 1076 5237 metam
1330 5177 1333 5179 ’

96 5273 190 5321 marn
210 5256 382 5338 33333131.
432 5254 502 5321 Hcs
531 5256 792 5343 Ρ33133(Β313.
822 5256 938 5341 11,5)
970 5259 1075 5323 333331
1196 5273 1225 5340 1)
1245 5272 1392 5342 &qemun
1408 5288 1465 5327 ram
1479 5274 1623 5342 paruum
1639 5279 1753 5328 mauu.
