4672 5842
116 332 181 396 285
465 328 556 394 LIB.
579 328 625 394 H.
669 328 733 393 DE
756 323 1046 394 OOGNITIONE
1071 323 1152 392 DEI
1174 326 1521 408 REDEMPTORE.
1566 330 1666 397 OAP.
1690 332 1788 399 vm.
1907 413 1909 417 .
2076 341 2139 405 286

206 523 258 585 26.
290 519 365 584 Hac
386 518 600 584 iurisiurandi
620 515 844 581 moderatione
861 513 1099 596 Anabaptistae
1157 517 1212 580 abi
1233 518 1280 582 aei
1300 519 1443 583 mortalis
1459 520 1630 601 quispiam,
1652 522 1701 586 oei
1721 528 1870 602 1111111111,
1893 524 1940 588 asi
1957 527 2086 609 asparis
2105 529 2140 594 ia

119 628 188 673 non
215 606 375 682 contenti,
410 606 521 669 omnia
553 605 624 667 sine
652 601 845 684 exceptione
876 605 1100 677 exsecranhrr,
1156 603 1256 666 loram
1277 602 1342 668 Dei
1373 604 1588 686 arbritrium
1619 608 1713 671 smmi
1742 611 1830 690 apra
1850 611 2010 692 mosanas
2034 619 2139 696 pentes

120 694 276 776 quoniam
297 691 423 758 Christi
468 690 598 755 enerale
619 689 662 754 sit
682 686 893 752 interdictum
915 685 1050 768 (Matth.
1072 689 1101 764 5,
1156 689 1339 772 excapitavit
1359 691 1499 755 admetto
1516 693 1663 772 putidam
1685 693 1776 759 illam
1795 697 1940 777 sormam
1957 718 2019 777 ρον
2041 701 2138 765 eitam

120 781 192 862 34):
225 799 287 862 ego
309 777 381 844 dico
403 712 512 855 vobis,
534 797 577 841 ne
598 776 714 839 iuratis
736 774 883 862 omninoj
918 772 962 836 sit
989 780 1100 834 autem
1157 780 1214 839 out
1239 776 1366 858 persiam
1391 778 1490 860 repis,¹
1519 779 1597 858 quia
1623 784 1696 843 tanc
1722 780 1809 861 salsa
1836 782 2009 862 apotheosis
2040 787 2139 851 acius

121 886 229 932 sermo
256 871 381 930 vester:
411 870 462 928 est
489 870 554 940 est,
585 882 652 926 non
672 881 753 938 n0n;
775 857 864 942 quod
885 857 974 921 ultra
995 863 1105 935 est,a
1158 860 1223 931 Ilei
1253 861 1388 944 pluriam
1418 863 1560 928 obscurat
1592 871 1619 927 ct
1650 866 1773 930 miserit.
1826 867 1940 932 Veram
1970 869 2025 934 abi
2056 871 2138 937 nita
2267 910 2270 917 ·

121 951 210 1016 malo
231 958 289 1016 est
324 948 393 1015 Sed
415 949 477 1014 hoc
498 947 593 1012 modo
616 943 855 1012 inconsiderate
875 944 911 1006 in
933 941 1105 1007 Christum
1159 946 1250 1010 aliud
1276 951 1321 1010 est
1335 950 1532 1029 propositam
1561 969 1656 1030 qaam
1682 971 1721 1014 ea
1747 973 1837 1017 sacro
1859 953 1923 1018 Dei
1944 958 2066 1021 maim
2080 978 2137 1038 ρο

122 1038 201 1120 imp'
297 1049 320 1116 t,
343 1036 422 1100 dum
443 1035 538 1099 illum
559 1034 684 1099 faciunt
704 1033 793 1115 patri
804 1029 1045 1108 adversarium,
1072 1036 1106 1092 et
1159 1037 1220 1097 tere
1241 1033 1393 1096 umorum
1414 1033 1688 1114 contractationem,
1711 1040 1857 1118 quamvis
1878 1041 1914 1104 id
1935 1041 2136 1124 obliquabat,

121 1124 177 1208 qui
205 1144 224 1188 a
275 1121 406 1188 decreta
437 1123 507 1185 eius
535 1118 722 1202 abroganda
751 1119 786 1180 in
815 1123 939 1179 terram
971 1114 1105 1178 descen·
1158 1120 1194 1181 ia
1214 1118 1341 1199 frivolis
1360 1120 1502 1184 morsibus
1522 1122 1709 1187 iaramsatis
1736 1123 1871 1189 laedam
1891 1127 1961 1191 sias
1979 1130 2135 1194 araiestas.

123 1210 217 1275 derit.
265 1206 437 1291 Siquidem
465 1208 557 1272 Deus
586 1214 738 1270 aeternus
766 1204 803 1266 in
823 1202 904 1297 lege·
922 1221 989 1263 non
1009 1198 1106 1264 modo
1159 1203 1333 1268 Iioertiam
1360 1204 1440 1271 baro
1468 1227 1546 1269 *aaao
1562 1213 1730 1288 prostrata
1750 1211 1865 1291 spoliat
1889 1210 2046 1292 0111111111,
2075 1235 2137 1280 1111-

120 1297 363 1372 iuramentum,
392 1284 1106 1375 oeuremdegitimam,perm1ttit(Exod.
1157 1291 1231 1353 oiim
1253 1291 1361 1354 iurare
1376 1290 1555 1370 prohibens.
1599 1293 1718 1359 Eodem
1740 1301 1768 1359 ct
1789 1295 1921 1361 Iacobus
1942 1301 2049 1379 1111111,
2079 1301 2136 1366 illa

120 1386 177 1461 22,
199 1380 264 1466 ll),
287 1379 375 1463 quod
396 1381 504 1462 ipsum
531 1376 660 1443 abunde
687 1377 786 1453 foret,
821 1370 937 1448 sedin
967 1371 1108 1437 necessi·
1162 1375 2137 1467 0111311111111111111111111κεανραηεῷ,1211111311.

126 1477 196 1534 tate
216 1469 365 1550 imperat.
411 1465 564 1530 Christus
586 1471 697 1528 autem
714 1482 749 1527 se
772 1461 889 1525 asserit
910 1479 1014 1522 unum
1037 1478 1107 1522 esse
1154 1483 1214 1542 per
1234 1463 1267 1525 ir
1290 1464 1405 1527 1111111110
1423 1469 1571 1545 grassata
1593 1471 1637 1529 est
1656 1466 1714 1530 iila
1735 1462 1904 1546 temeritas,
1934 1491 2014 1551 qaae
2033 1477 2137 1538 tamen

124 1576 201 1622 eum
247 1552 358 1638 patre,
404 1574 439 1616 se
483 1572 548 1614 non
594 1548 684 1614 aliud
726 1548 844 1611 afferre
885 1564 983 1627 quam
1021 1541 1106 1626 quod
1154 1549 1338 1630 proferatis
1360 1554 1405 1612 est
1425 1552 1563 1615 mmiois
1584 1551 1655 1616 Dei.
1703 1553 1789 1616 Nam
1814 1555 1844 1616 a·
1866 1553 1909 1618 aa
1930 1556 2137 1623 substratiora

124 1647 219 1725 pater
263 1637 485 1716 mandaverit,
541 1636 724 1700 doctrinm
777 1626 873 1697 subm
924 1650 992 1693 non
1037 1650 1108 1694 esse
1158 1634 1278 1715 referas
1293 1635 1488 1714 particulam
1509 1638 1640 1715 martiro,
1663 1659 1700 1702 m
1720 1640 1751 1702 si
1770 1640 1861 1703 11111111
1882 1644 2053 1722 acceptione
2074 1644 2137 1709 illi-

123 1748 143 1791 a
175 1748 211 1792 se
243 1727 315 1808 ipso
337 1724 466 1808 (Ioann.
495 1726 549 1800 10,
577 1725 632 1799 30;
660 1720 737 1785 ibid.
760 1724 798 1782 18
821 1724 855 1782 et
878 1721 913 1794 7,
941 1715 1011 1798 16),
1046 1723 1105 1813 eta.
1158 1721 1254 1784 eitam
1280 1725 1357 1784 esset
1377 1722 1509 1801 quodvis
1533 1723 1771 1802 iasiarardam,
1797 1746 1946 1806 qrmrsam
1972 1730 2136 1808 explicabo

122 1812 213 1895 Quid
244 1809 346 1895 ergo?
390 1811 543 1875 Deumne
566 1807 628 1872 sibi
654 1805 857 1871 contrarium
887 1803 1020 1879 facient,
1049 1822 1105 1883 qm
1158 1826 1237 1886 qaae
1262 1824 1334 1870 moa
1360 1807 1503 1871 additur:
1532 1829 1628 1889 raeque
1644 1830 1706 1889 ρον
1727 1811 1856 1889 eoelum,
1884 1833 1980 1893 meque
1995 1836 2057 1895 per
2078 1821 2136 1880 ter.

121 1899 207 1982 quod
240 1896 341 1962 semel
384 1897 420 1959 in
458 1893 602 1959 moribus
640 1888 867 1974 praecipiendo
907 1887 1104 1984 approbarit,
1156 1912 1241 1970 ram,
1273 1897 1325 1955 etc.
1373 1892 1490 1973 Quibus
1516 1896 1596 1958 satis
1617 1901 1720 1975 patet,
1752 1897 1875 1962 molitis
1903 1902 2025 1965 omum
2054 1901 2137 1967 muse

121 1995 237 2069 postea
261 1983 434 2067 prohibeat
463 2002 500 2045 ac
528 1976 683 2043 damnet?
729 1975 796 2041 Sed
825 1976 902 2057 quia
931 1975 967 2037 in
995 1972 1105 2037 verbis
1157 1977 1258 2042 levari
1278 1997 1372 2042 suam
1393 1980 1506 2043 vitium
1528 1979 1644 2045 ludaei
1660 1983 1821 2063 potabant.

63 2098 87 2113 ··
124 2070 252 2136 Christi
273 2067 425 2132 nonnihil
443 2074 493 2131 est
510 2063 720 2140 difficultatis,
744 2083 783 2126 ea
799 2060 965 2143 paulisper
982 2079 1105 2140 expen·
1244 2067 1294 2127 27.
1338 2063 1450 2146 ltaque
1478 2067 1566 2130 sanis
1592 2067 1720 2134 iudiciis
1746 2068 1936 2153 ambiguum
1965 2072 2031 2134 inm
2064 2093 2134 2138 esse

125 2156 251 2221 damus.
302 2154 368 2218 Hic
401 2160 511 2216 autem
541 2170 712 2233 nunquam
744 2168 862 2213 verum
894 2164 1106 2227 assequemur
1156 2150 1284 2231 nequit,
1313 2151 1495 2214 Dominum
1522 2151 1590 2217 illic
1616 2154 1801 2219 iuramenta
1818 2154 1924 2219 'mod‘o
1953 2177 1991 2220 ea
2012 2159 2134 2240 impro-

124 2244 189 2307 nisi
211 2241 323 2307 oculos
344 2237 557 2303 intendamus
578 2238 615 2300 in
637 2235 764 2301 Christi
785 2253 928 2314 scopum,
952 2241 986 2295 et
1007 2229 1049 2294 ad
1070 2228 1106 2293 id
1156 2236 1267 2313 basse,
1296 2257 1380 2318 quae
1401 2258 1460 2318 per
1481 2237 1588 2320 legem
1605 2241 1709 2305 vetita
1730 2250 1847 2305 essent.
1892 2242 1979 2306 Nam
2000 2246 2133 2325 etipse,

68 2392 73 2399 .
124 2327 213 2410 quod
239 2327 307 2392 illio
335 2326 404 2410 agit
432 2324 581 2388 animum
610 2321 828 2387 advertamus·
881 2317 936 2382 Illi
962 2322 1107 2381 nonest
1157 2321 1213 2403 qui
1230 2322 1446 2404 perfectionis,
1467 2344 1566 2405 quam
1584 2323 1726 2404 docebat,
1750 2328 1918 2410 exemplar
1936 2331 1971 2391 in
1990 2331 2060 2394 vita
2077 2351 2135 2394 ex·

125 2415 328 2489 institutum,
362 2411 470 2494 legem
493 2416 551 2474 aut
571 2408 700 2486 laxare,
727 2412 785 2470 aut
805 2404 1022 2486 restringere,
1048 2401 1106 2467 sed
1158 2407 1279 2484 hibuit,
1309 2430 1375 2472 non
1404 2408 1575 2473 abhorruit
1599 2432 1619 2474 a
1640 2412 1833 2478 iuramentis
1860 2415 1987 2497 quoties
2008 2437 2061 2480 res
2083 2437 2135 2480 ro-
2236 2454 2239 2459 ·

126 2499 168 2564 ad
202 2520 314 2564 verum
354 2519 392 2562 ae
425 2516 618 2580 germanam
656 2492 908 2574 intelligentiam
941 2488 1105 2568 reducere,
1158 2493 1320 2575 quirebat3
1342 2502 1375 2557 ot
1397 2494 1555 2578 discipuli,
1581 2517 1661 2578 quos
1683 2499 1841 2581 magistro
1863 2521 1922 2564 suo
1944 2503 2136 2584 peremnia

126 2606 210 2670 quae
236 2584 327 2649 falsis
353 2582 535 2648 scribarum
567 2589 601 2646 et
628 2579 886 2644 Pharisaeorum
913 2576 1106 2639 commentis
1156 2579 1304 2661 paruisse
1337 2601 1402 2643 non
1435 2580 1636 2660 dubitamus,
1671 2581 1758 2648 idem
1791 2586 1978 2668 exemplum
2006 2589 2135 2670 sequuti

125 2671 221 2737 valde
244 2669 424 2753 depravata
440 2670 556 2732 fuerat
602 2666 643 2730 Id
660 2667 687 2731 si
708 2672 867 2739 tenemus,
889 2682 956 2725 non
977 2658 1108 2743 putabi:
1157 2675 1243 2730 sunt.
1278 2663 1361 2745 Quis
1383 2667 1504 2731 audeat
1526 2668 1633 2733 dicere
1652 2671 1838 2735 iuraturum
1859 2672 1959 2737 fuisse
1980 2674 2134 2753 Paulum,

125 2779 199 2822 mus
222 2756 395 2821 Ohristum
422 2754 594 2819 damasso
622 2753 657 2816 in
686 2757 791 2815 totum
821 2748 1020 2846 iuramenta3
1048 2744 1106 2810 sed
1157 2752 1185 2815 si
1207 2751 1436 2816 iusiurandum
1461 2773 1595 2835 prorsus
1617 2755 1829 2821 interdictum
1851 2758 1987 2822 fuisset?
2032 2760 2136 2842 Atqui

125 2865 166 2909 ea
186 2851 316 2907 tantum
337 2861 421 2925 quae
442 2838 695 2924 legisuegulam
717 2832 1030 2929 transgrednntur..
1049 2831 1105 2895 Ex
1158 2838 1213 2903 ubi
1244 2858 1297 2901 res
1325 2838 1373 2901 ita
1395 2838 1486 2916 tulit,
1520 2840 1592 2905 sine
1619 2842 1687 2905 ullo
1716 2843 1870 2925 scrupulo
1897 2845 1999 2923 iurat,
2034 2846 2136 2911 etiam

125 2929 206 3011 ipsis
238 2936 377 3005 constat,
410 2926 569 3009 populum
596 2923 681 2989 nihil
713 2930 793 2986 tune
825 2940 941 2985 cavere
973 2918 1105 2982 sollium
1157 2922 1269 2988 addita
1290 2921 1457 2988 interdum
1479 2925 1712 3007 imprecatione
1734 2929 1845 3014 (Rom.
1869 2933 1895 3007 l,
1916 2934 1933 2992 9
1940 2953 1948 3008 ;
1972 2934 1990 2992 2
2010 2929 2083 2995 Cor.
2106 2935 2134 3012 1,

126 3022 257 3100 praeter
277 3013 439 3097 periuria,
470 3033 572 3095 quum
594 3010 722 3075 neniis
744 3007 836 3085 solis,
865 3006 923 3071 sed
950 3004 1106 3069 inanibus
1157 3008 1222 3094 23).
1267 3008 1424 3074 Nondum
1456 3017 1568 3075 tamen
1600 3014 1695 3077 finita
1729 3022 1780 3077 est
1810 3016 1971 3097 quaestio,
2005 3014 2135 3098 quando

124 3089 1104 3264 111111121111111111111111211
1155 3095 2136 3266 ἓξᾞᾞ1ῗ111111131111111ω1111111111ῗί1

989 3227 998 3255 2
1488 3233 1495 3246 ι
2120 3225 2135 3238 ι

124 3274 221 3338 modo
243 3207 496 3356 11111ηὲ’1111
518 3271 617 3334 etiam
637 3270 761 3347 iurare,
793 3264 918 3329 malum
946 3283 1016 3327 esse
1046 3260 1104 3327 ad·
1155 3276 1316 3351 genteque
1345 3269 1542 3350 magistratu
1573 3207 1794 3352 praestamud;
1827 3272 1937 3355 qualia
1969 3274 2068 3337 etiam
2100 3275 2136 3338 in

123 3366 242 3424 monet.
289 3356 459 3439 Quomodo
480 3354 611 3420 iurare?
635 3375 753 3437 nempe
774 3354 810 3416 in
831 3371 963 3416 vanum.
1009 3349 1103 3431 Quae
1154 3353 1340 3419 sanciendis
1361 3351 1546 3420 foederibus
1568 3378 1728 3439 usurpare
1750 3358 1914 3441 principes
1936 3359 2057 3437 solent,
2081 3359 2135 3424 vel

122 3453 236 3510 autem
267 3444 305 3506 in
336 3443 408 3527 lege
440 3440 711 3507 commendantur
740 3439 925 3504 iuramenta
953 3437 1045 3503 salva
1070 3442 1104 3500 et
1154 3440 1293 3523 populus
1325 3461 1427 3522 quum
1458 3441 1494 3505 in
1526 3462 1646 3507 nomen
1678 3445 1835 3527 principis
1855 3446 1959 3525 iurat,
1988 3446 2041 3510 vel
2074 3446 2136 3510 mi·

121 3530 229 3594 libera
260 3528 424 3610 relinquit
478 3526 645 3592 Videntur
680 3526 742 3591 sibi
774 3524 915 3590 validius
953 3543 1103 3608 pugnare
1154 3526 1202 3591 les
1224 3547 1328 3609 quum
1350 3535 1553 3592 sacramento
1574 3528 1712 3594 militiae
1731 3529 1883 3613 adigitur,
1907 3538 1940 3594 et
1957 3552 2041 3613 quac
2058 3538 2136 3596 sunt

122 3635 227 3698 quum
248 3613 413 3678 mordicus
435 3613 599 3694 arripiunt
618 3612 815 3696 particulam
837 3611 984 3675 omnino:
1019 3631 1103 3694 quae
1155 3611 1350 3676 huiusmodi.
1394 3612 1438 3677 In
1465 3613 1554 3679 huno
1582 3636 1709 3697 quoque
1733 3616 1881 3681 ordinem
1904 3616 1952 3702 (et
1971 3617 2060 3701 iure)
2082 3638 2135 3682 re·

124 3710 237 3766 tamen
259 3720 328 3764 non
350 3699 392 3763 ad
419 3698 548 3762 iurandi
576 3701 714 3780 verbum
745 3699 899 3778 refertur,
927 3695 995 3783 ¹sed
1026 3695 1103 3762 sub-
1153 3699 1279 3776 ferunt,
1309 3719 1391 3781 quae
1418 3706 1550 3763 exstant
1571 3701 1659 3782 apud
1680 3702 1836 3780 Paulum,
1861 3703 1903 3767 ad
1926 3702 2135 3768 asserendam

123 3788 224 3853 iactas
251 3793 531 3851 sacramentorum
557 3786 721 3851 formulae.
765 3786 853 3851 Nam
880 3791 914 3848 et
939 3783 1004 3847 ista
1031 3791 1103 3847 erat
1154 3785 1318 3869 evangelii
1341 3784 1551 3868 dignitatem:
1582 3788 1712 3869 quando
1741 3788 1878 3870 apostoli
1905 3791 1939 3852 in
1961 3789 2135 3854 11111111-

124 3873 243 3938 erroris
264 3873 385 3955 portio,
409 3869 505 3954 quod,
528 3869 608 3934 dum
629 3893 688 3954 per
708 3872 881 3938 eoelumet
901 3877 1025 3936 terram
1047 3868 1103 3934 de-
1154 3873 1242 3936 tione
1263 3871 1385 3953 privati
1406 3871 1557 3936 homines
1578 3895 1645 3938 non
1663 3881 1748 3952 sunt,
1772 3873 1829 3937 sed
1851 3873 1972 3955 publici
1989 3875 2054 3938 Dei
2073 3874 2136 3938 mi·

123 3960 286 4036 ierabant,
320 3959 384 4023 Dei
416 3977 538 4021 nomen
570 3977 605 4021 se
633 3978 700 4021 non
730 3957 891 4041 putabant
930 3957 1101 4039 attingere.
1154 3957 1260 4022 nistri.
1289 3957 1336 4021 Et
1356 3978 1435 4022 sane
1456 3979 1522 4021 non
1544 3960 1668 4024 infitior
1690 3960 1747 4024 illa
1765 3981 1835 4024 esse
1853 3961 2026 4040 tutissima,
2050 3960 2136 4043 quod

124 4045 213 4128 Ergo
234 4052 309 4128 post
326 4045 538 4128 praecipuum
555 4044 844 4124 praevaricationis
863 4053 969 4126 eaput,
992 4043 1104 4107 omnia
1156 4042 1364 4109 solidioribus
1386 4044 1568 4127 scripturae
1589 4046 1782 4111 testimoniis
1805 4045 2034 4114 defenduntur.
2078 4048 2136 4112 Iu·

126 4132 224 4195 otiam
257 4130 460 4215 subterfugia
492 4130 657 4192 Dominus
687 4129 753 4193 illis
784 4128 959 4213 praecidit,
992 4150 1036 4193 ne
1068 4148 1103 4192 se
1156 4129 1252 4195 betur
1278 4129 1492 4213 magistratus
1519 4131 1618 4195 inre
1651 4131 1750 4196 dubia
1779 4131 1911 4216 adigere
1944 4139 2062 4199 testem
2094 4131 2136 4199 ad

125 4218 300 4301 opinentur
321 4218 473 4295 evasisse,
493 4216 522 4279 si
544 4235 716 4297 suppresso
737 4217 803 4280 Dei
824 4216 956 4280 nomine
977 4214 1104 4280 coelum
1155 4217 1395 4295 iuramentum,
1435 4215 1490 4281 ill'e
1523 4218 1668 4282 vicissim
1703 4218 1887 4283 iuramento
1928 4220 2134 4302 respondere.

126 4312 160 4367 et·
176 4312 300 4368 terram
322 4303 527 4387 appellarint.
564 4301 652 4366 Nom
672 4300 722 4365 bie
743 4322 862 4383 qaoque
883 4302 977 4366 obita
997 4305 1104 4365 notaa—
1155 4303 1201 4366 Et
1222 4303 1387 4385 apostolus
1410 4302 1456 4367 ait
1477 4302 1593 4386 (Hebr.
1614 4307 1643 4382 b,
1666 4303 1730 4386 16),
1760 4304 1924 4370 humanas
1946 4315 2135 4370 controver-

125 4390 216 4469 dam,
242 4392 389 4472 quamvis
414 4410 477 4454 amr
505 4387 701 4469 reprimatur
727 4408 837 4452 comm
863 4387 941 4466 Dei,
967 4387 1104 4452 homiues
1156 4389 1220 4453 sias
1243 4388 1305 4452 hoc
1326 4387 1469 4453 remedio
1490 4389 1646 4473 expediri.
1691 4389 1734 4454 In
1755 4390 1818 4454 hoe
1839 4402 2012 4473 praecepto
2035 4390 2135 4454 habet

125 4476 573 4558 mmmobiiqaisformispar
589 4472 830 4556 speraturam,
848 4474 1104 4554 quemadmodem
1156 4483 1292 4558 uterque
1324 4473 1461 4539 solidam
1493 4476 1591 4539 officii
1623 4477 1672 4541 sui
1711 4477 1985 4559 approbationem.
2043 4474 2135 4556 Quin

125 4562 237 4644 siper
264 4564 369 4628 lamec
393 4562 500 4640 11111111,
529 4581 590 4642 ρον
612 4579 728 4641 parem
755 4578 814 4638 quo
841 4565 1019 4639 vescantur,
1041 4579 1103 4639 ρον
1155 4561 1265 4630 etiam
1285 4561 1374 4642 apud
1394 4568 1521 4627 veteres
1542 4562 1690 4628 ethnicos
1712 4562 1886 4627 observare
1908 4561 1998 4638 licet,
2026 4560 2134 4642 publi-

125 4647 313 4728 boptismam
331 4668 439 4726 11111111,
467 4653 525 4712 aut
545 4645 613 4712 alia
633 4646 761 4711 dicatae
788 4664 861 4727 erpa
882 4664 915 4709 se
936 4644 1105 4709 liberalita-
1155 4667 1231 4710 cum
1263 4653 1297 4711 et
1330 4646 1464 4712 solenne
1493 4647 1725 4713 iusiurandum
1756 4647 1791 4710 in
1824 4667 1945 4730 magna
1975 4646 2134 4730 religione

126 4735 167 4797 tis
192 4735 333 4817 pipmra
362 4733 511 4816 quaelebet
547 4734 659 4798 iurent.
709 4731 818 4811 Neque
848 4750 921 4794 uero
949 4729 1103 4810 Olmistas,
1156 4732 1307 4798 habitum
1326 4732 1442 4814 irrisam
1460 4733 1617 4817 vulgaria,
1640 4754 1738 4816 quam
1755 4733 1939 4814 promiscue
1960 4734 2133 4813 faciebant,

126 4840 160 4884 eo
178 4820 240 4884 loeo
255 4841 317 4901 ρον
338 4820 454 4885 coelam
480 4824 509 4883 et
536 4823 652 4884 terram
673 4825 702 4883 et
722 4815 973 4898 Hierosolymam
994 4816 1105 4882 iurare
1156 4826 1214 4884 ant
1233 4840 1293 4902 pro
1314 4818 1434 4898 nihilo,
1463 4827 1521 4885 aut
1545 4841 1611 4883 non
1638 4820 1687 4884 ita
1706 4839 1827 4902 magno
1849 4820 1951 4884 fuisse
1972 4827 2133 4904 reputata,

126 4911 241 4985 amans,
263 4906 510 4988 aperiebam
530 4906 666 4989 corripit,
686 4910 721 4969 at
735 4904 817 4987 falso
834 4902 959 4984 quidem
973 4907 1105 4984 poam
1155 4904 1291 4988 perinde
1318 4925 1356 4970 ac
1377 4904 1442 4970 Dei
1466 4927 1589 4971 numen
1616 4907 1652 4970 in
1678 4905 1730 4971 his
1757 4928 1824 4970 non
1850 4906 2053 4972 intercedere
2073 4927 2135 4988 pu·

126 4992 182 5057 sed
207 5011 311 5057 eorum
332 4993 441 5075 polias
466 4989 667 5072 sophisticam
698 4991 859 5075 argutiam
888 4989 1015 5072 refellit,
1049 4989 1104 5069 qm
1155 4997 1274 5056 tarent
1326 4991 1453 5056 Verum
1490 4993 1620 5077 privata
1657 4992 1858 5072 iuramenta,
1898 5015 1981 5076 qnae
2019 4993 2135 5073 sobrie,

120 5078 307 5159 pronihilo
334 5079 483 5144 dambori
506 5076 659 5144 indirecta
686 5078 863 5142 iuramenta
888 5076 1022 5158 falditer
1042 5076 1105 5139 iao-
1156 5082 1282 5155 sancte,
1329 5086 1521 5144 reverenter
1557 5080 1750 5147 necessariis
1789 5082 1887 5146 rebus
1927 5079 2134 5160 adhibentur,

125 5169 207 5242 tare,
236 5166 332 5246 quasi
356 5184 447 5231 sacro
467 5163 532 5229 Dei
554 5163 675 5229 carini
691 5168 870 5245 parcerent,
900 5163 981 5245 qaod
1002 5166 1105 5226 11111111
1157 5161 1313 5227 damnare
1334 5164 1433 5231 nimis
1454 5166 1674 5249 periculosum
1694 5167 1808 5246 fuerit,
1831 5188 1914 5250 quae
1933 5169 2005 5249 ipsa
2026 5173 2060 5231 et
2081 5186 2134 5229 ra·

126 5250 317 5331 materam
337 5255 382 5315 est
401 5250 538 5334 mapalis
558 5251 627 5315 eires
647 5249 810 5330 1111111111.
854 5248 935 5314 Alia
956 5253 1001 5314 est
1020 5250 1105 5316 ratio
1157 5250 1245 5314 tione
1272 5256 1306 5314 et
1333 5251 1494 5335 exemplis
1524 5252 1713 5319 hdoiuntur.
1758 5252 1845 5318 Nam
1873 5253 1901 5317 si
1927 5252 2066 5334 privatis
2099 5253 2134 5317 in
