4672 5842
238 283 300 346 see
888 271 1154 340 mammete
1176 272 1281 339 nnn.
1297 256 1486 337 'buaren
1512 275 1603 335 1559.
2180 272 2244 334 roo

238 467 297 534 bac
316 464 413 530 Pauli
431 461 641 529 admonitione
658 460 768 545 (Rom.
790 464 818 537 9,
840 460 905 545 22),
927 482 987 524 nort
1004 481 1068 525 esse
1085 479 1215 524 sarisam
1239 476 1242 537 ς
1267 460 1460 541 percontari,
1485 480 1586 541 quum
1603 459 1751 523 omniurn
1769 478 1852 540 quae
1874 466 1961 535 sunt,
1983 459 2054 540 ipsa
2075 458 2120 523 nit
2137 478 2243 537 eausa,

238 551 386 636 litipandi
414 569 484 614 eune
505 547 582 624 Deo,
608 548 639 610 si
667 547 706 612 ab
727 567 793 610 rena
810 552 913 628 parte,
936 546 1038 610 oolerts
1059 547 1215 610 ostendere
1239 542 1242 641 ;
1267 554 1300 608 et
1321 547 1438 609 merito
1456 565 1527 609 esse
1550 543 1672 608 debeat.
1707 544 1793 608 Nam
1811 544 1839 608 si
1856 544 1960 609 ullam
1979 564 2112 610 eausam
2133 545 2242 623 habet,

237 639 321 703 iram
343 641 371 700 et
392 640 496 701 notam
515 634 618 715 facere
634 634 804 715 potentiam
825 653 932 711 suane,
959 633 1042 712 ferat
1065 634 1099 696 in
1115 631 1214 695 malta
1266 629 1388 712 aliquid
1410 652 1483 694 eam
1511 630 1681 694 anteeedat
1708 637 1849 712 oportet,
1873 631 1927 695 eui
1949 631 2050 694 veluti
2073 631 2241 712 alligetur:

237 722 400 789 binantio
417 726 445 785 et
456 720 580 786 laenitate
591 741 667 785 erosa
685 721 753 783 irae
764 723 920 799 apparata
934 719 968 781 in
984 719 1141 781 interitum
1148 743 1157 797 ;
1175 717 1214 780 ab
1239 652 1241 783 l
1266 714 1352 797 quod
1374 717 1463 780 nobs
1485 724 1535 780 est
1556 715 1738 799 imaginari
1776 716 1869 780 Adeo
1888 716 1912 799 ¹)
1934 717 2024 780 enim
2046 738 2177 782 summa
2194 723 2245 782 eat

237 810 338 876 atera
365 812 469 872 autern
496 812 586 869 erotus
611 806 710 886 faeiat
736 805 865 868 olinitius
890 805 1011 885 planiae
1036 825 1113 867 snae
1141 825 1215 884 orna
1239 796 1241 876 l
1265 802 1408 866 iustitiae
1431 802 1544 884 regula
1567 803 1629 866 Dei
1652 801 1817 877 voluntas,
1846 810 1885 865 ut
1911 801 2068 885 quidquid
2090 802 2178 879 vult,
2206 824 2244 867 eo

237 915 315 960 oasa
337 892 569 957 misericordiae
596 913 675 973 quae
690 892 897 971 peramara-rit
927 892 960 953 in
978 889 1121 971 planiam.
1158 888 1215 953 Ob
1239 887 1241 959 l
1266 889 1336 970 ipso
1364 887 1449 969 quod
1477 888 1561 963 vult,
1595 887 1719 952 iustum
1753 887 1941 952 habendum
1969 890 2020 953 sit
2071 887 2138 955 Ubi
2165 909 2244 972 ergo

236 985 356 1047 aretem
378 978 516 1051 lestines,
546 983 581 1041 nt
602 997 715 1041 araone
735 976 880 1040 snsrerris
901 981 928 1039 et
949 975 1214 1040 obtrectationibus
1238 976 1241 1057 f
1266 973 1433 1056 quaeritur
1460 994 1518 1036 cur
1547 974 1593 1036 ita
1624 974 1736 1037 feeerit
1764 974 1944 1052 Dominus,
1977 974 2245 1056 respondendnm

232 1066 399 1150 praecidat
431 1065 568 1140 Pardus,
601 1082 756 1126 snnnrnnn
784 1062 860 1126 dare
892 1062 1062 1142 irnperinrn
1091 1062 1158 1125 irae
1186 1067 1214 1123 et
1266 1071 1324 1133 est,
1348 1060 1423 1140 quia
1446 1060 1558 1124 noluit.
1603 1057 1699 1140 Quod
1721 1061 1749 1123 si
1770 1060 1858 1123 ultra
1879 1081 1996 1143 pergas
2018 1060 2163 1143 rogando
2186 1081 2245 1126 eur

232 1152 389 1235 potentiae
411 1151 488 1216 Dei:
509 1150 586 1230 quia
608 1148 749 1229 inioueon
771 1152 814 1212 est
836 1148 951 1211 ealredo
972 1152 1076 1211 nostro
1102 1147 1215 1211 sribiioi
1239 1147 1241 1209 i
1266 1144 1421 1223 voluerit,
1455 1145 1560 1209 maius
1589 1144 1710 1226 aliquid
1737 1146 1879 1228 quaeris,
1914 1154 1948 1209 et
1980 1145 2152 1211 sublimius
2180 1146 2245 1210 Dei

233 1237 399 1320 protunda
420 1236 477 1300 illa
505 1235 624 1298 *indicia
646 1254 726 1314 meae
752 1253 861 1298 serieres
889 1254 992 1297 merrus
1016 1237 1135 1297 nostros
1162 1232 1214 1296 ab
1239 1219 1241 1291 l
1267 1230 1451 1309 voluntate,
1485 1231 1571 1313 quod
1603 1231 1745 1295 inveniri
1779 1253 1846 1294 non
1879 1240 1994 1313 potest
2047 1231 2245 1315 Compeseat

238 1323 365 1390 sorbent.
396 1321 483 1402 Quod
494 1320 676 1400 respondent
691 1320 867 1384 adversarii
880 1319 1094 1401 friuolurnest,
1111 1317 1215 1382 Dernn
1239 1296 1242 1432 l
1266 1317 1368 1400 igitur
1396 1339 1430 1380 se
1465 1318 1608 1381 humanu
1635 1319 1817 1393 temeritas,
1851 1325 1885 1380 et
1913 1316 1999 1399 quod
2028 1340 2095 1381 non
2123 1326 2174 1382 est
2202 1338 2245 1382 ne

239 1430 301 1475 non
317 1427 451 1490 prorsus
471 1406 597 1471 iniicere
618 1426 694 1486 piros
720 1407 754 1468 in
776 1406 899 1469 lenitate
918 1405 1039 1481 tolerat,
1066 1404 1120 1469 sed
1147 1424 1215 1468 sus-
1239 1448 1241 1488 ÷
1266 1411 1409 1484 quaeret,
1433 1413 1470 1466 nt
1491 1424 1532 1466 ne
1553 1404 1637 1467 forte
1655 1403 1688 1466 id
1710 1403 1797 1486 qnod
1815 1411 1866 1466 est
1884 1424 1949 1467 non
1973 1404 2129 1469 inveniat
2163 1402 2245 1480 Hae,

233 1516 332 1577 pereso
363 1513 488 1556 moriere
515 1513 588 1574 erpa
615 1513 665 1556 eos
696 1492 816 1567 anieno,
849 1493 880 1555 si
907 1491 987 1571 forte
1020 1491 1242 1570 resipiscenti
1268 1490 1409 1569 inquam,
1428 1489 1542 1552 fraerm
1560 1490 1641 1553 bene
1659 1488 1880 1553 continebitur
1897 1490 2043 1572 quisquis
2061 1489 2102 1553 de
2117 1490 2247 1554 areanis

243 1581 341 1663 Quasi
361 1599 432 1643 nero
445 1579 633 1658 patientiam
652 1576 719 1641 Deo
740 1576 856 1640 tribnat
879 1576 1011 1653 Paulus,
1031 1598 1092 1657 pria
1111 1597 1213 1640 eonion
1240 1612 1242 1643 a
1266 1575 1330 1638 Dei
1348 1576 1399 1638 sui
1417 1596 1491 1638 eum
1510 1575 1694 1639 reverentia
1711 1575 1935 1657 philosophari
1952 1575 2048 1640 volet
2076 1575 2247 1640 Adversus

238 1665 462 1731 eorirersionenr
485 1668 630 1744 inspectet
650 1683 728 1744 orrens
754 1664 831 1727 dicit
853 1667 974 1743 aptatos
995 1683 1059 1727 esse
1079 1663 1122 1726 ad
1142 1663 1216 1724 inte
1239 1648 1242 1741 l
1267 1660 1443 1743 impiorum
1466 1659 1642 1731 audatiam,
1666 1661 1722 1743 qni
1744 1661 1816 1725 Deo
1838 1661 1947 1743 palam
1964 1661 2161 1727 maledieere
2178 1681 2248 1725 non

237 1752 343 1816 ritune.
375 1749 465 1813 Recte
482 1751 564 1812 enirn
577 1749 779 1831 dennestinns
793 1748 816 1829 ¹)
835 1749 931 1811 lomene
949 1746 1029 1811 berete
1046 1748 1214 1827 replicans³
1240 1756 1242 1810 ἶ
1267 1744 1458 1823 formidant,
1488 1745 1652 1812 Dominus
1679 1748 1749 1828 ipse
1777 1768 1837 1810 sua
1857 1747 1999 1825 iustitia,
2033 1750 2106 1812 sine
2134 1758 2247 1812 nostro

237 1837 291 1901 ubi
308 1837 449 1917 anania
471 1835 652 1899 tolerantiae
673 1835 870 1915 adinnpitnr.
895 1835 998 1899 Deum
1023 1855 1082 1897 reon
1104 1835 1214 1908 sineere,
1240 1834 1243 1881 l
1267 1833 1456 1915 patrocinio,
1479 1832 1558 1896 satis
1581 1854 1616 1896 se
1638 1831 1799 1910 defendet,
1821 1854 1922 1914 quum
1944 1855 2058 1898 eorum
2081 1834 2247 1899 eonscien-

238 1923 293 1988 sed
325 1923 434 1985 eirtute
455 1942 515 1984 seen
542 1921 707 1985 retulerant.
753 1920 885 1986 Addunt
906 1922 1000 1983 etiarn
1023 1941 1080 1982 non
1104 1917 1161 1982 abs
1184 1939 1216 1981 re
1240 1898 1243 1997 l
1268 1918 1322 1982 tiis
1356 1939 1487 1981 omnem
1526 1919 1831 2001 tergiversationem
1869 1918 2043 1984 adimendo
2082 1920 2247 1985 convietas

237 2028 316 2073 nasa
353 2008 419 2070 irae
447 2006 511 2070 diei
544 2010 702 2086 upprarata
731 2006 774 2071 ad
808 2007 977 2083 interitum,
1011 2028 1085 2071 rasa
1114 2010 1216 2068 antem
1240 2008 1243 2037 ³
1268 2005 1410 2087 stringet
1438 2025 1573 2085 reasque
1602 2015 1745 2088 peraget
1792 2004 1900 2086 Neque
1921 2010 2023 2070 tannen
2044 2012 2247 2071 wtnnoentum
2279 2054 2282 2061 ,

237 2093 470 2158 misericordiae
492 2091 596 2158 Deum
617 2111 845 2172 praeparasse:
873 2092 950 2172 quia
976 2091 1030 2156 boe
1056 2092 1144 2155 ennio
1165 2112 1216 2154 sa·
1240 2062 1244 2109 ¹
1268 2091 1443 2173 inperimns
1470 2089 1627 2155 obsoletae
1648 2091 1820 2170 potentiae:
1847 2090 1929 2171 qnod
1955 2093 2048 2155 siniti
2071 2092 2248 2174 profanum

237 2179 313 2245 lutis
334 2177 458 2242 laudan
475 2176 543 2243 Deo
564 2176 713 2242 adsaribit
734 2182 761 2241 et
783 2177 931 2253 rerutim',
948 2178 1137 2258 pernitionis
1154 2176 1217 2240 cnt·
1267 2180 1325 2253 est,
1356 2175 1401 2238 ita
1429 2177 1537 2239 merito
1563 2176 1738 2241 detestabile
1765 2177 1852 2241 nobis
1872 2197 1938 2241 esse
1958 2178 2049 2243 debet.
2095 2178 2170 2242 Non
2189 2177 2248 2258 fin

231 2285 313 2349 paen
345 2264 448 2328 reiicit
475 2264 510 2326 in
538 2284 588 2327 eos
615 2264 669 2343 oni
698 2265 829 2344 proprio
862 2263 992 2327 arbitrio
1024 2263 1128 2343 ipsam
1156 2262 1216 2327 sibi
1266 2262 1372 2343 pientes
1393 2261 1498 2325 Denrn
1518 2262 1667 2342 extenua,
1689 2264 1745 2345 qni
1766 2261 1828 2326 sibi
1849 2264 1915 2343 ipsi
1935 2263 1985 2327 ier
2005 2269 2067 2343 est,·
2094 2266 2185 2346 quio,
2213 2268 2247 2327 ut

238 2354 406 2418 amenum.
463 2349 524 2415 Sed
558 2354 590 2412 nt
622 2349 689 2413 illis
720 2349 882 2414 oomedarn
912 2350 1037 2413 diuersa
1076 2348 1217 2429 narrator·
1268 2347 1313 2410 ait
1328 2347 1429 2425 Plato,
1452 2347 1515 2430 lepe
1536 2349 1676 2431 indipent
1696 2348 1834 2413 tornines
1850 2349 1905 2429 aui
1926 2349 2152 2430 eupiditatilnus
2167 2348 2247 2414 labe

236 2437 342 2520 [mma
365 2435 503 2499 Purdurn
524 2436 721 2515 asperitatem
743 2434 839 2499 lenire
855 2436 977 2516 prioris
1002 2434 1137 2501 nmrrrbri.
1161 2435 1217 2496 rni-
1268 2438 1357 2512 rant,·
1375 2433 1439 2497 Dei
1456 2439 1560 2498 auum
1576 2435 1789 2499 noluntasnon
1805 2435 1893 2499 mab
1910 2434 1951 2499 ab
1962 2435 2046 2500 omni
2063 2436 2139 2500 nitio
2150 2455 2247 2516 pura,

238 2523 322 2588 aare
348 2526 452 2585 tamer
478 2526 711 2586 wriserrtaneum
743 2527 787 2586 est
810 2523 1083 2602 penetrarationem
1105 2520 1148 2584 ad
1169 2522 1217 2583 in·
1267 2520 1322 2584 sed
1347 2540 1471 2583 summa
1492 2521 1690 2602 persedioms
1711 2520 1837 2601 reputa,
1864 2523 1959 2585 etiarn
1980 2520 2081 2604 tapam
2108 2523 2248 2586 omnium
2278 2534 2285 2545 ·

239 2607 363 2673 teritum
391 2608 455 2673 atio
481 2607 653 2687 transferre
680 2629 775 2688 meane
803 2607 847 2671 ad
873 2628 1024 2672 areanum
1053 2606 1217 2671 eutalium
1241 2582 1245 2705 l
1268 2606 1318 2669 lea
1346 2610 1397 2669 est.
1456 2605 1571 2670 Verum
1602 2626 1752 2689 nnyanrus
1784 2605 1951 2671 obrweium
1983 2628 2048 2673 esse
2075 2608 2248 2672 reddendae

239 2692 317 2760 Dei:
333 2693 415 2774 quood
432 2694 526 2757 dmm
540 2692 638 2775 paulo
656 2698 727 2756 ante
746 2695 778 2757 in
794 2699 936 2758 constrata
952 2695 1114 2769 asseritur,
1135 2691 1217 2774 meod
1241 2724 1245 2765 ÷
1270 2691 1385 2756 rationi
1392 2716 1402 2769 ;
1430 2712 1578 2774 eunomus
1604 2693 1697 2756 etiam
1723 2712 1779 2757 nos
1799 2712 1866 2757 esse
1887 2693 2013 2758 idornm
2033 2695 2166 2769 iudioes,
2188 2692 2246 2772 qui

239 2777 328 2845 Dae
351 2780 529 2844 aestarent
542 2777 750 2847 Ptaraoneen.
772 2779 891 2855 deinde,
911 2799 987 2859 quos
1003 2780 1070 2843 van
1083 2779 1213 2843 induret.
1241 2768 1245 2853 l
1263 2779 1398 2858 proprio
1423 2798 1517 2842 sensu
1537 2778 1779 2859 proreurdiemus
1798 2778 1836 2842 de
1863 2777 1922 2843 baa
1940 2800 2046 2844 eausa
2090 2778 2193 2859 Quare
2214 2779 2247 2841 si

247 2864 333 2932 b'ruie
353 2866 495 2946 emititur
512 2864 725 2930 absarrnditune
742 2863 806 2930 Dei
823 2865 989 2929 missilium
1006 2865 1219 2929 obdurationis
1242 2904 1245 2937 .
1268 2868 1424 2928 tentams
1451 2863 1538 2928 ultra
1558 2885 1653 2944 meam
1682 2865 1765 2941 ticet,
1793 2869 1907 2928 mdurn
1934 2866 2067 2930 incutiat
2091 2863 2149 2928 itta
2168 2884 2248 2928 eom

240 2972 304 3019 esse
329 2973 467 3016 minam
511 2951 579 3016 Hoe
605 2950 713 3015 suiten
735 2949 850 3015 onerer
876 2952 958 3031 quod
985 2952 1085 3016 tradit
1107 2950 1217 3032 dupu-
1269 2949 1400 3012 minatio
1424 2948 1549 3014 Psalmi
1576 2950 1648 3030 (51,
1668 2950 1719 3033 6),
1747 2950 1851 3016 Derim
1877 2951 1945 3031 fore
1969 2952 2112 3015 nidorem
2131 2951 2249 3033 quaties

238 3040 352 3112 etitem,
365 3039 394 3119 ²)
422 3037 475 3100 ubi
503 3058 541 3100 er
563 3036 649 3117 iupis
671 3036 760 3100 Deus
779 3058 848 3101 ores
867 3037 962 3118 facit,
987 3038 1095 3119 pratia
1112 3041 1218 3118 poten
1242 3050 1246 3140 l
1268 3034 1310 3099 ab
1327 3034 1449 3099 bomine
1470 3035 1596 3101 mortali
1619 3035 1817 3101 indicabitur.

238 3124 316 3187 tiore
338 3143 388 3187 eos
407 3121 593 3202 refomnore,
619 3128 654 3185 nt
679 3123 819 3186 dometur
845 3143 950 3186 eorum
971 3123 1122 3200 durities,
1144 3142 1247 3213 pro,
1357 3124 1385 3183 3.
1442 3121 1582 3186 Taoaido
1608 3127 1710 3202 potest
1737 3122 1827 3188 Deus
1856 3123 1903 3186 ita
1934 3142 2121 3202 oompesaere
2151 3121 2249 3186 bostes

239 3207 312 3273 inde
344 3206 509 3272 obstinatas
541 3208 609 3272 ideo
638 3229 700 3273 rnre
731 3210 878 3272 natent
911 3210 986 3290 puio
1016 3208 1219 3289 pderdiorem
1242 3224 1246 3287 ξ
1269 3227 1350 3271 suos.
1402 3203 1469 3272 Sed
1498 3228 1539 3271 ne
1568 3207 1641 3272 illos
1673 3227 1803 3272 eaerum
1835 3228 1956 3272 nomen
1984 3230 2082 3273 suum
2114 3209 2249 3290 impune

238 3293 328 3360 itiam
353 3294 491 3376 peritiam
519 3313 580 3357 reon
606 3295 720 3358 emerit
742 3294 839 3371 Dens,
867 3316 931 3375 oua
953 3316 1011 3359 non
1038 3294 1219 3359 destituitur
1242 3302 1247 3363 t
1269 3291 1411 3356 ludibrio
1430 3292 1551 3357 habere
1568 3294 1741 3375 patiamur,
1762 3315 1855 3358 arma
1871 3314 2000 3376 quoque
2017 3293 2179 3359 adversus
2195 3313 2250 3358 eos

238 3381 269 3445 si
290 3401 360 3444 eum
375 3379 521 3461 proferre
542 3379 634 3442 nollet.
1242 3374 1246 3463 ξ
1269 3378 1364 3442 nobis
1381 3400 1424 3442 ex
1443 3379 1543 3443 verbo
1560 3400 1622 3444 suo
1640 3379 1835 3462 suppeditat
1869 3379 2022 3457 Proinde,
2045 3379 2075 3444 ai
2095 3382 2171 3463 quis
2191 3401 2250 3444 nes

326 3469 354 3528 2.
399 3465 486 3532 Haec
510 3465 635 3546 quidem
656 3466 727 3548 piis
752 3470 779 3529 et
807 3465 950 3530 enodestis
976 3465 1096 3530 ubuum
1128 3465 1219 3546 sufli-
1270 3464 1457 3528 huiusmodi
1484 3464 1594 3530 verbis
1620 3464 1845 3549 aggrediatur,
1876 3486 1936 3530 eur
1962 3466 2003 3531 ab
2032 3466 2130 3529 initio
2157 3467 2249 3531 Deua

237 3556 347 3627 arent,
369 3557 396 3615 et
417 3551 473 3632 pui
494 3572 527 3616 se
547 3550 685 3615 termines
705 3551 957 3616 reininisaentur.
1005 3552 1087 3632 Quia
1115 3557 1218 3615 tamen
1242 3560 1245 3601 ἰ
1270 3549 1312 3614 ad
1342 3562 1482 3615 mertem
1503 3550 1629 3632 aliquos
1651 3551 1917 3633 praedestinant,
1944 3551 2019 3634 qui,
2043 3572 2146 3634 quum
2167 3572 2249 3615 non-

237 3658 299 3703 nou
320 3658 415 3701 sermm
436 3638 567 3720 speeiem
591 3637 737 3701 rieulenti
758 3639 812 3701 isti
838 3658 932 3702 turns
951 3641 1092 3702 meminent
1113 3644 1217 3702 eorrtra
1242 3624 1246 3689 i
1269 3635 1348 3700 dum
1371 3646 1489 3714 essent,
1512 3637 1632 3700 mereri
1653 3637 1810 3702 iudicium
1837 3638 1954 3702 mortis
1979 3636 2130 3702 nondum
2155 3648 2248 3720 potu·

237 3722 357 3800 Dentri,
384 3723 428 3788 ad
455 3723 613 3806 mapulas,
636 3728 732 3803 prout
760 3744 810 3788 res
836 3723 928 3804 teret,
957 3724 1218 3805 respondebimus.
1241 3716 1245 3803 ξ
1269 3733 1373 3800 erant,
1405 3744 1473 3797 nos,
1496 3724 1718 3806 responsionis
1739 3723 1824 3801 loeo,
1847 3723 1992 3788 meiasim
2014 3744 2071 3787 eos
2095 3743 2246 3806 regemus

237 3809 356 3876 blnltie
372 3807 478 3874 modis
494 3830 571 3873 eum
588 3807 662 3873 Deo
682 3809 815 3893 litigant
835 3809 928 3873 stulti
947 3809 1106 3884 homines,
1125 3808 1218 3890 quasi
1241 3816 1245 3887 ξ
1269 3807 1347 3890 quid
1367 3808 1479 3873 Deum
1501 3809 1628 3873 homini
1649 3808 1767 3874 debere
1789 3811 1988 3887 existiment,
2009 3810 2038 3873 ai
2060 3830 2134 3873 eum
2152 3829 2171 3871 a
2188 3828 2247 3870 na·

238 3917 313 3960 eum
341 3904 476 3960 teneant
502 3895 571 3960 suis
597 3895 883 3960 eriminntionibus
910 3895 1097 3959 obnoxium.
1141 3895 1217 3958 Pri·
1241 3906 1246 3953 t
1269 3906 1344 3958 tura
1371 3917 1431 3960 sua
1458 3897 1632 3961 aoedmare
1659 3896 1749 3962 velit.
1799 3894 1951 3977 Qualiter
1983 3902 2114 3978 peaeato
2138 3893 2246 3957 vitimi

237 4002 331 4046 mmn
352 4003 430 4064 ergo
452 3982 658 4065 interrogant
679 4003 744 4064 quo
767 3982 838 4045 iure
866 3981 934 4045 suis
955 3981 1113 4044 creaturis
1135 3979 1217 4044 iras·
1269 4001 1383 4045 sumus
1406 4002 1530 4055 omnes,
1554 4005 1619 4046 non
1645 4004 1818 4065 possumus
1847 4003 1914 4046 non
1941 4002 2013 4046 esse
2032 3981 2104 4045 Deo
2129 3978 2244 4053 odiosi,

237 4076 333 4130 eatur
354 4065 534 4137 Dominum.
558 4066 716 4148 aquibus
738 4067 829 4131 nulla
854 4078 931 4130 ante
952 4066 1076 4131 offensa
1098 4084 1217 4147 provo-
1242 4116 1244 4149 :
1268 4065 1367 4149 idque
1393 4087 1462 4131 non
1487 4070 1662 4152 tyrannica
1682 4069 1834 4144 saevitia,
1856 4067 1914 4132 sed
1936 4065 2130 4151 aequissima
2150 4066 2246 4129 insti-

237 4164 331 4220 aatus
359 4153 465 4216 fuerit
510 4153 596 4217 Nam
625 4153 727 4217 exitio
754 4152 915 4217 deserere
942 4172 1024 4235 quos
1046 4151 1217 4234 placuerit,
1242 4154 1244 4197 ἲ
1269 4153 1335 4217 tiae
1362 4153 1499 4217 ratieme.
1544 4153 1642 4234 Quod
1669 4155 1698 4219 si
1722 4155 1841 4219 iudicio
1869 4155 1986 4217 mortis
2011 4152 2142 4218 obnoxii
2170 4160 2249 4216 sunt

238 4239 373 4324 tyranrii
395 4239 501 4322 magis
527 4238 672 4313 libidini,
694 4259 794 4320 quam
816 4239 982 4322 legitimae
1004 4236 1121 4303 inditis
1142 4257 1217 4302 sen·
1241 4238 1245 4315 ξ
1269 4258 1383 4302 omnes
1405 4241 1548 4304 naturali
1575 4239 1779 4319 conditione,
1802 4261 1884 4324 quos
1905 4239 1948 4303 ad
1971 4250 2113 4304 mortam
2133 4239 2247 4303 Demi·

236 4326 359 4390 tentiae
390 4326 575 4390 eonvenire.
624 4325 708 4389 Fase
736 4325 838 4408 igitur
864 4345 923 4388 eur
955 4345 1031 4388 eum
1059 4325 1132 4388 Deo
1160 4345 1217 4389 ex·
1241 4352 1244 4409 ;
1269 4346 1333 4388 nus
1359 4324 1595 4407 praedestinat,
1624 4326 1665 4391 de
1693 4347 1772 4409 qna,
1801 4327 1949 4401 obseura,
1977 4326 2049 4390 eiua
2074 4326 2248 4408 iniquitate

236 4411 406 4494 meulent
428 4411 592 4479 nonanes.
620 4409 759 4475 siuudo
779 4411 850 4475 eius
872 4411 1017 4479 rubitrio.
1039 4411 1122 4473 eitra
1141 4431 1217 4492 pro-
1269 4431 1348 4494 erga
1369 4432 1405 4475 se
1432 4411 1693 4495 conquerantur?
1727 4414 1874 4478 Veniant
1902 4432 2017 4476 omnes
2044 4411 2106 4475 filii
2126 4411 2247 4483 Adam

279 4498 346 4562 'um
359 4498 523 4565 meritum.
535 4497 570 4560 in
581 4505 748 4560 aeternam
762 4510 903 4560 mortem
920 4495 1216 4578 praedestinantem.
1241 4498 1244 4541 ²
1268 4518 1344 4562 oum
1371 4519 1431 4563 suo
1463 4510 1607 4564 creatore
1634 4498 1834 4564 eontendant
1863 4520 1901 4563 ae
1928 4497 2129 4580 disceptent,
2162 4494 2249 4579 quod

269 4582 409 4648 'asmodi
437 4583 653 4666 rogitationes
674 4581 855 4662 siquando
884 4583 947 4664 piis
975 4582 1160 4647 hominibus
1182 4583 1216 4645 in
1240 4560 1245 4679 Ι
1268 4592 1405 4651 aeterua
1425 4584 1517 4650 illius
1538 4585 1758 4669 providentia.
1788 4593 1865 4649 ante
1886 4605 1982 4648 suam
2045 4585 2247 4648 mentonem

236 4682 382 4734 mentem
415 4669 563 4744 veniant,
598 4668 640 4732 ad
675 4667 872 4750 frangendos
901 4689 1014 4733 earum
1046 4669 1215 4751 impulsus,
1240 4690 1244 4705 ¹
1268 4683 1445 4751 perpetuae
1472 4672 1650 4736 salamitati
1679 4670 1801 4736 addiati
1828 4671 1958 4735 tuerint
2063 4669 2096 4733 'd
2123 4670 2247 4734 obsae-

236 4755 290 4820 vel
312 4755 374 4818 hoe
396 4774 463 4818 une
484 4755 565 4819 sutis
585 4752 817 4827 armabuntur,
846 4756 876 4819 ei
898 4765 1049 4837 reputent
1072 4763 1216 4837 quantae
1240 4708 1245 4835 l
1268 4776 1346 4837 pere
1366 4755 1523 4823 adversus
1545 4758 1631 4822 hiena
1652 4757 1876 4822 defensionem
1896 4764 2060 4839 poterunt
2082 4755 2140 4820 ubi
2157 4755 2249 4819 Dens

236 4841 281 4905 sit
302 4839 531 4921 improbiuttis,
554 4861 669 4905 naneae
689 4838 822 4905 diuinae
849 4840 1029 4906 voluntatis
1055 4839 1217 4904 dunmat
1240 4840 1245 4947 ἰ
1268 4840 1351 4917 illas,
1374 4841 1417 4906 ad
1439 4844 1491 4908 sui
1511 4844 1770 4928 recognitiomm
1787 4856 1905 4909 tonna
1925 4841 2076 4908 voeabitl
2104 4842 2160 4906 Ex
2177 4861 2250 4906 aar·

1275 5018 1338 5023 .-—
1345 5019 1351 5024 .
1359 5016 1473 5025 ομ.-.-

236 5129 427 5252 ῃαἎΙᾸξῐ.
446 5130 469 5180 5.
493 5144 587 5182 renutu-s
610 5131 661 5183 lul.
686 5149 707 5181 e.
725 5130 750 5182 ὁ.
839 5129 871 5196 2)
888 5131 963 5182 Libr.
984 5132 1006 5181 l.
1028 5131 1062 5182 de
1081 5131 1216 5199 praedest.
1267 5218 1282 5252 e
1311 5200 1329 5235 ἱ)
1337 5131 1367 5197 1)
1385 5134 1444 5185 Hae
1456 5150 1489 5185 ex
1502 5136 1617 5200 August.
1631 5146 1769 5201 sumptam
1781 5136 1842 5186 libr.
1857 5135 1879 5185 1.
1896 5135 1931 5186 de
1944 5133 2011 5187 Gra
2024 5146 2120 5186 eontra
2132 5133 2250 5186 unica
