4672 5842
158 289 240 351 1047
498 314 503 322 ·
780 311 785 320 ·
806 276 1072 346 mammonae
1092 277 1197 341 REL.
1220 273 1400 342 CHRIST.
1426 282 1517 344 1559.
2089 275 2167 340 1048

157 476 201 539 lio
224 472 392 537 decretum
408 476 465 547 cst,
485 479 521 533 ut
540 470 595 551 qui
614 469 784 533 ecelesiam
805 469 939 545 intrant,
959 469 1137 549 scripturas
1190 488 1248 530 nes
1278 467 1374 530 simul
1410 466 1705 543 communicarent,
1735 474 1822 530 esset
1850 486 1928 531 vero
1956 485 2094 529 neeesse
2120 486 2168 528 eos

160 559 308 636 audiunt,
337 565 371 620 et
400 575 420 618 a
448 556 677 620 communione
711 555 895 627 abstinent,
926 554 966 618 ab
1002 554 1139 618 ecclesia
1190 553 1246 634 qui
1274 553 1429 634 permixti
1458 560 1553 616 eraut
1586 552 1729 634 profanis
1755 562 1791 616 et
1808 551 2008 627 idololatris,
2037 560 2168 614 externo

159 650 405 721 removeantur,
430 641 531 706 donec
560 643 679 706 vitium
701 641 763 704 hoc
785 642 995 704 correxerint.
1041 637 1137 719 Quod
1191 639 1297 719 aliquo
1320 639 1466 722 symbolo
1487 639 1585 702 fidem
1609 659 1702 701 suam
1724 639 1852 701 testari:
1877 636 1963 701 diem
1993 636 2101 714 illum,
2123 658 2169 700 or·

159 731 290 795 tametsi
318 729 352 791 in
376 728 511 792 concilio
547 727 690 791 toletano
724 728 829 808 primo
863 727 916 789 vcl
952 725 1139 809 mitigatum
1193 725 1279 788 dinis
1301 733 1334 787 et
1360 725 1491 807 politiae
1519 745 1631 801 causa,
1655 725 1706 787 vir
1740 731 1873 789 sanctus
1901 731 2083 801 statuerat,
2113 744 2169 804 quo

159 817 230 893 fuit,
254 814 307 878 rel
329 815 513 878 mitioribus
534 813 649 877 satltcm
667 810 774 876 verbis
795 813 1007 895 propositum,
1029 819 1139 875 tamen
1192 820 1279 874 totus
1302 810 1567 875 Christianorum
1585 810 1726 892 populus
1744 807 1820 874 fidei
1838 811 2079 875 confessionem
2101 830 2168 890 par

161 902 227 967 illic
250 919 378 982 quoquc
409 900 578 974 statuitur,
602 905 637 962 ut
660 899 715 980 qui
739 897 849 962 audita
871 898 1025 963 concione
1055 920 1139 960 nun·
1193 897 1383 978 ticipatione
1411 918 1530 961 coenae
1552 896 1688 959 Domini
1716 895 1835 960 ederet
1880 896 2032 960 Probum
2057 895 2169 976 alioqui

161 1009 260 1070 quam
278 986 518 1050 communicare
531 984 726 1065 deprehensi
744 985 873 1061 fuerint,
885 983 1139 1060 admoncantur;
1192 983 1369 1064 Zepherini
1391 983 1582 1046 institutum
1601 982 1686 1045 male
1707 982 1844 1046 detorsit
1864 981 2054 1063 posteritas,
2077 1003 2171 1062 quum

163 1075 190 1138 si
212 1080 287 1155 post
308 1073 521 1134 monitionem
543 1070 739 1145 abstineant,
764 1080 945 1132 arceantur.
1193 1077 1282 1132 certa
1305 1069 1358 1131 lex
1381 1066 1421 1132 dc
1443 1090 1510 1132 una
1537 1069 1714 1150 quotannis
1747 1067 2045 1132 communicatione
2073 1068 2171 1149 posita

250 1163 300 1222 45.
335 1158 400 1221 His
418 1155 542 1221 scilicet
559 1156 846 1219 constitutionibus
864 1155 1019 1219 volebant
1037 1154 1141 1218 structi
1194 1163 1258 1231 est;
1287 1176 1351 1236 qua
1380 1155 1504 1219 filetum
1533 1162 1591 1231 est,
1620 1161 1659 1217 ut
1685 1155 1752 1218 fere
1786 1175 1913 1231 omncs,
1941 1175 2048 1234 quum
2079 1152 2170 1220 semel

165 1246 227 1311 viri
249 1245 391 1308 retinere
403 1265 439 1305 nc
452 1243 536 1305 tueri
554 1242 758 1322 frequentem
779 1242 1016 1305 communionis
1034 1261 1140 1316 usum,
1194 1240 1535 1317 communicaverunt,
1565 1242 1658 1322 quasi
1680 1241 1716 1303 in
1745 1240 1908 1322 reliquum
1936 1241 2018 1303 anni
2048 1246 2171 1321 tempus

164 1332 205 1396 ab
223 1331 302 1413 ipsis
324 1327 476 1410 apostolis
505 1327 677 1401 traditum,
696 1350 793 1410 quem
821 1327 972 1390 fidelibus
999 1327 1141 1389 maxime
1194 1326 1330 1407 pulchro
1361 1325 1519 1403 defuncti,
1548 1327 1583 1389 in
1612 1334 1785 1408 utramque
1818 1346 1932 1389 aurem
1962 1327 2077 1389 securi
2104 1325 2170 1389 dor·

165 1416 342 1481 salutarem
361 1435 446 1487 esse,
470 1414 562 1495 tulgi
585 1423 694 1476 autem
718 1414 917 1496 negligentia
940 1413 1062 1477 sensim
1084 1411 1141 1474 ob-
1193 1412 1307 1475 miant
1354 1413 1470 1495 Longe
1498 1413 1593 1475 aliter
1622 1413 1746 1477 factum
1773 1412 1932 1494 oportuit:
1964 1411 2110 1494 siugulis
2134 1409 2169 1473 ad

165 1502 322 1568 solescere
351 1499 513 1564 videbant
559 1500 610 1562 De
639 1506 747 1562 aetate
776 1508 885 1562 :tutem
914 1520 973 1563 sua
1001 1505 1142 1561 testatur
1194 1498 1366 1561 minimum
1390 1497 1648 1563 hebdomadibus
1681 1496 1891 1582 proponenda
1919 1505 1993 1561 erat
2013 1496 2169 1561 Christia-

165 1587 388 1669 Augustinus:
403 1584 427 1666 ¹)
458 1585 573 1659 huius,
597 1585 716 1665 inquit,
742 1585 789 1648 rei
808 1593 1048 1648 sacramentum
1067 1583 1141 1646 uni-
1195 1603 1312 1647 norum
1331 1584 1438 1649 coetui
1450 1606 1563 1648 mensa
1580 1583 1731 1663 Domini;
1751 1582 1967 1649 declarandae
1986 1584 2169 1666 promissio-

165 1675 242 1738 tatis
265 1672 408 1753 corporis
429 1670 564 1733 Domini
587 1669 705 1733 alicubi
726 1669 879 1752 quotidie,
903 1670 1021 1733 alicubi
1044 1670 1142 1733 certis
1195 1692 1253 1734 nes
1276 1691 1357 1751 quae
1385 1691 1445 1733 uos
1474 1672 1508 1734 in
1536 1692 1576 1735 ea
1605 1670 1817 1752 spiritualiter
1844 1677 2037 1751 pascerent;
2068 1669 2167 1734 nullus

165 1757 348 1824 intervallis
371 1756 514 1833 dicrum,
538 1756 757 1821 indominica
780 1777 894 1819 mensa
915 1766 1141 1838 praeparatur,
1194 1755 1324 1837 quidem
1347 1758 1539 1821 necessitate
1562 1756 1741 1839 cogendus,
1765 1756 1821 1819 sed
1844 1756 2043 1820 cohortandi
2066 1777 2170 1819 omnes

165 1853 200 1909 et
221 1841 261 1907 de
283 1864 396 1906 mensa
418 1842 476 1905 illa
494 1842 644 1919 sumitur,
663 1841 856 1923 quibusdam
876 1841 1047 1917 advitam,
1070 1840 1143 1904 aliis
1195 1850 1227 1906 et
1249 1839 1458 1920 stimulandi;
1476 1842 1699 1926 obiurgandus
1719 1844 1818 1906 ctiam
1835 1842 2041 1923 ignavorum
2059 1850 2168 1924 torpor.

165 1930 207 1994 sd
229 1929 375 1993 exitium.
421 1929 464 1991 Et
483 1928 518 1990 in
540 1927 689 2008 Epistola
707 1926 748 1991 ad
766 1928 958 1991 Ianuarium
975 1927 1097 2009 priore:
1112 1927 1142 2010 ²)
1195 1925 1321 1991 Omnes
1344 1929 1514 2010 gregatim,
1538 1940 1575 1991 ut
1595 1928 1746 2005 famelici,
1770 1927 1811 1992 ad
1830 1927 1912 1991 tales
1934 1927 2087 1991 mutinae
2102 1948 2170 1992 cou-

165 2016 223 2080 alii
251 2014 395 2096 quotidie
423 2015 665 2077 communicant
697 2015 824 2095 corpori
846 2024 879 2077 et
906 2013 1057 2096 sanguini
1086 2011 1143 2074 do-
1196 2014 1354 2079 venirent
1398 2013 1473 2077 Non
1502 2015 1624 2078 iniuria
1651 2014 1754 2097 igitur
1783 2014 1945 2096 principio
1980 2024 2170 2096 conquestus

166 2102 295 2177 minico,
319 2100 373 2163 alii
397 2100 495 2164 certis
518 2098 630 2163 diebus
653 2100 825 2182 accipiunt,
846 2093 923 2164 alibi
944 2099 1055 2162 nullus
1074 2098 1143 2160 dics
1197 2121 1283 2176 sum,
1317 2097 1437 2164 diaboli
1470 2108 1539 2165 arte
1572 2102 1734 2164 intrusam
1768 2100 1854 2164 hanc
1888 2098 2168 2164 consuetudinem:

166 2186 398 2251 intermittitur
420 2206 484 2266 quo
506 2206 571 2248 non
594 2185 766 2260 offeratur,
790 2185 868 2249 alibi
890 2184 1048 2249 sabbatho
1070 2192 1143 2246 tau·
1195 2207 1293 2267 quae,
1316 2183 1396 2248 dum
1422 2207 1527 2249 unum
1553 2187 1632 2249 anni
1659 2185 1746 2249 diem
1775 2184 1986 2268 praescribit,
2009 2187 2047 2248 in
2076 2192 2170 2250 totum

165 2281 237 2337 tum
259 2286 292 2335 et¹
314 2271 484 2339 dominico.
508 2270 585 2335 alibi
607 2272 738 2335 nonnisi
760 2270 932 2335 dominico.
977 2268 1144 2350 Quoniam
1196 2292 1320 2335 anuum
1339 2270 1489 2336 socordes
1507 2271 1621 2336 reddit
1652 2271 1814 2335 Videmus
1832 2271 1968 2352 quidem
1984 2292 2170 2353 perversum

164 2368 288 2434 autem,
312 2366 349 2419 ut
374 2356 530 2431 diximus,
560 2357 651 2438 plebs
680 2355 846 2420 interdum
874 2357 1039 2420 remissior
1062 2364 1142 2432 crat,
1196 2356 1285 2421 hunc
1305 2357 1444 2421 abusum
1468 2356 1695 2442 Ohrysostomi
1722 2366 1868 2439 tempore
1891 2358 1957 2420 iam
1980 2359 2169 2440 obrepsisse

164 2444 334 2508 instabant
351 2443 455 2506 sancti
473 2442 535 2506 riri
558 2444 680 2507 severis
697 2443 985 2525 obiurgationibus,
1009 2463 1050 2505 nc
1066 2462 1143 2504 con·
1196 2442 1253 2506 scd
1275 2442 1387 2507 videre
1415 2443 1513 2508 simul
1540 2443 1617 2508 licet
1643 2451 1843 2525 quantopere
1871 2445 1936 2524 ipsi
1964 2443 2169 2526 displicuerit

165 2530 279 2594 uivere
308 2527 349 2591 ud
372 2528 457 2592 hanc
480 2528 659 2592 socordiam
682 2528 884 2592 viderentur.
930 2527 1009 2591 Tale
1032 2549 1143 2590 exem·
1196 2528 1418 2610 Conqueritur
1447 2530 1535 2593 enim
1562 2527 1717 2612 gravibus
1746 2529 1855 2594 verbis
1878 2550 1916 2593 eo
1944 2552 2042 2612 quem
2067 2550 2171 2611 -nupcr

163 2616 257 2699 plum
274 2624 324 2678 est
341 2613 427 2695 apud
445 2612 765 2697 Chrysostomnmin
783 2614 953 2695 epistolam
972 2612 1012 2676 ad
1031 2613 1143 2694 Ephe-
1196 2615 1294 2679 citari
1319 2614 1404 2691 loco,
1434 2623 1560 2679 tanmm
1589 2636 1660 2679 esse
1693 2616 1791 2679 huius
1820 2616 1869 2678 rei
1897 2615 2168 2698 inaequalitatem,

164 2700 281 2782 sioszl)
304 2721 371 2764 non
394 2708 444 2763 cst
465 2699 588 2763 dictum
611 2700 641 2763 ci
664 2700 720 2782 qui
738 2701 926 2764 consitium
948 2698 1143 2763 dehonesta—
1195 2699 1282 2783 quod
1305 2699 1377 2763 aliis
1399 2701 1478 2764 anni
1501 2709 1568 2764 tem
1611 2701 1701 2766 ribus
1724 2722 1966 2783 saepenumero,
1987 2722 2046 2765 nce
2067 2721 2167 2781 quum

163 2789 228 2865 bat,
248 2807 349 2869 quare
367 2785 566 2850 recubuisti?
586 2785 652 2861 scd,
672 2806 774 2867 quare
791 2786 961 2869 ingressus
979 2784 1035 2848 es?
1055 2786 1143 2866 quis·
1195 2785 1310 2849 mundi
1333 2793 1456 2864 essent,
1487 2722 1694 2865 accedeoreut3
1724 2787 1759 2851 in
1781 2787 1952 2870 paschate,
1979 2787 2077 2850 etiam
2103 2787 2169 2849 im·

164 2875 236 2956 quis
265 2872 498 2957 nrystcriorum
526 2872 689 2954 partices
718 2893 784 2935 non
806 2880 870 2949 est,
893 2871 1060 2953 improbus
1082 2879 1141 2947 est,
1195 2871 1317 2936 mundi.
1352 2872 1482 2937 Deinde
1500 2872 1676 2939 exclamat:
1695 2894 1714 2937 o
1732 2872 2015 2938 cousuetudinem!
2040 2893 2170 2955 eprae-

164 2967 197 3024 et
226 2958 400 3040 impudens
428 2957 514 3039 quod
543 2958 595 3022 hic
623 2979 640 3020 a
682 2965 750 3036 tat;
779 2978 913 3039 quaeso,
944 2957 1072 3038 siquis
1100 2955 1143 3020 ad
1194 2959 1429 3039 sumptionem!
1448 2959 1572 3023 frustra
1582 2979 1660 3041 ergo
1672 2959 1814 3024 habetur
1830 2958 2023 3040 quotidiana
2039 2959 2169 3037 oblatio;

163 3044 351 3110 convivium
387 3053 520 3108 vocatus
547 3045 690 3120 venerit,
723 3064 841 3108 manns
868 3043 1000 3119 laverit,
1034 3041 1142 3105 dison
1193 3044 1317 3108 frustra
1339 3051 1465 3109 stamus
1487 3044 1529 3110 ad
1551 3044 1669 3123 altarc3
1692 3066 1788 3109 nemo
1809 3054 1860 3109 θεῖ
1881 3046 1939 3127 qni
1957 3045 2056 3110 simul
2074 3046 2170 3128 parti·

162 3130 288 3207 buerit,
311 3129 401 3193 risus
423 3129 523 3193 fucrit
544 3150 579 3194 se
601 3129 642 3193 ad
664 3128 825 3193 edendum
856 3149 1061 3211 comparare,
1086 3128 1141 3191 de-
1194 3131 1288 3211 eipet.
1318 3130 1462 3193 'l'antum
1497 3131 1590 3195 abest
1616 3138 1654 3194 ut
1681 3131 1857 3195 autoritate
1887 3152 1949 3197 sua
1980 3132 2170 3214 interposita

96 3292 105 3303 t
162 3216 240 3280 inde
268 3215 351 3278 nihil
380 3224 498 3297 gustet,
527 3237 635 3279 nonne
669 3215 865 3280 contumelia
893 3223 927 3278 et
954 3214 1142 3279 convivium
1193 3216 1418 3297 comprobarit.

163 3302 283 3365 afficiet
305 3308 338 3365 ct
359 3300 622 3365 concitatorem?
647 3301 692 3364 sic
715 3311 761 3376 tu,
784 3302 873 3365 inter
895 3321 949 3364 eos
971 3308 1063 3365 stans
1084 3299 1142 3382 qui
1280 3306 1330 3364 47.
1375 3302 1430 3364 Ex
1452 3301 1566 3366 eadem
1587 3300 1709 3384 prodiit
1730 3303 1860 3367 officina
1877 3310 1912 3367 et
1931 3302 2038 3367 altera
2059 3303 2169 3369 eonsti-

163 3388 309 3451 oratione
328 3408 362 3451 se
381 3384 423 3450 ad
441 3385 637 3449 sumendum
655 3395 900 3451 sacrosanctum
921 3384 1029 3449 cibum
1046 3407 1141 3468 prae-
1194 3388 1290 3463 tutio,
1314 3407 1396 3468 quae
1417 3386 1588 3450 dimidiam
1610 3408 1731 3452 coenae
1775 3395 1881 3452 artem
1911 3389 2045 3454 meliori
2066 3388 2168 3473 populi

163 3478 296 3554 parant,
326 3481 360 3535 te
388 3493 493 3535 uuum
523 3494 593 3536 θεεθ
620 3494 662 3536 ex
692 3493 805 3537 eorum
833 3492 985 3551 numero,
1008 3492 1047 3535 eo
1069 3473 1141 3554 ipso
1192 3473 1257 3537 Dei
1278 3493 1416 3536 numero
1438 3473 1492 3538 vel
1510 3474 1620 3538 furata
1636 3480 1695 3552 est,
1713 3410 1924 3557 veleripuit:
1948 3496 2072 3560 nempe
2090 3496 2168 3562 sym

164 3557 252 3640 quod
274 3578 340 3620 non
363 3558 546 3622 abscessisti
568 3560 735 3624 confessus
753 3580 798 3636 es,
821 3557 955 3623 tandem
976 3579 1043 3621 nou
1064 3577 1141 3639 par·
1193 3558 1303 3622 bolum
1325 3560 1506 3642 sanguinis,
1529 3559 1618 3642 quod
1639 3559 1731 3625 laicis
1748 3566 1782 3625 et
1799 3561 1946 3643 profanis
1964 3561 2038 3643 (his
2056 3562 2168 3628 scilicet

165 3644 296 3726 ticipas:
321 3664 428 3707 nonne
451 3645 552 3708 satius
574 3644 657 3708 foret
679 3653 712 3709 tc
734 3666 800 3709 non
823 3642 1065 3726 comparuisse?
1090 3645 1141 3706 in·
1193 3644 1297 3709 titulis
1307 3645 1372 3709 Dei
1391 3643 1627 3709 haereditatem
1643 3645 1843 3731 insigniunt)
1854 3646 2084 3724 interdictum,
2098 3669 2167 3731 pao-

165 3730 285 3813 dignus
315 3751 398 3808 sum,
422 3730 544 3811 inquis;
563 3752 641 3814 ergo
660 3752 721 3795 nec
739 3732 965 3794 communione
983 3729 1141 3793 orationis
1194 3732 1239 3794 cis
1272 3731 1355 3794 rasis
1388 3740 1422 3794 et
1454 3732 1562 3797 unctis
1594 3733 1630 3795 in
1660 3731 1826 3814 peculium
1858 3734 1965 3798 cessit
2021 3733 2168 3799 Edictum

165 3815 284 3900 dignus
306 3838 388 3893 eras,
411 3837 493 3898 quae
516 3824 567 3880 cst
587 3816 842 3882 adsumendum
865 3836 995 3879 sacrum
1016 3822 1141 3899 myste-
1193 3818 1319 3881 aeterni
1342 3817 1407 3881 Dei
1429 3824 1539 3883 estut
1560 3837 1675 3882 omncs
1704 3818 1832 3883 bibant:
1860 3819 1948 3900 quod
1971 3820 2073 3885 homo
2093 3837 2168 3884 non

163 3902 252 3966 rium
274 3902 489 3985 praeparatio.
1194 3910 1227 3966 et
1247 3904 1412 3967 contraria
1437 3903 1511 3987 lege
1537 3903 1710 3986 antiquare
1733 3919 1767 3968 et
1787 3903 1949 3988 abrogare
1971 3906 2089 3984 audet,
2108 3903 2168 3969 cdi-

252 3992 302 4050 tt.
347 3989 393 4051 Et
415 4009 492 4052 sane
510 3989 590 4053 haec
609 3986 808 4053 consuetudo
831 4008 916 4070 quae
938 3987 1039 4052 semel
1061 4009 1141 4070 quo-
1193 4008 1270 4052 cens
1290 4010 1332 4051 ue
1354 4009 1467 4054 omncs
1483 3986 1605 4053 bibant
1651 3990 1701 4053 Ae
1720 4011 1763 4054 ne
1780 3991 1852 4055 sine
1868 3992 2004 4056 ratione
2021 3992 2168 4058 adversus

164 4074 276 4137 tannis
306 4076 546 4139 communicare
573 4073 677 4153 iubet,
708 4073 928 4139 certissimum
951 4083 1002 4138 est
1021 4073 1142 4138 diaboli
1192 4072 1304 4138 Deum
1327 4095 1425 4138 suum
1447 4082 1596 4157 pugnent
1613 4075 1697 4141 tales
1717 4075 1931 4160 legislatores,
1953 4078 2101 4161 pericula
2114 4077 2169 4142 ob·

163 4158 350 4238 inventum,
379 4161 601 4242 cuiuscunque
634 4159 768 4223 tandem
803 4160 984 4225 ministerio
1011 4160 1142 4224 invecta
1193 4158 1334 4224 tendunt
1363 4180 1447 4243 quae
1478 4160 1625 4226 accidere
1659 4171 1793 4245 possent
1814 4164 1842 4226 si
1864 4165 2022 4231 omnibus
2054 4163 2169 4248 μεθίει

163 4246 271 4310 fuerit.
306 4247 413 4309 Aiunt
423 4247 646 4328 Zophcrinum
656 4250 685 4330 ⁴)
704 4246 773 4310 eius
796 4244 916 4310 decret-i
934 4247 1141 4311 fuisseauto·
1193 4253 1411 4328 exponeretur
1432 4267 1524 4311 sacer
1545 4247 1600 4312 hie
1621 4248 1717 4313 calix
1763 4250 1813 4312 Ac
1834 4249 1862 4313 si
1885 4249 1928 4314 ab
1950 4261 2092 4316 aetem
2109 4248 2168 4315 Dii

163 4352 243 4411 rem,
262 4331 348 4416 quod
368 4331 432 4396 tale
449 4334 549 4397 fuisse
567 4350 775 4413 nequaquam
793 4331 947 4396 credibile
970 4341 1021 4397 est
1042 4331 1140 4414 quale
1192 4332 1353 4414 sapientia
1380 4341 1551 4415 prospecta
1577 4354 1617 4397 ea
1634 4341 1668 4398 et
1695 4334 1925 4400 animadversa
1952 4358 2026 4402 non
2054 4342 2165 4402 eunt

162 4439 251 4484 nunc
283 4417 448 4482 habemus.
493 4417 555 4481 Ille
585 4418 673 4480 enim
701 4438 759 4480 suo
784 4417 935 4481 instituto
962 4440 1028 4482 non
1057 4419 1140 4482 forte
1191 4418 1330 4496 Deinde,
1349 4426 1465 4501 argute
1482 4418 1614 4497 scilieet,
1632 4421 1879 4500 ratiocinantur,
1897 4443 2011 4487 unum
2023 4421 2167 4509 prodeo-

162 4507 302 4585 pessime
324 4504 478 4568 ecclesiae
500 4502 699 4579 consulebat,
723 4509 760 4566 ut
777 4513 849 4567 tum
866 4510 961 4567 erant
982 4513 1138 4586 tempora
1192 4503 1252 4570 bus
1274 4524 1346 4570 esse
1368 4503 1456 4570 satis.
1501 4505 1588 4569 Nam
1610 4505 1639 4570 si
1661 4526 1779 4590 corpus
1800 4514 1865 4586 cst,
1887 4507 2067 4590 inquiunt,
2087 4516 2166 4575 aba

162 4587 302 4654 Minime
335 4589 420 4652 enim
456 4589 593 4653 dubium
621 4600 672 4653 est
699 4589 779 4671 quin
812 4597 883 4652 tum
912 4611 1006 4655 sacra
1038 4611 1140 4654 coena
1191 4588 1345 4656 Christus
1368 4598 1426 4669 est,
1449 4591 1539 4672 quia
1561 4612 1766 4675 suoeorporc
1786 4592 1853 4657 iam
1875 4592 1993 4659 divelli
2015 4617 2086 4661 non
2100 4601 2166 4680 pot

161 4682 401 4758 proponeretur
429 4674 581 4740 fidelibus
614 4677 740 4756 quoh'es
767 4677 801 4738 in
831 4683 960 4739 coetum
984 4677 1139 4740 conveni·
1191 4685 1248 4741 est
1299 4677 1390 4760 Ergo
1417 4684 1452 4740 et
1475 4698 1594 4761 eorpus
1627 4681 1824 4762 sanguinem
1857 4701 1920 4762 per
1946 4683 2166 4749 concomitan-

162 4772 250 4839 rent,
269 4781 331 4825 neo
353 4759 489 4825 dubium
508 4762 608 4824 etiam
625 4762 705 4842 quin
722 4760 808 4826 bona
825 4782 937 4825 eorum
956 4782 1033 4844 pars
1050 4781 1138 4825 com·
1191 4763 1269 4827 ham
1293 4763 1527 4846 complectitur.
1572 4765 1627 4828 Eu
1648 4786 1764 4830 sensus
1784 4767 1891 4831 nostri
1908 4788 1987 4832 cum
2005 4770 2082 4835 Deo
2098 4788 2167 4835 oon·

160 4849 354 4913 manicaret
400 4845 467 4912 Sed
490 4868 592 4930 quum
610 4848 667 4912 vix
684 4867 828 4930 unquam
848 4847 997 4912 eveniret
1014 4857 1052 4910 ut
1069 4868 1139 4911 om·
1190 4869 1339 4928 sensum,
1367 4848 1423 4913 ubi
1449 4850 1502 4915 vel
1534 4850 1703 4914 tantillum
1735 4851 1820 4916 laxis
1852 4852 1996 4920 habenis
2022 4855 2167 4922 hesim

1190 4935 1388 5018 ferocireque
1425 4937 1537 5019 coepit
1592 4936 1776 5013 Dominus,
1819 4959 1941 5022 panem
1986 4942 2167 5015 ostendens

847 5102 852 5111 .
1190 5041 1309 5104 corpus
1331 5043 1427 5085 suum
1450 5043 1521 5087 esse
1539 5021 1618 5087 dicit
1625 5046 1634 5103 ;
1657 5022 1791 5088 calicem
1812 5023 1896 5108 dum
1916 5028 2078 5108 ostendit,
2099 5050 2167 5094 san·

159 5205 195 5261 11¹
212 5136 730 5261 retorserant
759 5137 821 5276 1²23
838 5139 863 5260 l
883 5179 889 5191 ·
909 5137 960 5191 ³¹⁸
978 5138 1046 5207 ‘⁵⁴²
1108 5139 1138 5206 3'
1189 5107 2168 5281 ffiffimnfflqmssmmsfflmss

380 5249 386 5258 ·
440 5247 446 5259 ·
541 5252 550 5273 ι
731 5247 738 5259 ·
777 5247 784 5258 ·
823 5248 829 5259 ·
900 5249 906 5261 ·
1352 5245 1360 5271 2
1829 5248 1839 5276 r
