4672 5842
68 304 72 317 '
161 320 243 379 1111
810 308 1519 379 111111111011111111111111111
2091 310 2171 373 1111

162 505 206 588 (3,
233 503 279 584 1),
303 498 598 581 utprincipatibus
620 520 657 562 ac
680 498 894 580 potestatibus
917 501 1039 565 subditi
1062 502 1136 579 11111,
1191 501 1332 583 gistratu
1355 500 1482 564 elucere
1505 498 1676 576 debuerat;
1710 496 1788 561 dum
1813 498 1943 562 nullum
1966 496 2171 579 conspiciunt

160 597 198 652 ut
219 585 465 670 magistratibus
493 592 646 666 pareant,
670 591 706 648 ut.
728 584 768 647 ad
787 604 884 648 omne
909 608 990 667 opus
1017 586 1138 649 bonum
1191 587 1366 669 vestigium
1378 586 1448 650 eius
1460 585 1601 649 ministri
1616 581 1690 662 Dei,
1704 585 1757 666 qui
1771 585 1808 647 in
1818 582 1949 648 laudem
1960 583 2171 661 sunamitis

161 676 227 738 sint
244 672 358 754 parati.
386 672 432 734 Et
448 670 584 735 Petrus:
603 668 733 747 subditi,
752 671 859 752 inquit
877 672 908 754 (1
923 674 1012 736 Petr.
1030 677 1058 749 2,
1076 673 1137 756 13),
1192 672 1227 735 in
1249 671 1406 737 ultionem
1425 670 1520 735 datus
1542 680 1625 735 erat:
1655 672 1701 734 ita
1722 692 1826 752 neque
1848 671 1948 733 etiam
1971 669 2171 752 praelectum

159 766 263 823 estote
287 758 390 822 cuivis
412 756 576 820 humanae
599 767 766 820 creaturae
788 757 854 839 (vel
879 759 1000 839 potius,
1024 766 1061 822 ut
1079 779 1139 840 ego
1192 758 1286 822 illum
1309 765 1500 841 agnoscunt,
1518 758 1611 821 cuius
1633 755 1828 839 dignitatem
1847 764 1943 836 atque
1962 756 2171 820 autoritatem

160 844 293 926 quidem
315 843 526 925 interpretor,
561 841 772 925 ordinationi)
794 853 927 924 propter
949 845 1138 921 Dominum,
1193 846 1355 926 scriptura
1382 843 1475 907 nobis
1489 843 1512 924 ¹)
1544 842 1759 906 commendat.
1805 842 1851 905 Et
1878 862 1958 919 sane
1985 842 2015 906 is
2045 862 2171 923 semper

161 931 232 995 sive
254 930 324 1012 regi
347 936 505 1009 tanquam
526 927 745 1009 praecellenti,
770 927 838 992 1111
862 929 1065 1011 praesidibus
1083 930 1139 1011 qui
1193 930 1364 994 hominum
1387 929 1504 992 animis
1527 929 1695 1011 ingenitus
1716 928 1781 991 fuit
1801 948 1933 1004 sensus,
1958 935 2026 991 nen
2047 928 2170 991 minore

161 1038 220 1098 per
238 1037 313 1079 eum
333 1016 517 1090 mittuntur,
537 1012 578 1075 ad
597 1013 774 1078 vindictam
792 1013 923 1096 quidem
941 1016 1138 1093 nocentium,
1192 1025 1351 1099 tyrannos
1384 1014 1457 1078 odio
1485 1024 1581 1096 atque
1609 1015 1832 1078 exsecratione
1864 1013 2038 1091 insectari,
2075 1034 2170 1096 quam

160 1100 292 1166 laudem
313 1122 392 1164 vero
414 1111 500 1163 recte
523 1099 700 1182 agent-ium.
746 1100 946 1183 Pomaque
975 1099 1140 1165 nonsub·
1193 1099 1365 1167 dilectione
1388 1108 1421 1164 11
1442 1102 1652 1164 veneratione
1673 1121 1733 1183 pro
1790 1101 1825 1163 ni
1848 1099 2011 1181 legitimos
2034 1121 2137 1182 reges

161 1189 335 1253 iectionem
365 1185 535 1262 simulare,
565 1183 623 1273 sed
648 1187 773 1249 sineere
801 1194 834 1250 11
861 1207 902 1250 ox
925 1188 1034 1251 animo
1063 1185 1139 1250 sub·
1280 1192 1330 1250 25.
1376 1187 1503 1250 Verum
1523 1186 1552 1250 si
1574 1186 1609 1248 in
1631 1186 1696 1249 Dei
1718 1118 1856 1249 1811111111
1885 1185 2081 1267 respicimus
2103 1183 2169 1255 lon·

161 1275 262 1338 iectus
288 1294 322 1336 se
351 1292 420 1335 esse
438 1280 613 1346 testentur,
637 1269 728 1334 addit
745 1271 869 1336 Paulus
888 1274 919 1355 (l
943 1274 1024 1336 rim.
1046 1277 1074 1350 2,
1097 1272 1139 1354 1),
1192 1274 1266 1356 gius
1295 1294 1355 1337 nos
1377 1270 1528 1349 deducet,
1563 1280 1601 1334 ut
1627 1291 1695 1334 non
1724 1292 1838 1335 eorum
1859 1270 1957 1334 modo
1987 1271 2170 1352 principum

162 1368 202 1423 ut
224 1379 337 1423 eorum
360 1358 419 1421 sub
442 1355 560 1437 quibus
583 1357 699 1423 vivunt
720 1357 860 1421 salutem
883 1378 920 1421 ac
942 1360 1139 1440 prosperita·
1191 1359 1329 1440 imperio
1351 1356 1473 1423 subditi
1492 1358 1595 1422 simus
1616 1357 1671 1438 qui
1689 1356 1799 1440 probe,
1822 1363 1854 1420 et
1872 1377 1937 1437 qua
1954 1355 2079 1422 debent
2098 1356 2168 1436 fide,

162 1455 231 1508 tem
259 1443 330 1507 Deo
357 1441 593 1506 commendent.
638 1440 819 1520 Adhortor,
850 1443 969 1526 inquit,
1000 1452 1036 1508 ut
1057 1446 1141 1508 fiant
1192 1466 1327 1508 munere
1351 1465 1409 1508 suo
1431 1465 1505 1526 erqo
1527 1465 1582 1507 1111
1603 1442 1843 1525 defunguntur,
1867 1441 1924 1506 sed
1946 1443 2097 1506 omnium
2117 1443 2168 1524 qui

163 1529 415 1612 deprecationes
439 1528 685 1605 obsecrationes,
709 1529 997 1610 interpellationes,
1017 1530 1139 1613 gratia-
1192 1530 1438 1612 quoquomodo
1461 1548 1572 1593 rerum
1594 1530 1780 1611 potiuntur,
1804 1528 1934 1593 etiamsi
1955 1527 2041 1592 nihil
2064 1529 2168 1596 minus

161 1637 236 1680 rum
264 1615 407 1679 actiones
435 1634 493 1695 pro
522 1612 672 1678 omnibus
700 1614 902 1692 bominibus,
926 1637 986 1697 pro
1008 1614 1139 1699 regibus
1191 1623 1360 1697 praestent
1393 1635 1490 1697 quam
1531 1614 1615 1696 quod
1653 1636 1695 1678 cx
1726 1614 1830 1679 officio
1863 1623 1936 1678 crat
1972 1616 2166 1697 principum

162 1717 195 1765 et
216 1699 367 1764 omnibus
389 1701 424 1763 in
446 1700 624 1764 eminentia
646 1701 839 1777 constitutis,
862 1712 901 1765 ut
922 1699 1083 1784 placidam
1107 1709 1140 1765 ct
1192 1703 1336 1765 Tametsi
1369 1702 1456 1764 enim
1485 1721 1652 1765 summum
1681 1721 1760 1764 suae
1787 1700 2024 1764 beneficentiae
2053 1721 2168 1764 munus

161 1786 303 1868 quietam
325 1786 426 1849 vitam
441 1784 607 1867 degamus,
631 1787 808 1850 cumomni
826 1786 946 1868 pietate
965 1809 1002 1852 ac
1021 1788 1139 1851 hones-
1192 1809 1264 1852 esse
1286 1789 1529 1871 magistratum,
1553 1785 1594 1850 ad
1617 1785 1757 1850 salutem
1780 1786 1951 1849 hominum
1973 1805 2167 1851 conservan-

162 1878 237 1935 tate.
284 1872 399 1952 Neque
421 1870 475 1933 hic
497 1891 531 1934 se
554 1872 725 1953 quisquam
747 1871 848 1936 fallat.
888 1872 1029 1953 Quando
1052 1874 1139 1936 enim
1192 1872 1276 1951 dam,
1301 1880 1441 1937 testatur
1462 1871 1643 1949 Dominus,
1667 1893 1704 1936 ac
1727 1893 1801 1935 suos
1822 1872 2074 1954 magistratibus
2095 1872 2167 1954 ipsis

162 1958 271 2020 resisti
298 1956 504 2039 magistratui
528 1978 592 2019 non
615 1965 721 2038 petest
743 1959 821 2038 quin
844 1959 942 2022 simul
964 1958 1035 2022 Deo
1057 1959 1139 2023 resi·
1192 1960 1274 2023 fines
1301 1958 1508 2041 praescribit,
1538 1958 1637 2022 simul
1658 1966 1769 2021 tamen
1792 1957 1952 2034 declarat,
1975 1957 2168 2039 qualescun-

163 2049 278 2118 statur,
302 2042 429 2106 etiamsi
451 2044 585 2123 impune
607 2044 770 2107 contemni
794 2043 923 2108 videtur
939 2066 1034 2128 posse
1051 2045 1140 2109 iner—
1215 2066 1254 2108 ue
1278 2046 1358 2122 siut,
1381 2044 1511 2108 nonnisi
1535 2066 1555 2108 a
1577 2065 1611 2107 se
1635 2042 1756 2108 babere
1778 2043 1962 2124 imperium.
2009 2045 2079 2108 Eos
2101 2044 2169 2126 qui-

163 2128 227 2192 mis
255 2128 482 2210 magistratus,
511 2129 602 2192 Deus
631 2136 742 2193 tamen
771 2139 918 2194 armatus
939 2142 988 2194 est
1010 2130 1066 2213 qui
1089 2131 1140 2194 sui
1193 2066 1282 2207 dem,
1315 2131 1370 2211 qni
1404 2129 1532 2213 publico
1562 2128 1648 2192 bono
1676 2129 1854 2210 imperant,
1883 2149 1962 2193 vera
1996 2129 2068 2193 eius
2094 2149 2168 2194 suae

164 2222 388 2295 contemptum
409 2213 538 2276 fortiter
559 2213 741 2278 1111111111.
787 2213 858 2279 Sub
882 2216 943 2280 hac
972 2225 1141 2298 praeterea
1192 2215 1425 2280 beneficentiae
1467 2215 1667 2299 exemplaria
1705 2237 1776 2279 esse
1809 2223 1843 2278 ct
1882 2216 2079 2297 specimina;
2117 2215 2168 2295 qui

164 2299 350 2364 obedientia
379 2298 634 2362 moderationem
664 2300 921 2384 comprehendo,
951 2324 1048 2384 quam
1078 2301 1139 2367 sibi
1192 2323 1271 2365 vero
1293 2303 1412 2365 iniuste
1434 2311 1468 2364 ot
1489 2301 1686 2382 impotenter
1708 2299 1936 2379 dominantur,
1959 2322 2016 2366 eos
2036 2299 2080 2365 ad
2100 2302 2167 2366 vin-

163 2386 198 2448 in
222 2384 350 2467 publico
373 2385 533 2465 imperare
561 2384 680 2449 debent
706 2388 827 2468 privati
854 2387 1017 2463 homiues,
1040 2410 1082 2451 ne
1105 2409 1140 2452 se
1193 2387 1366 2452 dicandam
1387 2385 1499 2468 populi
1520 2387 1725 2469 iniquitatem
1748 2408 1767 2450 a
1788 2407 1823 2450 se
1845 2388 2014 2453 excitatos
2048 2385 2168 2453 Omnes

43 2546 50 2563 ρ
164 2471 252 2534 ultro
269 2469 471 2534 admisceant
487 2471 624 2551 publicis
642 2473 790 2554 negotiis,
805 2481 862 2537 aut
880 2482 1002 2537 temere
1020 2474 1140 2537 irrum-
1193 2495 1233 2536 cx
1262 2493 1365 2554 aequo
1394 2480 1508 2537 sancta
1534 2471 1591 2535 illa
1619 2473 1790 2536 maiestate
1812 2494 1882 2536 esse
1905 2473 2080 2554 praeditos,
2107 2492 2168 2554 qua

164 2564 246 2638 pant
267 2556 300 2619 in
324 2564 433 2637 partes
454 2559 680 2640 magistratus,
706 2578 743 2621 ac
765 2558 904 2641 nequid
926 2560 1056 2622 omnino
1080 2581 1140 2642 pu·
1191 2557 1371 2642 legitimam
1397 2566 1592 2640 potestatem
1613 2557 1780 2622 instruxit
1829 2557 1905 2622 Non
1929 2558 2018 2623 ultra
2037 2578 2167 2643 pregre-

164 2641 248 2706 blice
286 2641 470 2706 moliantur.
522 2641 559 2707 Si
593 2641 670 2724 quid
702 2645 738 2706 in
769 2643 898 2726 publica
935 2645 1140 2709 ordinatione
1192 2645 1271 2721 diar,
1296 2644 1399 2708 donec
1420 2654 1509 2709 certa
1535 2646 1605 2708 eius
1627 2645 1675 2707 rei
1701 2643 1823 2725 aliquot
1851 2644 2037 2709 testimonia
2061 2645 2165 2709 subie-

165 2728 283 2810 corrigi
305 2729 470 2806 intererit,
494 2750 559 2791 non
580 2729 824 2793 tumultuentur
845 2730 922 2812 ipsi,
946 2752 1006 2795 nec
1029 2730 1140 2795 admo·
1192 2730 1442 2814 1111011134,
1465 2733 1520 2808 30;
1549 2727 1655 2794 Oscae
1677 2734 1725 2807 13,
1748 2735 1801 2810 11;
1831 2729 1893 2795 111.
1916 2736 1944 2807 3,
1972 2732 2161 2809 1111111

164 2822 265 2877 veant
293 2814 383 2894 operi
404 2835 536 2889 manua,
561 2836 641 2895 quas
664 2814 729 2879 illis
755 2817 906 2881 omnibus
928 2816 1046 2898 ligatas
1069 2837 1140 2881 esse
1192 2817 1292 2880 Deut.
1318 2819 1367 2894 28,
1391 2815 1458 2900 29).
1486 2815 1556 2880 Nec
1573 2824 1692 2891 tamen,
1714 2837 1778 2898 quo
1800 2816 1947 2881 furorem
1966 2814 2098 2880 Domini
2111 2839 2166 2882 su·

164 2899 226 2964 hac
248 2900 283 2962 iu
305 2907 398 2981 parte
422 2899 528 2977 decet;
551 2902 605 2965 sed
627 2899 667 2963 ad
688 2903 898 2985 magistratus
921 2903 1140 2985 cognitionem
1192 2923 1251 2984 per
1272 2910 1395 2966 terram
1417 2922 1486 2966 esse
1509 2902 1646 2987 impium
1668 2922 1795 2984 regem,
1817 2904 2058 2979 confirmemus,
2079 2902 2166 2969 labo-

164 2984 329 3062 deferant,
359 2986 450 3049 cuius
471 2987 570 3050 unius
592 2985 646 3050 bic
666 2987 774 3051 soluta
795 2996 845 3052 est
866 3010 993 3053 manus.
1037 2987 1141 3051 Intel·
1192 2986 1335 3051 randum
1357 2997 1415 3064 est,
1438 2984 1569 3069 quando
1586 2988 1750 3051 neminem
1773 2987 1922 3074 futurum
1938 2989 2094 3066 arbitror,
2114 2990 2166 3072 qui

163 3071 231 3153 ligo
254 3080 381 3147 autem,
404 3093 446 3135 nc
468 3070 547 3154 quid
568 3073 686 3137 iniussi
708 3073 857 3137 audeant.
903 3074 988 3138 Nam
1009 3073 1140 3138 1111111-
1192 3074 1357 3149 reclamet,
1386 3095 1447 3138 nec
1470 3074 1515 3139 sic
1539 3073 1579 3136 de
1601 3095 1678 3155 rege
1701 3072 1773 3154 plus
1796 3072 1921 3137 dictum
1941 3074 2051 3152 fuerit,
2074 3096 2168 3156 quam

165 3156 262 3220 cessit
289 3156 441 3238 praelecti
475 3159 663 3239 imperium,
686 3160 752 3222 iam
774 3160 835 3241 ipsi
857 3181 983 3242 quoque
1011 3158 1142 3242 publica
1193 3159 1233 3222 de
1255 3159 1417 3241 praedone
1440 3161 1497 3241 qui
1519 3180 1589 3222 rem
1610 3167 1703 3222 tuam
1725 3158 1865 3241 diripiat,
1890 3168 1922 3223 11
1945 3160 2097 3226 adultero
2118 3163 2167 3244 qui

164 3242 338 3306 autoritate
360 3241 499 3323 praediti
523 3253 611 3307 sunt.
655 3245 702 3309 Ut
724 3246 811 3309 cuim
834 3266 929 3309 aures
947 3254 1044 3327 atque
1065 3265 1141 3309 ocu·
1193 3245 1324 3308 thorum
1348 3253 1442 3308 tuum
1463 3244 1604 3327 polluat,
1634 3244 1673 3309 de
1702 3245 1818 3309 sicario
1841 3245 1898 3327 qui
1920 3253 1953 3310 te
1977 3244 2019 3309 ad
2040 3246 2168 3313 caedem

163 3327 212 3392 los
234 3328 390 3410 principis
424 3348 539 3393 vocare
566 3329 665 3413 vulgo
694 3331 799 3395 solent
826 3332 896 3396 eius
931 3331 1140 3408 consiliarios,
1193 3337 1340 3412 appetat;
1367 3352 1471 3412 quum
1499 3330 1687 3394 huiusmodi
1715 3330 1917 3395 calamitates
1944 3353 2061 3398 omnes
2088 3333 2167 3398 inter

142 3414 210 3475 ·ita
228 3435 293 3477 non
315 3413 437 3477 insulse
460 3415 616 3497 principis
638 3438 755 3480 manus
777 3419 850 3498 quis
874 3416 968 3495 dicat,
990 3437 1071 3499 quos
1089 3439 1141 3481 re·
1193 3418 1256 3481 Dei
1283 3415 1528 3480 maledictiones
1565 3418 1728 3498 scriptura
1756 3426 1930 3482 recenseat
1983 3418 2113 3484 Verum
2139 3421 2168 3483 in

164 3499 226 3562 bus
248 3496 383 3580 agendis
402 3498 556 3563 mandato
578 3522 636 3565 suo
657 3503 857 3582 praefecerit
1193 3524 1230 3566 eo
1252 3501 1421 3583 probando
1448 3503 1639 3567 insistamus
1661 3505 1781 3586 magis,
1810 3502 1895 3585 quod
1919 3525 1987 3567 non
2009 3504 2058 3569 ita
2080 3505 2168 3569 filcile

253 3588 301 3646 24.
342 3582 504 3663 Quoniam
522 3595 632 3649 autem
651 3588 809 3651 hactenus
832 3589 1062 3672 magistratum
1085 3589 1141 3653 de-
1192 3590 1228 3651 in
1260 3588 1433 3652 hominum
1466 3598 1592 3652 mentes
1625 3588 1726 3652 cadit:
1762 3589 1795 3652 in
1830 3589 1965 3653 bomine
1994 3589 2168 3656 deterrimo

166 3670 354 3751 scripsimus
376 3671 431 3752 qui
450 3673 581 3735 1111111
603 3673 688 3754 quod
712 3672 840 3752 dicitur,
864 3673 919 3739 ille
937 3675 1060 3739 seilicet
1082 3696 1141 3759 pa-
1193 3675 1379 3756 honoreque
1412 3676 1500 3738 omni
1534 3674 1776 3757 indignissimo,
1810 3696 1912 3757 penes
1945 3697 2047 3758 quem
2080 3677 2167 3742 mode

165 3757 248 3819 triae
270 3766 372 3837 pater,
391 3766 423 3820 et
442 3757 494 3829 (ut
515 3765 612 3840 poeta
634 3758 791 3844 loquitur)
814 3768 924 3842 pastor
945 3761 1065 3844 populi,
1083 3783 1140 3825 eu·
1194 3762 1237 3824 sit
1265 3760 1397 3842 publica
1424 3767 1583 3842 potestas,
1618 3760 1819 3842 praeclaram
1848 3760 1940 3824 illam
1963 3771 1997 3826 et
2026 3761 2168 3828 divinam

165 3850 232 3906 1111
254 3842 353 3923 pacis,
377 3845 685 3924 praeeminentiae,
708 3847 913 3912 innocentiae
933 3846 1140 3925 ,1111111111-
1193 3854 1387 3928 potestatem
1409 3844 1563 3923 residere,
1585 3867 1682 3928 quam
1706 3846 1871 3911 Dominus
1893 3846 2041 3913 iustitiae
2064 3871 2102 3914 ac
2122 3850 2166 3913 iu·

165 3950 264 3992 sanus
293 3929 409 3991 merito
437 3927 629 3995 iudicandus
653 3932 696 3995 sit
717 3933 770 3996 cui
799 3933 863 3996 talc
889 3954 956 3996 non
984 3933 1141 4014 probetur
1193 3932 1268 3996 dicii
1291 3933 1342 3996 sui
1365 3932 1524 3996 ministris
1547 3934 1645 3996 verbo
1664 3952 1723 3996 suo
1746 3930 1876 3996 detulit:
1899 3934 2042 4014 proinde
2060 3956 2081 3997 a
2096 3935 2166 3999 sub·

165 4013 348 4094 imperium.
399 4016 448 4079 Ac
481 4038 582 4097 quum
615 4019 761 4081 omnium
799 4041 899 4101 prope
937 4017 1141 4082 saeculorum
1193 4018 1270 4081 dit-is
1299 4017 1413 4082 eadem
1440 4019 1475 4081 in
1505 4019 1674 4081 reuerentia
1702 4015 1942 4101 etdignat‘ione
1972 4020 2164 4098 habendum,

165 4098 227 4163 hoc
245 4098 431 4180 exentplum
451 4102 502 4177 sit,
522 4111 558 4165 ut
575 4103 757 4185 principum
776 4104 839 4181 alii,
859 4126 972 4168 eorum
992 4103 1140 4167 omnium
1192 4112 1350 4185 quantum
1373 4103 1414 4166 ad
1441 4102 1607 4185 publicam
1628 4103 1847 4168 obedientiam
1869 4106 2005 4184 attinet,
2030 4127 2090 4189 qua
2108 4126 2164 4187 op-

165 4185 270 4248 securi
304 4187 421 4265 quibus
454 4187 663 4267 providendis
697 4191 815 4253 intenti
848 4212 918 4254 esse
949 4189 1139 4267 debuerant,
1193 4191 1310 4252 timum
1333 4210 1453 4272 regern,
1477 4190 1504 4253 si
1527 4189 1668 4266 daretur,
1693 4189 1838 4254 habituri
1860 4200 1980 4256 essent

164 4271 276 4352 procul
305 4273 393 4333 1111111
423 4272 640 4338 sollicitudine
667 4274 816 4339 secordes
843 4275 1049 4353 delicientur;
1084 4275 1141 4338 alii
1279 4278 1328 4338 26.
1374 4275 1541 4357 Principio
1569 4274 1669 4339 velim
1698 4275 1967 4340 animadvertant
1994 4276 2164 4358 seduloque

165 4357 206 4419 ad
224 4379 295 4420 rem
317 4379 408 4420 suam
432 4361 558 4438 attenti,
581 4361 653 4423 iura
670 4362 788 4437 omnia,
808 4362 987 4444 privilegia,
1012 4360 1138 4439 iudicia,
1192 4360 1368 4425 observent.
1394 4360 1531 4427 lectores
1559 4358 1664 4439 illam,
1694 4381 1777 4444 quae
1805 4383 1871 4426 nou
1899 4363 1973 4428 sine
2000 4385 2095 4429 causa
2116 4378 2163 4426 to-

165 4442 356 4524 diplomata,
387 4445 514 4508 venalia
542 4448 752 4527 prostituant;
782 4448 836 4510 alii
859 4447 1060 4529 plebeculam
1083 4470 1139 4510 ex·
1190 4448 1251 4510 ties
1279 4447 1372 4510 nobis
1398 4446 1434 4510 in
1462 4448 1632 4529 seripturis
1653 4458 1944 4527 commemoratm,
1974 4451 2038 4514 Dei
2059 4449 2165 4532 provi·

164 4529 319 4591 hauriant.
340 4531 491 4608 pecunia,
521 4553 619 4612 quam
639 4543 750 4613 postea
768 4534 891 4596 insanis
913 4534 1140 4614 largitionibus
1193 4531 1352 4610 dentiam,
1381 4553 1418 4596 ae
1452 4534 1653 4616 singularem
1680 4534 1842 4598 actionem
1869 4535 1905 4598 in
1934 4534 2168 4601 distribuendis

164 4615 377 4695 prol'undant;
406 4615 459 4677 alii
488 4617 671 4699 expilandis
700 4618 862 4695 domibus,
892 4620 1074 4703 virginibus
1102 4641 1139 4684 ao
1192 4621 1312 4703 regula,
1337 4618 1581 4701 statuendisque
1603 4639 1683 4699 quos
1706 4619 1753 4682 illi
1774 4621 1880 4683 visum
1904 4620 2005 4684 fucrit
2031 4623 2167 4707 regibus

163 4701 322 4763 matronis
343 4701 510 4773 violandis,
532 4703 714 4769 mactandis
732 4705 966 4780 innocentibus,
986 4705 1139 4768 11111111-
1192 4704 1291 4786 Apud
1312 4706 1487 4769 Danielem
1509 4707 1553 4788 (2,
1575 4710 1611 4766 21
1634 4704 1751 4787 1137),
1775 4703 1939 4770 Dominus
1959 4717 2070 4772 mutat
2090 4718 2169 4773 tem·

164 4787 301 4849 troeinia
323 4798 510 4851 exerceant:
541 4811 595 4851 eos
619 4812 695 4853 vcro
717 4812 777 4872 pro
799 4790 999 4874 principibus
1022 4813 1139 4873 agnes-
1190 4813 1271 4872 pora
1299 4801 1332 4854 ct
1354 4791 1441 4856 vices
1468 4800 1665 4873 temporum,
1699 4791 1809 4855 abiicit
1837 4813 1932 4874 reges
1956 4807 1990 4856 et
2018 4796 2169 4861 instituit

164 4870 283 4936 cendos
306 4893 390 4949 csse,
420 4895 557 4954 quorum
579 4877 714 4957 imperio
733 4877 838 4958 quoad
861 4877 936 4941 licet
957 4877 1139 4959 parendum
1190 4876 1288 4941 Item:
1311 4886 1349 4941 ut
1369 4887 1565 4960 cognoscant
1586 4878 1735 4942 viventes
1757 4876 1842 4959 quod
1870 4888 1990 4960 potens
2014 4883 2060 4946 sit
2081 4882 2170 4947 altia-

165 4957 216 5030 sit,
239 4958 352 5023 multis
374 4960 560 5039 persuaderi
579 4984 644 5025 non
662 4971 777 5045 potest.
811 4961 990 5045 Siquidem,
1013 4962 1138 5027 dumin
1189 4963 1292 5026 simus
1313 4964 1349 5026 in
1372 4985 1474 5048 regno
1496 4964 1681 5041 hominum,
1708 4969 1737 5027 et
1764 4963 1815 5027 eui
1835 4964 1905 5046 ipse
1928 4966 2089 5048 volucrit,
2116 4966 2171 5032 da·

164 5050 257 5105 tanta
282 5041 485 5125 indignitate,
508 5068 546 5111 ac
568 5048 656 5113 inter
677 5068 744 5113 tam
762 5049 883 5126 aliena,
907 5070 971 5113 non
994 5070 1014 5112 a
1035 5051 1138 5133 magi·

165 5136 288 5192 stratus
310 5130 420 5205 modo,
444 5131 499 5194 sed
524 5132 665 5199 hominis
688 5157 814 5217 quoque
837 5137 953 5214 officio,
983 5136 1136 5212 facinora,
1192 5140 1195 5144 ’
1296 5141 1307 5144 “
1382 5141 1392 5144 “
1866 5198 1873 5211 .

55 5294 61 5301 .
164 5211 289 5277 nullam
307 5216 447 5296 speciem
469 5218 621 5302 imaginis
637 5221 703 5285 Dei
720 5222 897 5301 intuentur,
916 5242 998 5304 quae
1015 5222 1050 5285 in
1067 5243 1138 5285 ma·
1258 5236 2071 5308 1)1ιο11111111.1611.16111667111111111111.
