4672 5842
96 343 157 404 ra
427 304 516 406 ure.
540 341 566 406 1.
611 342 676 407 nn
696 340 985 408 eoemrronn
1007 342 1091 408 nra
1113 340 1387 408 eurinome.
1432 340 1532 408 aar.
1555 340 1652 406 xm.
1673 342 1770 406 xre.
2045 348 2106 409 ne
2231 297 2234 300 ’

428 529 579 594 CAPUT
600 530 697 594 XIV.
717 531 742 615 ¹)
1043 535 1061 555 ⁶
1128 551 1196 594 sero
1234 530 1378 628 borribili
1413 531 1540 627 interitu
1573 531 1701 594 sentient
1732 536 1847 629 quanto
1879 533 1979 598 setius
2009 535 2107 615 fucrit

92 655 148 736 1.
177 654 271 764 na
302 655 431 737 a...
461 654 608 736 mune
642 666 687 736 e
716 685 857 738 rerum
890 657 1077 739 ..aa
1129 616 2004 699 ..a

94 775 308 857 creatione
341 775 592 886 scripturam
624 777 749 857 certis
781 778 892 858 notis
920 778 1075 860 diseer-
1130 786 1540 870 Aerqmtlr2m1)tntnrlau
1561 787 1720 866 Deopea'
1741 791 1949 868 conqueritur,
1978 791 2033 855 abt
2054 813 2106 856 ae·

229 924 330 976 nere
362 925 510 977 verum
541 895 683 977 Deum
715 928 740 979 a
769 897 928 979 fictitiis
1123 875 1233 956 perier
1261 876 1328 937 eius
1355 874 1506 937 uoluntate
1529 874 1692 956 tlaqitatur
1724 895 1830 938 rerum
1862 896 1965 939 causa.
2016 877 2105 943 Idem

840 954 843 968 '
931 961 939 978 ⁸
1128 959 1204 1024 alibi
1212 959 1241 1042 2)
1265 959 1435 1040 prudenter
1463 959 1618 1037 admonet,
1651 980 1708 1021 rien
1737 962 1843 1024 minus
1869 982 2037 1043 perperam
2067 964 2106 1028 de

185 1047 213 1108 1.
263 1045 449 1125 Quanquam
466 1044 621 1126 falsorum
638 1045 767 1109 deorum
788 1048 955 1111 cultoribus
976 1067 1075 1111 socor-
1127 1047 1289 1108 immensis
1310 1049 1479 1126 temporum
1501 1066 1595 1124 qnam
1614 1046 1748 1109 locorum
1765 1047 1880 1127 spatiis
1900 1051 2106 1126 quaestionem

94 1130 182 1194 diam
204 1132 314 1194 merito
336 1130 500 1211 exprobrat
521 1130 649 1194 Iesaias
671 1129 743 1213 (40,
762 1131 832 1215 21),
856 1135 937 1213 qued
958 1153 997 1196 cc
1018 1139 1077 1196 ter·
1127 1133 1250 1196 moneri.
1296 1129 1381 1194 Certe
1413 1132 1613 1210 quantumuis
1646 1132 1707 1195 late
1733 1137 1842 1211 pateat
1871 1134 2021 1198 coelorum
2048 1136 2106 1198 cir-

94 1236 151 1280 rac
183 1217 399 1297 fundamentis
430 1221 458 1280 et
490 1216 641 1280 coelerum
674 1218 791 1280 unebrlu
823 1240 884 1281 rien
909 1219 1076 1282 didicerint
1127 1218 1237 1295 ardus,
1260 1221 1426 1280 esttamen
1448 1217 1559 1296 ulique
1581 1217 1648 1279 eins
1669 1217 1827 1281 dimensio.
1868 1218 1962 1283 Nunc
1983 1221 2012 1282 si
2034 1222 2106 1300 qais

94 1303 244 1382 quisnam
277 1307 354 1365 esset
386 1322 478 1365 verus
506 1300 610 1378 Deus,
644 1322 724 1382 qaae
751 1309 853 1367 tamen
885 1310 930 1368 cst
956 1305 1076 1386 inqenli
1128 1324 1198 1366 cnm
1223 1303 1291 1365 Deo
1319 1302 1498 1381 expostult,
1532 1302 1612 1381 qued
1646 1303 1781 1383 ceretuplo
1808 1310 1929 1385 superet
1955 1309 2104 1385 remites,

94 1388 198 1450 ubstri
215 1388 352 1451 tarditas
370 1392 397 1450 et
414 1386 565 1465 hebetudo,
588 1399 706 1452 ruecssc
720 1389 793 1469 fuit,
816 1410 854 1452 ne
876 1390 919 1453 ad
938 1391 1076 1471 pontium
1128 1409 1231 1452 anne-a
1243 1389 1313 1469 piis
1330 1387 1471 1451 omnibns
1488 1388 1675 1452 detestabilis
1692 1391 1752 1452 erit
1762 1391 1964 1468 petulantia?
1986 1390 2106 1456 Eodem

92 1473 241 1555 fiprnenta
263 1473 426 1552 defluerent
445 1473 564 1553 fideles,
593 1475 773 1554 expressius
793 1474 862 1539 illis
882 1476 1008 1557 depinpi
1029 1497 1076 1538 ee·
1126 1474 1247 1554 ferroris
1260 1475 1434 1553 prosiliunt
1450 1476 1505 1554 qui
1525 1474 1756 1555 ecapitantl)ei
1773 1475 1878 1552 etium,
1901 1477 1981 1556 quod
2000 1497 2105 1541 cerum

94 1579 168 1622 rum
192 1558 305 1622 Deum.
352 1559 438 1622 Nam
467 1579 562 1639 quam
584 1559 717 1623 mauide
737 1562 780 1623 sit
800 1582 879 1640 qaae
901 1563 987 1642 apud
1002 1561 1076 1642 pbr>
1128 1561 1257 1623 arbitrio
1283 1561 1433 1623 mundum
1461 1565 1531 1623 arete
1558 1561 1725 1623 irununera
1753 1561 1878 1624 saccula
1910 1583 1971 1625 nen
2002 1564 2105 1628 condi·

95 1643 238 1725 lesopbos
265 1645 402 1708 manime
423 1645 592 1709 tolerabilis
613 1644 741 1709 babetur
762 1647 942 1727 descriptio,
971 1646 1076 1711 Deum
1100 1676 1102 1685 ·
1128 1647 1215 1710 derit.
1268 1645 1307 1710 Ut
1327 1665 1403 1708 suae
1424 1646 1592 1725 cupiditati
1613 1666 1727 1708 merem
1746 1651 1871 1727 perant,
1901 1652 1988 1710 entra
2015 1669 2105 1712 raum

93 1735 225 1794 merrtem
254 1750 319 1793 csse
345 1731 469 1809 mundi,
496 1731 603 1809 ipsum
628 1730 830 1810 faucib-iarius
856 1755 877 1795 u
904 1733 990 1796 nobis
1011 1753 1077 1815 cop·
1127 1730 1203 1794 dnm
1224 1731 1327 1813 eprcdi
1348 1732 1497 1811 affectunt.
1545 1732 1644 1810 erusi
1664 1751 1733 1795 ecre
1755 1728 1789 1794 in
1813 1736 1879 1794 tam
1901 1734 2008 1813 aneple
2030 1735 2105 1799 coel·
2182 1730 2188 1742 '

93 1816 179 1880 nosci
202 1837 312 1897 operae
328 1819 466 1896 pretium
489 1821 541 1895 cst,
563 1837 601 1880 nc
623 1836 742 1899 semper
763 1819 796 1880 in
820 1818 962 1901 anebique
981 1819 1076 1884 uacil-
1128 1823 1155 1880 et
1187 1823 1286 1881 terrac
1318 1817 1578 1897 drucmfercntia,
1610 1837 1670 1879 nou
1700 1819 1780 1881 satis
1808 1819 1906 1883 multe
1942 1824 2104 1883 ouurrant

95 1901 202 1966 huus.
248 1901 359 1982 Itaque
380 1901 542 1966 historiam
564 1903 726 1967 creationis
748 1910 871 1968 exstare
892 1904 1001 1983 uoluit,
1025 1906 1076 1968 cui
1128 1924 1207 1983 quae
1226 1902 1449 1966 inaestimabili
1475 1923 1532 1966 suo
1558 1903 1678 1984 fulporc
1704 1902 1884 1966 absorbeant
1910 1924 2019 1967 sensus
2042 1925 2105 1968 orn

95 1988 212 2051 innixa
235 1988 377 2052 ecclesiae
396 1989 474 2069 tides
495 2009 556 2051 nen
578 1989 678 2052 alium
700 1989 806 2054 Deum
832 1995 990 2070 quauerd
1010 1992 1076 2054 nisi
1127 2009 1181 2053 nes
1201 1993 1335 2066 nostros,·
1357 1989 1452 2067 quasi
1472 1990 1559 2052 intra
1578 2008 1634 2052 seu
1654 2009 1807 2052 annuum
1823 1990 1929 2052 millia
1945 1992 2104 2055 nonsatis

95 2074 150 2154 qui
172 2074 357 2155 prepositus
384 2079 427 2138 est
454 2095 475 2136 a
498 2073 587 2138 Mose
613 2075 716 2155 opifex
743 2077 854 2139 mmuli
881 2081 910 2140 et
930 2077 1075 2141 conditer.
1127 2076 1228 2139 multa
1253 2076 1431 2138 decurrente
1459 2075 1589 2138 ediderit
1615 2073 1719 2152 Deris,
1739 2076 1785 2141 ,ia
1812 2095 1942 2153 quorem
1971 2077 2103 2142 assidua

95 2158 170 2224 Illic
186 2160 293 2240 primo
315 2164 452 2224 inlatum
473 2165 518 2224 est
537 2164 669 2241 tempus,
702 2165 736 2223 ut
757 2162 900 2225 continua
922 2183 1075 2226 annorum
1126 2162 1324 2225 nuditatione
1344 2165 1457 2223 menites
1478 2165 1601 2223 nestrae
1621 2179 1655 2222 se
1675 2164 1840 2223 ecc-recent.
1875 2160 1960 2242 Erpa
1981 2161 2105 2226 libenter

94 2246 175 2309 serie
194 2245 301 2325 tidelm
322 2245 365 2309 ad
380 2246 524 2326 primam
545 2244 676 2309 humani
700 2249 822 2329 pencris
843 2253 870 2310 et
890 2268 996 2312 rerum
1014 2269 1075 2311 em·
1099 2244 1102 2332 Ι
1126 2265 1309 2311 marceamus
1335 2246 1451 2310 ircclusi
1478 2246 1529 2308 bis
1554 2246 1711 2322 cancellis,
1745 2245 1858 2326 quibus
1889 2267 1946 2309 nos
1977 2249 2106 2311 ciream-

94 2331 185 2394 uium
212 2331 362 2414 oripinem
382 2333 587 2412 peruenirent.
632 2333 717 2412 Quae
743 2334 886 2415 apprirm
912 2336 1002 2399 utilis
1032 2339 1077 2398 cst
1126 2331 1256 2397 scribere
1278 2331 1367 2394 Deus
1395 2331 1503 2409 coluit,
1534 2336 1562 2394 et
1588 2332 1681 2410 qnasi
1709 2337 1822 2395 mentes
1843 2336 1966 2396 nostras
1987 2337 2105 2397 ceretro-

96 2418 241 2498 coqaitio,
275 2436 337 2480 uon
364 2421 483 2480 tentum
510 2423 545 2481 ut
564 2418 755 2500 prediprosis
781 2419 914 2500 fabulis,
943 2421 1075 2500 quaein
1125 2419 1196 2483 berc
1216 2439 1254 2481 ne
1276 2418 1412 2499 repandi
1435 2417 1560 2480 lieentia
1581 2417 1768 2497 diffluerent.

14 2502 21 2523 '
96 2501 235 2584 Aeqypto
257 2508 285 2566 et
305 2503 383 2567 aliis
404 2507 504 2568 terrm
519 2503 627 2586 plapis
648 2505 722 2568 olim
741 2511 904 2588 pressatae
925 2511 1005 2584 sant,
1027 2507 1075 2569 eb
1213 2507 1240 2567 2.
1286 2501 1439 2567 Eiusdem
1460 2503 1593 2566 ratiems
1610 2508 1654 2566 est
1675 2503 1755 2582 qued
1776 2509 1889 2566 narrat
1907 2502 2020 2580 Moses,
2043 2525 2104 2568 non
2130 2564 2139 2577 ,

95 2589 295 2666 oiameatur,
318 2589 483 2652 sedetiam
500 2595 535 2653 ut
551 2590 666 2672 coquite
683 2592 794 2656 mundi
812 2592 936 2655 ereren
957 2592 1075 2656 clarius
1125 2594 1285 2667 momento,
1318 2590 1373 2653 sed
1400 2608 1455 2652 sen
1476 2588 1584 2653 dicbus
1611 2587 1784 2651 absolutum
1809 2591 1910 2669 tuisse
1931 2590 1995 2654 Dei
2016 2610 2103 2670 opus.

95 2675 211 2738 eluceat
242 2674 307 2738 Dei
340 2677 523 2753 aeternitas,
553 2695 667 2755 nosque
698 2677 732 2739 in
758 2678 811 2739 sui
838 2678 1074 2741 admirationem
1127 2676 1214 2740 Nam
1236 2680 1263 2740 et
1283 2674 1342 2738 bac
1363 2675 1596 2738 circumstantia
1623 2673 1662 2737 ab
1683 2675 1824 2738 omnibus
1843 2675 1997 2757 dprnurtis
2018 2676 2104 2741 eolli-

95 2761 198 2843 maqis
226 2761 341 2841 rapiet.
387 2760 494 2840 Neque
520 2781 589 2824 ecre
615 2782 732 2826 movere
758 2783 815 2827 nos
838 2763 921 2827 debet
936 2765 1074 2845 profurm
1123 2763 1230 2845 qimur
1252 2761 1294 2825 ad
1315 2762 1443 2824 unicum
1464 2761 1583 2837 Deum,
1611 2761 1722 2841 quiin
1744 2761 2102 2842 sendiesepassaum

94 2846 152 2910 dle
184 2846 401 2927 subsannatio,
430 2848 550 2910 mirum
578 2867 642 2912 esse
670 2868 727 2912 cur
752 2869 813 2912 reon
841 2850 934 2914 eitius
960 2850 1075 2914 cenerit
1124 2848 1259 2930 dipessit,
1282 2868 1319 2910 ne
1340 2848 1499 2911 neobstum
1520 2846 1606 2910 nobis
1627 2851 1703 2911 essct
1723 2847 1759 2909 in
1776 2847 1844 2910 eius
1861 2847 2102 2912 consideratione

93 2931 217 2996 Deoia
238 2937 381 3011 mentem,
404 2934 519 2997 coelum
541 2938 569 2996 et
589 2938 703 2998 terram
721 2935 860 3014 condere,
883 2936 937 3000 sed
957 2936 1073 2999 otiosus
1124 2934 1269 3015 occupari
1290 2938 1348 2997 tete
1366 2933 1449 2996 oilae
1470 2952 1572 2997 cursu.
1616 2932 1766 3012 Quamuis
1787 2932 1869 2995 enim
1891 2933 1972 2996 oculi
1993 2933 2100 3012 nostri,

94 3018 279 3082 immensum
313 3020 452 3100 spatium
478 3021 699 3102 praeterfluere
729 3023 851 3100 sicud,
890 3022 971 3102 qued
1003 3027 1072 3086 ante
1124 3021 1159 3083 in
1181 3039 1395 3100 quamcunque
1411 3023 1535 3100 partem
1557 3039 1589 3081 sc
1606 3022 1731 3096 cedent,
1754 3023 1903 3100 comedar
1923 3019 1958 3081 in
1975 3038 2102 3100 eperum

87 3104 234 3186 plurbua
261 3109 397 3169 aetatum
422 3105 526 3170 millia
552 3106 671 3187 efficere
692 3112 808 3187 posset,
835 3128 933 3188 quum
955 3109 997 3171 ad
1018 3128 1072 3172 seu
1123 3105 1187 3171 Dei
1219 3106 1335 3168 intuitu
1363 3106 1498 3182 caseri,
1531 3104 1671 3168 mdernm
1699 3109 1800 3168 tarmei
1825 3124 1920 3184 quam
1943 3104 2034 3183 fluxa
2059 3104 2103 3168 sit

93 3210 248 3254 annorum
269 3191 372 3255 millia
393 3193 530 3257 nendum
548 3194 720 3272 peruenerit
735 3194 845 3258 mundi
867 3194 910 3258 ad
926 3195 1072 3258 ultimum
1123 3193 1259 3268 attentio,
1288 3195 1315 3254 et
1342 3211 1436 3270 quam
1464 3191 1521 3254 cite
1545 3190 1767 3270 maducabant
1793 3190 1823 3253 si
1852 3210 1931 3269 quae
1958 3210 2014 3253 nos
2035 3195 2102 3255 tarr-

90 3276 184 3356 finem
212 3277 363 3359 cerpentis
387 3278 589 3342 diuturnitas.
636 3278 723 3342 Nam
749 3299 807 3343 cur
831 3281 952 3345 tancdiu
974 3281 1072 3344 diste
1120 3283 1196 3360 pent
1213 3279 1291 3359 piac
1321 3277 1522 3358 recitationes.
1575 3275 1639 3339 Hic
1667 3276 1761 3340 etiam
1793 3275 1935 3355 obstrepit
1960 3276 2101 3340 bremana

92 3361 163 3426 lcrit
185 3361 290 3441 Deus,
313 3383 407 3443 neque
424 3366 478 3446 fas
499 3368 543 3428 est
563 3363 650 3428 nebu
670 3365 841 3445 inquirere,
867 3387 963 3446 neque
985 3387 1072 3448 erepe-
1122 3365 1216 3442 ratio,
1245 3363 1338 3443 quasi
1365 3384 1386 3425 a
1407 3361 1471 3427 Dei
1493 3362 1632 3443 potatio
1658 3362 1754 3426 aliern
1784 3360 1903 3440 fuerim
1926 3362 2004 3426 tulcs
2028 3383 2101 3443 pre-
2220 3408 2223 3412 ,

91 3447 155 3524 dit,·
185 3447 261 3524 quia
288 3448 317 3510 si
345 3469 378 3512 eo
404 3471 501 3531 usque
524 3454 687 3531 penetrare
720 3453 878 3515 contendat
903 3472 990 3516 mem
1016 3452 1072 3517 bu-
1120 3470 1261 3533 pressus,
1290 3450 1382 3513 donec
1403 3447 1530 3511 subacta
1552 3448 1594 3511 ad
1613 3448 1688 3528 fidei
1710 3448 1888 3527 obsequium
1910 3449 2040 3527 quietem
2061 3448 2101 3512 ib

90 3552 201 3609 muna,
225 3533 332 3596 curtios
353 3535 388 3597 in
409 3537 518 3600 itinere
538 3537 662 3617 deficiet.
708 3537 816 3618 Neque
837 3538 931 3602 etiam
952 3539 1071 3621 ceperim
1123 3536 1187 3600 lam
1219 3536 1314 3600 celere
1345 3535 1450 3613 discit,
1482 3534 1524 3598 ad
1550 3554 1645 3614 quam
1672 3553 1728 3597 nos
1755 3534 1866 3597 landet
1891 3534 2015 3614 septimi
2037 3532 2102 3598 diei

90 3619 171 3683 utile
193 3621 271 3681 esset
291 3619 372 3698 qued
390 3619 479 3685 Deus
498 3623 579 3702 ipse,
601 3628 636 3685 ut
654 3622 730 3703 fidei
749 3630 871 3689 nostrae
891 3625 1072 3690 modestiam
1123 3623 1332 3702 sanctificatio.
1388 3620 1429 3683 In
1457 3621 1525 3701 ipso
1552 3624 1654 3683 autem
1680 3619 1787 3683 ordine
1812 3639 1919 3682 rerum
1940 3619 2102 3702 dilipentcr

86 3705 250 3787 probaret,
278 3705 415 3769 consulte
440 3707 536 3771 uoluit
562 3710 694 3773 celatum
717 3729 789 3773 csse.
833 3710 883 3774 Ae
904 3711 976 3774 scite
992 3712 1072 3791 pius
1123 3707 1365 3773 considerandus
1394 3711 1438 3769 est
1458 3710 1612 3787 paternus
1633 3705 1697 3769 Dei
1718 3726 1807 3769 emer
1828 3726 1901 3787 erpa
1929 3705 2101 3768 brunenum

92 3791 145 3855 illc
161 3789 303 3874 scnec,²)
319 3811 421 3870 quum
436 3798 599 3872 proluens
619 3797 777 3877 quispiam
799 3817 837 3859 cn
858 3816 891 3860 eo
907 3817 969 3876 per
991 3797 1072 3861 ludi·
1121 3815 1232 3877 qcnus,
1260 3794 1341 3874 quod
1369 3812 1430 3856 nen
1460 3796 1529 3855 ante
1556 3791 1669 3855 meavit
1691 3789 1799 3855 Adam
1828 3811 1922 3870 quam
1948 3792 2100 3855 reuredum

92 3875 196 3940 briam
223 3883 396 3956 quaereret,
424 3879 500 3958 quid
527 3885 598 3942 arete
623 3886 758 3945 uentrem
784 3883 936 3946 mundum
963 3884 1072 3965 episset
1123 3882 1207 3945 unni
1234 3879 1381 3943 bonerum
1408 3879 1497 3959 copia
1529 3876 1745 3957 locupletasset.
1798 3876 1884 3940 Nam
1913 3877 1942 3939 si
1969 3896 2039 3939 eum
2066 3877 2101 3938 iu

92 3961 206 4027 Deris?
226 3963 385 4044 respondit
402 3963 574 4044 damnasse
594 3967 709 4047 inferos
726 3970 866 4033 curiosis.
903 3968 990 4032 Haec
1011 3989 1072 4032 non
1123 3972 1207 4031 terra
1229 3965 1330 4029 adbuc
1349 3964 1450 4028 sterili
1472 3968 1498 4026 ct
1520 3984 1618 4026 uacua
1639 3962 1774 4041 locasset,
1797 3964 1827 4025 si
1849 3963 1946 4025 eitam
1968 3962 2102 4027 dedisset

92 4048 198 4112 minus
225 4050 336 4131 qrams
363 4070 458 4130 quam
479 4069 584 4113 severa
606 4053 773 4119 admonitio
795 4055 1072 4137 compescatlasci
1124 4058 1193 4117 ante
1220 4052 1331 4128 lucem,
1358 4052 1446 4113 ‘enus
1471 4049 1584 4131 fuisset
1612 4048 1680 4112 eins
1702 4048 1832 4111 utilitati
1856 4069 1974 4128 param
1995 4068 2101 4113 censu-

93 4134 193 4213 eiam,
217 4155 296 4215 quae
316 4136 429 4199 multos
453 4135 565 4212 titillet,
588 4138 719 4219 adeoque
740 4141 872 4222 impellit
892 4141 934 4204 ad
952 4161 1072 4222 pravas
1123 4139 1191 4204 lere.
1237 4137 1331 4202 Nunc
1353 4137 1405 4200 ubi
1433 4135 1509 4198 solis
1530 4139 1557 4198 ct
1583 4139 1740 4198 astrorum
1764 4138 1863 4197 motus
1883 4135 2038 4215 disposuit
2059 4133 2102 4198 ad

93 4221 252 4284 etneeias
272 4222 505 4302 speculatiuees.
538 4220 680 4303 limique
699 4227 943 4304 mmrirrerimus,
966 4227 1071 4290 Deum
1123 4246 1202 4290 usus
1227 4224 1393 4301 humanos,
1424 4225 1553 4298 turam,
1575 4240 1691 4301 equas,
1722 4240 1824 4284 acrem
1845 4220 2036 4283 animalibus
2055 4239 2101 4282 re

92 4306 185 4369 ellum
213 4307 400 4372 invisibilem
425 4313 454 4372 ct
484 4309 575 4372 cuius
607 4308 920 4390 incompreleensibilis
951 4319 995 4377 cst
1021 4335 1072 4377 sa
1117 4311 1223 4394 plenit,
1244 4312 1373 4392 fruqum
1393 4309 1531 4371 emnium
1548 4303 1774 4370 abunda-utiam
1791 4307 1924 4386 pretulit
1942 4326 2021 4383 quac
2040 4304 2088 4367 ul'

87 4393 219 4472 pientia
241 4394 343 4458 uirtus
364 4399 392 4458 et
413 4395 543 4472 iustitia,
568 4391 672 4458 Mesis
687 4395 851 4461 historiam
872 4400 988 4478 speculi
1009 4399 1071 4463 loco
1123 4399 1234 4461 neritis
1255 4396 1414 4477 sufficeret,
1437 4414 1545 4457 curam
1561 4393 1691 4473 procidi
1713 4399 1739 4456 et
1761 4393 1862 4456 seduli
1880 4392 1987 4472 patris
2006 4388 2100 4470 fami-

93 4477 180 4542 uobis
196 4498 377 4560 preponere,
399 4481 434 4544 in
455 4501 514 4560 quo
537 4481 610 4543 eine
632 4481 699 4544 eius
716 4483 832 4566 effipies
852 4485 970 4548 relucet.
1007 4485 1071 4549 Sic-
1125 4485 1188 4548 lias
1217 4482 1398 4563 suscipiens,
1432 4480 1599 4559 mirificem
1631 4499 1703 4561 erpa
1731 4498 1784 4541 nos
1813 4497 1905 4540 suam
1936 4475 2109 4539 bonitatem*

92 4565 138 4626 reti
162 4565 245 4627 enim
266 4565 349 4629 nibil
371 4566 511 4630 distinete
531 4571 658 4631 cernunt
679 4566 767 4646 oculi,
788 4569 833 4632 cel
855 4571 940 4633 senio
961 4570 1069 4650 obtusi,
1123 4569 1259 4635 ostendit.
1315 4567 1399 4647 Quae
1421 4566 1549 4629 breuiter
1570 4569 1689 4628 tantum
1709 4563 1819 4640 delibo,
1847 4563 1877 4624 si
1904 4560 2033 4640 quisque
2054 4565 2100 4623 ot·

92 4649 137 4712 uel
165 4649 229 4714 alio
261 4651 336 4716 nitio
364 4651 493 4729 lebetes,
527 4654 593 4717 nisi
620 4653 759 4735 specillis
787 4655 983 4735 adiuvantur,
1015 4657 1070 4737 ita,
1122 4656 1234 4720 tentius
1251 4653 1337 4736 apud
1353 4673 1385 4717 sc
1402 4652 1561 4734 expendat,
1579 4650 1726 4714 constetit
1743 4648 1854 4711 Mosen
1871 4652 1985 4710 certum
2002 4647 2100 4711 uerius

93 4755 172 4815 quae
192 4740 299 4800 nostra
320 4743 364 4802 est
385 4733 593 4817 imbecillitas,
613 4741 679 4803 nisi
699 4760 756 4803 uos
776 4740 895 4822 diriqat
915 4744 1072 4822 scriptura
1123 4744 1186 4807 Dei
1208 4740 1354 4806 creatoris
1376 4744 1478 4803 testem
1500 4758 1535 4800 ae
1549 4755 1731 4817 praeconem
1746 4735 1854 4816 tuisse.
1891 4732 2003 4798 Omitto
2020 4753 2100 4813 quae

93 4821 126 4883 in
148 4820 218 4904 Deo
238 4825 420 4903 quaerendo,
442 4825 547 4889 statim
568 4826 787 4891 marracinus.
831 4827 892 4907 Qui
914 4847 982 4891 ecre
998 4849 1072 4910 pro
1123 4830 1188 4892 ianr
1211 4827 1352 4910 esposui,
1383 4845 1444 4888 reon
1472 4824 1508 4887 dc
1536 4822 1622 4885 nuda
1648 4825 1767 4884 cainan
1790 4820 1853 4884 Dei
1880 4820 2012 4884 essentia
2033 4819 2100 4884 illic

93 4908 208 4972 terium
234 4928 311 4973 suae
338 4911 509 4994 indulqent,
542 4912 618 4992 quia
645 4932 726 4977 nunc
752 4912 877 4995 frustra
902 4919 1070 4996 nwmntur,
1120 4916 1191 4996 lieri
1212 4932 1394 4989 summan,
1423 4911 1475 4974 sed
1498 4915 1656 4973 aeternam
1683 4927 1800 4987 qnoque
1822 4907 1891 4970 elus
1912 4907 2099 4988 sapientiam

161 5129 190 5196 1)
211 5129 375 5199 Respondet
391 5132 454 5186 bure
474 5133 566 5200 Capiti
577 5100 767 5202 praecedentis
784 5137 912 5190 editionis
933 5137 998 5204 Cep.
1024 5137 1071 5190 VI.
1096 5096 1099 5203 l
1202 5092 1234 5095 -·
1684 5201 1689 5211 ,
2049 5198 2054 5207 .

93 5196 239 5268 §.ee-48,
257 5204 298 5254 ita
315 5205 410 5254 tamen
426 5208 457 5255 ut
474 5205 627 5270 suppressis
644 5204 667 5269 5.
682 5203 784 5258 26-29
803 5212 891 5260 tentus
908 5223 995 5260 noeirs
1013 5207 1072 5260 sub·
1194 5205 1222 5272 l)
1241 5206 1314 5258 Libr.
1335 5204 1367 5255 do
1387 5202 1484 5255 Genesi
1504 5209 1599 5253 eontra
1616 5200 1732 5252 Menrch.
1751 5199 1775 5263 2,
1794 5197 1905 5265 reuss
1976 5198 2005 5263 2)
2024 5197 2097 5249 Iabr.

92 5268 230 5321 ditaaarr.
300 5267 330 5336 2)
353 5267 392 5322 Gt.
411 5269 555 5339 Angustia.
574 5273 684 5324 confess.
703 5272 744 5338 11,
765 5272 797 5325 12
814 5272 882 5342 (14).
1096 5228 1100 5331 l
1124 5273 1156 5325 11
1175 5275 1208 5326 do
1227 5275 1336 5326 civitate
1350 5273 1400 5324 Dei
1419 5287 1440 5323 e.
1456 5269 1480 5321 5.

1854 5351 1893 5404 8*
