4672 5842
165 294 231 362 ‘aba
503 299 593 365 LIB.
616 300 676 367 IV.
720 302 784 366 DE
806 299 1043 368 EX'FERNIS
1064 300 1231 368 MEDIIS
1253 303 1318 369 AJ)
1341 299 1571 369 SALUTEM.
1616 302 1835 370 CAP.X1V.
2112 306 2173 369 958

168 489 286 553 tismus
307 495 342 551 et
359 508 460 553 coena
476 488 620 553 Domini.
656 489 792 572 Loquor
812 499 923 555 autern
945 488 985 553 de
1006 489 1047 554 iis
1065 510 1147 571 quae
1200 490 1349 557 sacerdos
1376 490 1439 556 fuit
1465 490 1620 558 Christus
1649 493 1766 576 (Hebr.
1800 496 1837 570 4,
1867 496 1906 553 14
1934 497 2022 570 615,
2048 498 2065 555 5
2088 498 2173 574 619,

167 575 204 638 16
233 594 329 637 66661
355 574 456 638 totius
485 574 640 640 ecclesiae
668 584 746 639 sunt
772 576 932 640 instituta.
977 575 1065 639 Nam
1085 576 1147 639 im·
1202 580 1256 654 11;
1278 575 1365 640 Phil.
1386 581 1418 653 2,
1434 580 1469 657 83
1492 578 1587 643 Rom.
1612 583 1641 656 5,
1668 578 1733 659 19):
1763 576 1932 728 pregrium
1952 577 2023 658 ipse
2041 580 2173 662 sangui·

168 660 364 744 positionem
380 679 549 738 manuum,
572 681 636 742 qua
653 661 807 726 ecclcsiae
828 662 971 726 ministri
993 662 1027 725 in
1049 682 1148 726 suum
1198 683 1274 727 nem
1304 661 1434 739 effudit,
1458 665 1591 730 vindma
1613 664 1683 747 ipse
1704 664 1774 728 1611
1842 664 1967 728 666161
1990 665 2174 746 661116116-

168 767 290 810 munus
317 745 507 823 initiantur,
540 752 575 810 ut
602 768 668 811 non
688 747 813 812 invitus
835 749 941 829 patior
963 748 1072 813 vocari
1094 768 1146 812 sa
1199 745 1344 812 dientem
1366 749 1401 813 in
1418 759 1558 815 mortem
1580 750 1712 815 obtulit:
1736 772 1801 832 qua
1819 747 2004 813 obedientia
2030 749 2173 816 hominis

169 839 383 908 aramentum,
407 832 455 895 ita
476 832 563 896 inter
584 831 751 898 ordinarie
771 841 978 898 sacramenta
995 854 1062 897 non
1084 855 1146 897 nu·
1198 833 1451 899 inobedientiam
1469 835 1612 902 abolevit
1633 856 1715 918 quae
1732 836 1797 901 Dei
1818 834 2080 918 indignationem
2096 857 2173 919 pro-

168 937 269 982 mere.
313 918 454 1000 Reliqua
473 925 584 981 autem
607 940 690 1000 quae
715 918 811 1001 vulgo
834 926 1058 996 recensentur,
1083 940 1145 1000 quo
1198 926 1381 984 vocaverat.

167 1003 239 1068 loco
261 1003 412 1069 habenda
440 1003 523 1081 sint,
554 1025 631 1068 mox
652 1004 845 1071 videbimus.
890 1003 1089 1086 Quanquam
1109 1006 1146 1068 in
1285 1008 1334 1069 22.
1380 1004 1552 1086 Quantum
1580 1006 1622 1071 ad
1649 1014 1761 1071 nostra
1784 1006 1915 1085 attinet,
1940 1004 2113 1071 Christum
2134 1027 2173 1072 eo

169 1088 318 1165 eundem,
341 1090 376 1153 in
404 1110 503 1171 quem
531 1111 621 1154 nunc
650 1101 763 1154 nostra
785 1089 974 1167 intendunt,
1003 1112 1145 1172 scopum,
1198 1091 1317 1156 clarius
1340 1091 1432 1156 nobis
1454 1094 1599 1157 offerunt
1626 1113 1689 1175 quo
1717 1093 1853 1176 propius
1874 1091 2102 1158 manifestatus
2124 1099 2173 1159 est

168 1182 203 1240 et
230 1181 342 1240 vetera
370 1174 429 1238 illa
455 1182 660 1256 spectarunt,
696 1197 813 1258 nempe
842 1184 880 1241 ut
908 1176 950 1240 ad
974 1174 1146 1240 Christum
1198 1176 1399 1254 hominibus;
1427 1201 1468 1243 ex
1490 1200 1553 1261 quo
1576 1199 1596 1242 a
1622 1186 1715 1261 patre
1743 1199 1836 1256 vere,
1864 1176 1967 1260 qualis
1993 1179 2173 1260 promissus

169 1261 358 1344 dirigerent,
382 1269 416 1324 et
437 1282 541 1343 paene
562 1283 664 1326 manu
687 1260 851 1341 ducerent,
881 1268 938 1326 aut
958 1262 1068 1344 ipsum
1088 1283 1145 1344 po·
1170 1326 1173 1333 ,
1197 1263 1317 1342 166161,
1348 1263 1514 1329 exhibitus
1541 1265 1612 1330 fuit.
1656 1265 1827 1346 Baptisma
1855 1263 1943 1327 enim
1971 1264 2063 1328 nobis
2086 1262 2172 1347 quod

168 1347 233 1411 tius
251 1368 310 1412 ceu
333 1347 397 1411 ima
424 1347 493 1411 'nes
514 1355 807 1429 repraesentarent,
829 1369 867 1412 ac
885 1346 1146 1431 cognoscendum
1196 1351 1328 1432 purgati
1352 1358 1385 1413 et
1411 1349 1514 1414 abluti
1537 1352 1638 1415 simus
1667 1351 1872 1427 testificatur;
1900 1369 2000 1413 coena
2021 1349 2172 1415 euchari·

165 1433 351 1515 preferred.
428 1453 507 1496 uum
536 1433 624 1496 enim
653 1435 718 1497 iam
740 1442 817 1497 ante
841 1433 1056 1511 docuerimus,
1075 1455 1146 1498 esse
1198 1435 1288 1513 stiae,
1311 1435 1398 1518 quod
1419 1435 1588 1520 redempti.
1626 1436 1667 1500 In
1690 1456 1774 1519 aqua
1795 1436 1956 1518 figuratur
1978 1434 2114 1514 ablutio;
2135 1435 2172 1499 in

167 1517 329 1601 quaedam
357 1518 465 1601 sigilla
492 1517 610 1600 quibus
631 1520 862 1601 promissiones
883 1519 949 1584 Dei
970 1518 1146 1603 obsignari·
1198 1521 1358 1603 sanguiue
1381 1522 1567 1587 satisfactio.
1600 1522 1693 1586 Haec
1715 1521 1778 1586 duo
1800 1522 1835 1584 in
1853 1519 1985 1585 Christo
2003 1522 2172 1603 reperiun-

167 1612 239 1682 tur,
273 1605 316 1669 sit
345 1613 455 1668 autem
486 1605 718 1684 certissimum,
753 1605 879 1669 nullam
908 1626 1054 1687 unquam
1080 1604 1146 1668 Dei
1198 1613 1266 1684 tur,
1290 1607 1360 1688 qui,
1389 1614 1427 1670 ut
1455 1609 1501 1671 ait
1529 1608 1668 1672 Ioannes
1696 1606 1728 1692 (l
1748 1607 1863 1672 Ioann.
1885 1610 1912 1682 5,
1933 1605 1983 1689 6),
2021 1607 2171 1671 venitin

166 1690 416 1773 promissionem
434 1689 621 1754 hominibus
638 1689 781 1755 oblatam
798 1690 863 1756 nisi
884 1692 920 1754 in
943 1690 1086 1769 Christo,
1109 1697 1147 1754 ut
1198 1711 1282 1774 aqua
1310 1701 1343 1756 et
1364 1695 1538 1777 sanguine;
1566 1694 1629 1757 hoo
1651 1700 1713 1770 est,
1743 1699 1780 1755 61
1800 1699 1958 1775 purgaret
1979 1698 2012 1755 et
2031 1690 2171 1756 redime·

167 1775 207 1841 de
236 1775 344 1857 aliqua
371 1776 436 1841 Dei
463 1777 679 1858 promissione
709 1798 769 1841 nos
792 1777 946 1855 doceant,
976 1775 1146 1841 Christum
1197 1788 1256 1842 ret.
1303 1777 1404 1843 Cuius
1426 1780 1474 1843 161
1494 1780 1586 1844 testis
1607 1799 1733 1861 quoque
1755 1786 1805 1842 661
1825 1778 1958 1859 spiritus
1980 1775 2052 1840 Dei.
2098 1777 2171 1841 Imo

167 1861 344 1928 ostendant
365 1883 498 1927 necesse
520 1868 577 1925 est.
619 1864 684 1943 Quo
699 1865 837 1943 perterret
857 1863 978 1928 66616616
997 1862 1078 1927 illud
1099 1868 1146 1926 to-
1198 1870 1265 1927 tres
1291 1865 1325 1927 in
1353 1886 1418 1928 uno
1446 1874 1524 1929 sunt
1549 1871 1663 1943 testes,
1687 1885 1786 1946 aqua,
1817 1862 1950 1947 sanguis
1972 1871 2006 1926 et
2026 1863 2169 1945 spiritus.

166 1949 326 2012 1161666611
353 1953 380 2013 61
408 1949 520 2031 legalis
540 1949 639 2013 661166
666 1948 839 2030 creamur,
869 1949 952 2029 quod
981 1947 1068 2013 Mori
1096 1947 1146 2012 ob
1198 1949 1240 2013 In
1268 1969 1352 2031 aqua
1378 1957 1411 2014 et
1443 1952 1602 2034 sauguine
1635 1949 1839 2033 purgationis
1872 1956 1905 2013 et
1936 1947 2170 2031 redemptionis

165 2033 417 2114 166166161161
437 2039 544 2099 monle.
579 2035 693 2100 Unum
711 2033 873 2098 duntaxat
891 2032 1066 2099 discrimen
1086 2040 1145 2111 est,
1199 2034 1358 2100 habemus
1386 2037 1623 2115 testimonium3
1646 2036 1780 2117 spiritus
1803 2056 1881 2101 vero
1901 2034 2078 2116 primarius
2105 2040 2170 2100 tes-

165 2119 252 2203 quod
274 2119 331 2183 illa
349 2118 520 2185 Christum
537 2121 744 2202 promissum,
763 2142 864 2202 quum
885 2119 993 2185 adhuc
1011 2141 1146 2203 exspec·
1198 2121 1240 2185 tis
1269 2120 1456 2186 huiusmodi
1485 2123 1661 2187 testimonii
1692 2131 1814 2187 certam
1841 2118 1935 2184 nobis
1961 2119 2060 2184 fidem
2082 2120 2169 2186 16611

165 2212 299 2282 1616161,
323 2204 570 2285 adumbrarem,
594 2207 675 2271 haec
692 2207 759 2270 iam
780 2205 975 2288 praestitum
997 2214 1030 2271 61
1051 2206 1145 2270 exhi·
1198 2203 1347 2271 Sublime
1368 2206 1456 2271 istud
1482 2208 1679 2292 mysterium
1707 2206 1873 2288 praeclare
1900 2204 1994 2270 nobis
2015 2207 2051 2269 in
2073 2205 2171 2271 Chri·

164 2291 271 2355 bitum
293 2299 466 2356 testantur.
1169 2278 1173 2359 l
1197 2294 1239 2357 sti
1267 2314 1361 2358 eruce
1389 2301 1556 2358 ostensum
1578 2301 1640 2371 est,
1669 2314 1770 2375 quum
1800 2312 1884 2374 aqua
1910 2299 1944 2355 et
1970 2293 2103 2376 sanguis
2125 2292 2171 2357 ef-

254 2382 303 2440 21.
348 2377 441 2441 Haec
459 2376 513 2441 ubi
531 2400 591 2461 per
608 2386 719 2461 partes
738 2399 775 2443 ac
793 2377 961 2460 sigillatim
980 2376 1145 2442 declarata
1196 2379 1364 2442 fluxerunt
1386 2400 1427 2443 ex
1449 2401 1540 2444 66616
1561 2381 1631 2444 6166
1652 2379 1755 2443 161616
1773 2377 1900 2463 (Ioann.
1923 2381 1972 2454 19,
1993 2378 2063 2462 34);
2086 2376 2173 2460 quod

137 2463 302 2540 1661161,
336 2463 439 2527 616116
466 2463 606 2529 61611616
633 2465 721 2529 fient.
773 2462 985 2528 Circumcisio
1013 2462 1144 2528 Iudaeis
1197 2482 1269 2528 eam
1292 2464 1333 2528 ob
1356 2486 1488 2529 causam
1516 2467 1587 2529 iure
1615 2464 1822 2548 Augustinus
1840 2461 1864 2545 ¹)
1892 2474 2172 2528 sacramentorum

165 2548 349 2633 symbolum
371 2556 442 2613 6161
464 2570 527 2632 666
551 2550 813 2625 admonerentur,
842 2548 998 2631 quidquid
1021 2570 1062 2612 ex
1086 2548 1143 2613 ho-
1168 2612 1171 2621 ,
1195 2556 1382 2615 6661161661
1403 2551 1527 2616 fontem
1548 2552 1707 2616 vocavit„
1729 2551 1781 2614 De
1803 2549 1920 2632 quibus
1942 2559 2054 2613 tamen
2075 2549 2172 2631 paulo

163 2634 263 2698 minis
291 2635 415 2700 semine
437 2637 560 2717 prodit,
590 2637 651 2700 hoc
679 2643 729 2699 661
756 2637 944 2701 universam
972 2635 1143 2698 hominum
1195 2635 1300 2700 fusius
1323 2634 1548 2702 disserendum
1571 2638 1637 2701 crit.
1681 2630 1771 2716 Quin
1799 2634 1931 2698 uberior
1953 2635 2052 2699 611616
2075 2636 2170 2717 spiri·

111 2783 113 2787 .
163 2728 318 2785 naturam
341 2729 529 2803 corruptam
546 2743 626 2800 esse,
649 2722 881 2803 putationeque
904 2719 1024 2785 habere
1046 2741 1142 2803 opus;
1196 2723 1376 2804 166616116
1405 2722 1459 2787 hie
1482 2745 1517 2787 66
1538 2723 1699 2805 proferat,
1725 2724 1753 2787 si
1774 2728 1904 2802 tempus
1927 2742 2003 2786 cum
2025 2729 2170 2802 tempore

162 2815 333 2889 praeterea
354 2806 586 2873 documentum
609 2829 647 2873 66
668 2807 867 2884 memoriale,
890 2828 953 2889 quo
975 2828 1045 2871 sese
1065 2827 1143 2872 eon·
1195 2828 1371 2889 compares,
1395 2829 1460 2873 non
1482 2807 1617 2872 dubium
1639 2814 1696 2873 661
1731 2807 1819 2871 Ν661
1840 2805 1874 2869 id
1896 2806 1938 2870 ad
1959 2807 2054 2889 regni
2072 2804 2170 2875 Chri·

162 2894 334 2957 firmarent
367 2894 402 2957 in
430 2895 644 2977 promissione
667 2892 822 2959 Abrahae
851 2892 929 2957 data
960 2891 1059 2975 (Gen.
1090 2895 1141 2971 22,
1195 2894 1237 2959 sti
1267 2892 1404 2977 gloriam
1436 2895 1592 2977 pertinet3
1626 2894 1723 2958 sicuti
1756 2915 1798 2957 ex
1824 2891 1974 2975 pluribus
2009 2891 2103 2969 locis,
2132 2913 2170 2957 ac

166 2980 236 3062 la),
267 2978 307 3042 de
334 2979 457 3044 semine
485 2980 654 3045 benedicto
682 2980 718 3043 in
744 3000 808 3061 quo
830 2977 1070 3044 benedicendae
1091 2999 1142 3044 es·
1193 2980 1386 3062 praesertim
1424 3000 1466 3044 cx
1499 2979 1637 3063 septimo
1670 2978 1805 3043 Ioannis
1839 2978 1944 3060 capite
1976 2977 2168 3060 colligimus.

164 3070 238 3128 seut
260 3083 372 3128 omnes
394 3065 543 3131 66116666
565 3073 685 3130 terrae:
716 3087 735 3130 6
763 3087 827 3147 666
850 3071 883 3129 61
904 3087 964 3129 666
984 3066 1064 3146 ipsis
1085 3064 1140 3129 be-
1197 3066 1262 3146 thc
1282 3085 1376 3132 sensu
1397 3067 1534 3146 66661616
1555 3070 1670 3146 oporte
1691 3064 1774 3130 illud
1793 3063 1901 3142 Pauli,
1924 3063 2054 3127 cosdras
2069 3063 2170 3144 scisse

163 3148 306 3214 nedietio
334 3151 555 3233 exspectanda
576 3161 654 3217 erat.
699 3153 804 3217 Porro
827 3150 969 3216 salutaro
988 3150 1070 3215 illud
1091 3172 1142 3216 se·
1193 3151 1251 3217 661)
1272 3152 1344 3234 1666,
1367 3171 1480 3234 corpus
1501 3153 1536 3217 16
1560 3151 1684 3216 Christo
1707 3149 1791 3236 (Col.
1812 3153 1842 3229 2,
1864 3149 1927 3233 17).
1974 3148 2080 3229 Neque
2101 3149 2171 3213 eius

163 3256 250 3311 men,
273 3235 546 3317 quemadmodum
566 3260 586 3302 a
606 3238 711 3303 Paulo
735 3237 888 3302 doeemur
910 3235 1000 3322 (Gal.
1026 3240 1054 3316 3,
1076 3237 1140 3320 16),
1194 3237 1357 3301 melium
1383 3243 1428 3303 cst
1449 3238 1613 3302 exinanire
1635 3257 1691 3301 sco
1712 3238 1818 3318 effecta
1839 3235 2015 3300 testimonia
2035 3234 2169 3316 6161166,

165 3329 236 3384 6161
254 3320 416 3400 Christus,
439 3324 476 3386 in
497 3344 561 3405 quo
584 3323 652 3389 solo
671 3332 859 3405 recepturos
877 3344 912 3387 se
935 3323 1142 3388 confidebant
1194 3324 1229 3387 ia
1250 3323 1363 3403 quidus
1384 3323 1459 3388 olim
1475 3323 1622 3405 putribus
1643 3342 1676 3387 sc
1701 3342 1841 3387 66166661
1855 3319 1992 3402 paudere
2011 3319 2100 3385 Deae
2121 3340 2170 3384 66

165 3405 251 3488 quod
284 3407 319 3471 in
346 3407 454 3472 Adam
483 3407 702 3491 perdiderant.
753 3408 864 3491 Quare
891 3409 956 3473 illis
982 3416 1053 3474 6161
1079 3411 1141 3474 cir·
1194 3408 1268 3486 1611,
1296 3429 1359 3473 coc
1385 3429 1473 3474 66666
1502 3431 1538 3475 oc
1565 3408 1764 3474 1611666116
1789 3408 1826 3471 111
1854 3406 2007 3487 duptam
2028 3411 2170 3471 6166616

164 3493 327 3570 eumcisio,
350 3494 436 3575 quod
458 3495 614 3560 Abrahae
636 3497 736 3562 fuisse
759 3494 861 3560 tradit
882 3494 1007 3562 Paulus
1030 3496 1139 3580 (Rom.
1193 3514 1295 3573 666116,
1317 3494 1372 3560 sed
1392 3495 1609 3578 6666666166,
1631 3493 1839 3577 magnifacere
1861 3493 1941 3574 quod
1958 3491 2046 3557 66116
2063 3492 2170 3556 1161166

163 3581 201 3653 4,
228 3578 298 3660 11),
327 3578 534 3662 signaculum
562 3582 686 3648 scilieet
711 3582 856 3646 iustitiae
883 3580 973 3645 fidei:
1003 3581 1065 3647 hoc
1092 3588 1141 3646 est
1194 3585 1246 3658 661,
1269 3600 1306 3644 ae
1330 3582 1521 3645 casimirum
1542 3579 1917 3646 66661016161161166616
1944 3577 2079 3643 61611166
2105 3597 2170 3643 csse

162 3663 308 3746 sigillum
344 3685 407 3746 quo
441 3666 562 3731 certius
589 3670 875 3744 confirmarentur,
904 3687 998 3731 suam
1031 3666 1140 3744 fidem,
1193 3666 1507 3750 16616666161666166.

162 3772 228 3834 qua
250 3770 363 3814 semen
384 3751 492 3832 ipsum
514 3754 763 3836 exspectabant,
791 3754 853 3819 sibi
876 3773 896 3816 a
917 3751 990 3816 Deo
1007 3773 1067 3835 pro
1089 3753 1141 3816 iu·
1280 3756 1330 3815 23.
1376 3750 1617 3819 Scholasticum
1640 3759 1751 3817 autem
1776 3749 1860 3814 illud
1882 3748 2014 3830 dogma,
2042 3754 2079 3808 ut
2106 3745 2167 3811 hoc

163 3836 255 3901 stitia
281 3846 447 3916 acceptam
474 3838 561 3902 ferri.
606 3838 673 3905 Sed
701 3861 761 3905 nos
788 3839 921 3904 meliore
950 3836 1028 3902 alibi
1050 3859 1141 3904 occa·
1192 3859 1320 3921 quoque
1347 3838 1452 3904 obiter
1477 3840 1714 3921 perstringam,
1743 3856 1806 3918 quo
1833 3843 1904 3898 tam
1936 3832 2071 3914 longum
2099 3830 2165 3895 dis-

163 3923 254 3986 sione
273 3922 528 3988 circumcisionis
546 3923 762 4008 baptismique
781 3925 1140 4007 comparationemlon-
1192 3925 1316 3989 crimen
1338 3919 1426 3990 inter
1448 3926 1568 3990 veteris
1590 3944 1628 3986 66
1648 3941 1753 3987 novae
1774 3920 1856 4002 legis
1883 3924 2087 3982 sacramenta
2107 3939 2165 3980 no·

162 4010 235 4091 gius
253 4028 496 4091 prosequemur.
530 4010 738 4092 Baptismata
749 4020 782 4076 et
791 4011 1036 4096 purificationes
1047 4030 1140 4075 suam
1191 4017 1295 4090 tatur,
1322 4010 1458 4093 perinde
1485 4030 1522 4074 ac
1544 4011 1572 4075 si
1593 4007 1651 4070 illa
1673 4027 1740 4069 non
1767 4003 1855 4068 aliud
1883 4024 1980 4085 quam
2002 4002 2067 4066 Dei
2090 4024 2165 4087 gra·

162 4094 227 4159 illis
250 4093 503 4171 immunditiem,
526 4097 726 4178 spurcitiam,
749 4098 962 4180 pollutionem
979 4102 1050 4162 6616
1070 4118 1139 4162 octe
1191 4097 1272 4161 tiam
1294 4095 1534 4172 adumbrarint,
1557 4094 1638 4158 haec
1659 4111 1737 4155 vero
1759 4095 1965 4172 praesentem
1987 4089 2165 4168 conferant,

162 4181 209 4245 166
229 4178 405 4263 ponebant,
428 4201 493 4262 qua
513 4181 549 4243 in
571 4201 631 4246 sua
652 4191 772 4247 661616
794 4183 1006 4249 contaminati
1028 4190 1138 4263 erant,
1190 4183 1322 4264 penitus
1351 4178 1592 4262 explodendum
1620 4185 1678 4242 est.
1724 4173 1895 4324 Siquidem
1924 4173 2029 4272 nihilo
2057 4175 2165 4257 splen-

163 4266 252 4330 aliud
279 4285 358 4331 vero
386 4266 556 4331 lavacrum
576 4266 826 4349 pollicebantur,
856 4289 920 4351 quo
947 4290 1061 4335 ornnes
1081 4291 1138 4334 ex·
1191 4267 1299 4333 didius
1318 4265 1358 4332 de
1379 4265 1445 4330 illis
1463 4264 1628 4348 apostolus
1646 4283 1745 4345 quam
1789 4260 2166 4357 616616661161,66661

162 4358 371 4435 tergerentur
413 4359 446 4416 61
481 4352 694 4418 abluerentur
726 4375 840 4418 eorum
873 4353 985 4420 sordes
1019 4354 1137 4438 (Hebr.
1191 4353 1284 4419 docet
1306 4350 1338 4435 (1
1360 4350 1434 4416 Cor.
1458 4356 1505 4428 10,
1527 4351 1699 4434 3),661166
1721 4346 1859 4412 eandem
1880 4346 2050 4411 nobiscum
2067 4367 2165 4444 spin-

164 4441 192 4516 9,
219 4443 232 4500 l
258 4446 292 4503 et
316 4438 380 4520 14).
425 4438 472 4503 Et
493 4438 554 4503 hoo
577 4438 745 4505 lavacrum
766 4439 920 4505 Christus
942 4447 1027 4505 erat:
1047 4441 1140 4506 cuius
1191 4440 1314 4504 1661661
1336 4455 1444 4503 666616
1465 4435 1690 4512 manducasse,
1710 4441 1744 4497 et
1761 4454 1869 4499 escam
1885 4433 1976 4496 illam
1995 4430 2165 4496 Christum

162 4526 322 4607 sanguine
346 4525 450 4588 abluti
479 4526 548 4590 eius
565 4525 738 4605 6611161116
761 4527 925 4607 afferimus
949 4528 984 4590 in
1002 4545 1140 4606 conspec-
1189 4525 1436 4607 interpretatur.
1471 4522 1556 4604 Quis
1577 4523 1675 4586 inane
1697 4521 1784 4586 ausit
1805 4519 1911 4584 facere
1935 4518 2066 4600 signum
2083 4515 2164 4580 illud

161 4614 230 4674 1616
250 4609 329 4687 Dei,
359 4616 393 4675 61
415 4612 653 4693 inquinamento
674 4611 781 4675 666116
799 4616 906 4676 nostro
928 4616 1008 4695 16661
1031 4610 1138 4694 (116·
1190 4610 1276 4693 quod
1297 4631 1410 4676 veram
1434 4609 1558 4676 Christi
1586 4606 1846 4672 communionem
1873 4603 2004 4669 Iudaeis
2031 4602 2165 4667 exhibe·

163 4716 239 4758 ann.
265 4699 292 4771 1,
313 4701 346 4775 7;
366 4697 466 4779 Apoc.
494 4702 520 4774 l,
546 4697 589 4780 5).
635 4694 804 4762 Sacrificia
828 4697 901 4761 illos
920 4718 997 4761 suae
1018 4697 1138 4778 iniqui·
1189 4696 1267 4761 bat?
1311 4697 1359 4761 Et
1385 4703 1490 4761 status
1518 4714 1633 4761 causae
1662 4714 1761 4776 quam
1796 4691 1863 4756 illie
1892 4688 1962 4774 agit
1989 4688 2164 4788 apostolus,

162 4779 242 4844 tatis
260 4781 447 4862 arguebant,
467 4783 629 4866 simulque
649 4781 814 4861 docebant,
832 4783 1049 4848 necessariam
1066 4803 1138 4848 esse
1188 4803 1248 4866 pro
1271 4780 1365 4847 nobis
1388 4803 1456 4846 non
1477 4781 1612 4846 obscure
1633 4779 1768 4857 militat;
1791 4798 1869 4841 nam
1891 4796 2024 4874 666616
2045 4772 2166 4858 frigida

162 4865 306 4946 6116116111
328 4868 580 4935 satisfactionem
608 4890 690 4951 quae
716 4867 836 4937 iudicio
859 4868 924 4933 Dei
946 4867 1135 4933 solveretur.
1189 4867 1315 4933 Christi
1337 4869 1537 4952 cognitione,
1559 4866 1714 4947 inanique
1737 4862 1971 4927 christianismi
1993 4861 2103 4939 titulo,
2127 4877 2165 4923 ac

161 4952 251 5017 Fore
262 4971 340 5033 6166
351 4972 514 5019 summum
531 4955 697 5039 quendam
717 4956 912 5038 pontificem,
931 4953 1018 5018 16161
1026 4954 1137 5019 Deum
1189 4955 1333 5020 externis
1354 4954 1540 5039 insignibus
1560 4952 1673 5031 fretus,
1697 4947 1761 5013 Dei
1779 4947 1938 5014 iudicium
1955 4955 2164 5013 contemnere

163 5045 198 5104 ot
231 5035 381 5101 homines
407 5038 634 5122 mediatorem,
669 5043 726 5124 qui
753 5042 825 5108 Deo
853 5041 1056 5106 661161666161
1077 5062 1137 5124 per
1248 5058 1260 5083 ⁴
2170 5075 2173 5079 ·

162 5122 334 5207 sanguinis
352 5123 555 5206 effusionem,
573 5128 750 5195 6611661166
766 5128 1035 5205 immolationem,
1054 5147 1136 5210 quae

160 5209 446 5276 inremissionem
467 5219 673 5293 6666616166
692 5215 864 5282 sufficeret.
900 5213 966 5281 Hic
988 5233 1136 5279 summus
1258 5227 1405 5297 61161611.
1423 5227 1600 5280 inlocnnem
1618 5223 1659 5291 15,
1678 5224 1695 5278 8
1713 5229 1841 5294 etsaepe
1861 5224 1935 5277 11161.
