4672 5842
186 298 251 361 sec
548 263 638 362 nris.
662 294 722 362 rv.
766 297 830 413 on
852 295 1090 365 uxrnnnrs
1112 296 1278 364 nunus
1301 295 1366 363 no
1389 297 1619 363 saturnu.
1664 297 1763 364 oar.
1786 299 1830 365 x.
2126 304 2192 368 sao

187 492 299 564 natae;
327 485 361 548 in
383 484 464 567 ipsis
486 484 694 558 concionibus
716 485 808 566 quies
830 507 867 550 ac
890 485 1072 564 silentium,
1094 486 1166 551 loca
1217 487 1273 569 pia
1305 493 1417 551 tamen
1450 494 1483 550 et
1516 487 1603 551 t'aoili
1636 487 1677 552 ad
1705 486 1950 570 obsequendum
1978 491 2194 572 propensione

187 571 364 648 destinata,
399 570 599 655 hymnorum
631 579 823 648 concentus,
856 571 925 636 dies
953 571 1166 637 celebrandae
1218 592 1358 650 servare,
1381 595 1447 638 non
1469 575 1679 656 contemptim
1702 573 1839 653 habere,
1864 596 1929 638 non
1952 576 2068 657 supina
2090 577 2194 660 negli-

187 656 325 722 Domini
343 677 462 723 coenae
485 656 637 738 praefixi,
661 655 747 738 quod
770 657 895 722 Paulus
916 665 1008 723 vetat
1028 680 1070 722 ne
1093 680 1164 722 mu·
1218 658 1331 741 gentia
1361 660 1555 740 praeteri1·e;
1585 667 1716 723 tantum
1738 659 1830 724 abest
1861 667 1898 723 ut
1949 681 1985 723 er
2011 662 2134 726 fastum
2161 669 2195 727 et

186 743 341 807 beream
365 742 499 808 ecclesia
522 741 659 807 doceant
681 742 712 825 (l
735 741 810 806 Cor.
838 747 885 821 14,
906 742 972 828 34),
996 753 1029 808 et
1051 744 1079 809 si
1101 765 1167 826 qua
1219 745 1456 809 contumaciam
1473 745 1596 809 violare
1615 754 1726 829 aperto
1744 745 1870 811 debeat.
1911 681 2035 826 Qualis,
2057 747 2193 830 inquies,

187 836 265 895 sunt
287 828 416 893 similia.
457 828 499 892 In
521 829 636 910 primis
657 850 735 894 vero
757 849 840 913 quae
862 827 1067 913 disciplinam
1089 852 1165 896 con-
1218 831 1254 893 in
1276 837 1370 894 tanta
1392 831 1600 896 observantia
1627 840 1661 895 et
1683 832 1833 895 cautione
1855 833 2073 897 conscientiae
2095 833 2194 897 liber·

188 923 337 991 servant,
366 924 403 978 ut
432 915 624 994 catechesis,
655 934 811 980 censurae
834 915 1087 994 ecclesiasticae,
1109 938 1165 980 er·
1218 923 1270 980 tas
1293 937 1363 980 esse
1384 916 1527 999 poterit?
1572 917 1644 982 Iino
1667 939 1743 982 vcro
1766 918 1933 999 praeclare
1956 918 2117 982 constabit
2138 919 2195 985 ubi

188 1000 455 1077 communicatio,
484 1001 620 1079 ieiunia,
649 1013 683 1065 et
703 1022 786 1083 qnae
813 1001 849 1064 in
876 1002 1017 1067 eundem
1046 1002 1166 1067 catalo-
1218 1001 1452 1084 reputabimus,
1476 1024 1543 1066 non
1565 1005 1648 1067 fixas
1671 1024 1741 1067 esse
1764 1012 1797 1067 et
1815 1012 1991 1086 perpetuas
2010 1005 2195 1070 sanctiones

190 1109 269 1171 gum
290 1087 405 1150 referri
434 1096 577 1168 possunt.
622 1086 676 1149 Ita
698 1107 812 1151 omnes
833 1087 1068 1154 ecclesiasticas
1090 1109 1166 1153 con·
1218 1088 1335 1170 quibus
1357 1089 1480 1153 astricti
1504 1090 1614 1167 simus,
1638 1089 1695 1154 sed
1714 1095 1851 1153 externa
1870 1089 2033 1154 humanae
2055 1091 2194 1155 infirmi·

188 1174 390 1248 stitutioncs‚
420 1193 500 1254 quas
528 1194 586 1255 pro
615 1175 734 1237 sanctis
763 1179 797 1235 et
825 1173 1022 1238 salutaribus
1050 1174 1166 1256 recipi·
1219 1166 1297 1238 tatis
1337 1173 1525 1239 rudimenta
1532 1199 1540 1254 ;
1581 1175 1697 1258 quibus
1731 1177 1862 1239 tametsi
1900 1196 1968 1239 non
2008 1175 2194 1260 indigemus

187 1280 278 1336 mus,
307 1259 343 1322 in
366 1258 430 1322 duo
456 1259 562 1340 capita
585 1260 705 1323 referre
727 1258 811 1323 licet.
857 1259 991 1323 Alterae
1014 1261 1102 1323 enim
1125 1259 1166 1324 ad
1219 1281 1347 1337 omnes,
1371 1267 1483 1324 tamen
1505 1281 1618 1326 omnes
1640 1261 1780 1338 utimur,
1810 1261 1887 1342 quia
1909 1260 1966 1325 alii
1988 1261 2060 1326 aliis
2082 1262 2123 1326 ad
2146 1262 2194 1326 fo-

189 1345 275 1409 ritus
298 1351 331 1407 et
351 1345 588 1421 caeremonias,
617 1345 738 1409 alterae
761 1344 802 1409 ad
826 1344 1032 1428 disciplinam
1053 1355 1087 1409 et
1109 1367 1166 1428 pa·
1220 1345 1361 1410 vendam
1390 1347 1477 1410 inter
1499 1368 1558 1411 nos
1580 1349 1751 1412 caritatem
1778 1355 1893 1411 mutuo
1915 1369 2028 1412 ennius
2051 1348 2191 1412 obnoxii

188 1452 261 1496 cem
282 1430 472 1512 respiciunt.
1218 1431 1291 1497 Hoc
1324 1432 1360 1495 in
1389 1432 1548 1516 exemplis
1576 1434 1728 1516 superius
1756 1433 1870 1515 positis
1894 1454 2126 1516 recognoscere
2152 1434 2193 1498 li-

277 1520 326 1580 30.
372 1513 440 1581 Sed
470 1516 547 1598 quia
579 1515 633 1581 hic
655 1516 837 1598 periculum
869 1526 933 1594 est,
967 1539 1009 1581 ne
1036 1517 1076 1581 ab
1099 1538 1167 1582 una
1219 1526 1276 1581 cet.
1323 1515 1435 1596 Quid?
1466 1540 1507 1583 an
1531 1519 1563 1582 in
1586 1519 1733 1584 mulieris
1756 1519 1889 1583 carbaso
1912 1518 1974 1583 sita
1996 1519 2111 1602 religio
2134 1526 2193 1599 est,

188 1612 281 1687 parte
314 1601 578 1685 pseudoepiscopi
611 1610 817 1684 praetextum
852 1601 928 1667 inde
961 1610 1094 1685 captent
1125 1602 1166 1668 ad
1219 1612 1256 1666 ut
1288 1603 1376 1674 nudo
1405 1605 1511 1686 capite
1540 1605 1651 1689 egredi
1680 1605 1724 1669 sit
1751 1603 1865 1669 nefas?
1905 1626 1947 1668 an
1975 1617 2127 1669 sanctum
2154 1603 2194 1670 de

189 1689 320 1771 impias
335 1707 410 1753 suas
433 1695 465 1751 et
492 1689 682 1772 tyrannicas
704 1688 793 1771 leges
815 1689 1032 1767 excusandas,
1056 1689 1097 1754 ab
1119 1688 1166 1753 al-
1219 1689 1290 1752 eius
1318 1689 1449 1753 silentio
1482 1689 1666 1770 decretum,
1700 1689 1785 1771 quod
1814 1690 1933 1755 violari
1961 1690 2032 1754 sine
2066 1711 2194 1755 summo

189 1781 261 1839 tera
281 1774 349 1839 sint
370 1773 504 1855 quidam
526 1774 624 1839 nimis
646 1773 843 1852 meticulosi,
866 1776 920 1857 qui
944 1775 1166 1857 superioribus
1219 1774 1341 1839 scelere
1371 1797 1436 1840 non
1464 1776 1586 1857 possit?
1622 1799 1664 1841 au
1687 1775 1808 1858 aliquid
1834 1776 1870 1840 in
1893 1775 2135 1859 genuflexione,
2158 1777 2193 1840 in

188 1860 285 1924 malis
318 1859 475 1923 admoniti
510 1859 638 1923 nullum
671 1859 851 1942 quamlibet
884 1862 1006 1926 sanctis
1038 1860 1166 1944 legibus
1220 1858 1386 1925 humando
1409 1862 1566 1927 cadavere
1587 1862 1792 1947 mysterium,
1816 1861 1901 1944 quod
1922 1861 2096 1944 praeteriri
2124 1861 2195 1926 sine
2240 1938 2245 1947 ,

189 1946 297 2011 locum
323 1945 524 2027 relinquant:
564 1945 617 2010 hic
646 1947 760 2010 testari
786 1966 903 2029 operae
935 1947 1077 2029 pret-ium
1106 1954 1165 2025 est,
1219 1946 1348 2028 piaculo
1372 1969 1439 2011 non
1469 1948 1592 2029 possit?
1634 1949 1782 2012 Minime.
1821 1947 1909 2011 Nam
1931 1948 1958 2012 si
1982 1947 2039 2011 tali
2061 1948 2194 2012 festina·

190 2053 245 2096 eas
257 2029 388 2095 demum
401 2031 564 2095 humanas
582 2032 830 2096 constitutiones
848 2053 901 2132 qne
918 2034 1064 2115 probare,
1083 2054 1166 2115 quae
1218 2033 1308 2096 tione
1341 2052 1422 2115 opus
1456 2034 1500 2097 sit
1532 2034 1663 2098 mulieri
1696 2035 1730 2098 in
1758 2032 1902 2098 iuvando
1936 2034 2084 2116 proximo
2111 2054 2194 2115 quae

191 2125 225 2182 et
235 2119 299 2183 Dei
318 2118 492 2182 autoritate
510 2117 665 2181 fundatae
685 2129 717 2181 et
735 2140 775 2181 ex
794 2127 956 2201 scriptura
975 2118 1166 2213 desumptae
1218 2117 1327 2183 velare
1358 2130 1456 2201 caput
1489 2142 1557 2183 non
1584 2121 1684 2198 sinat,
1713 2117 1799 2183 nihil
1833 2119 1994 2201 delinquit
2027 2120 2053 2183 si
2082 2126 2195 2201 aperto

189 2204 334 2287 adeoque
356 2224 489 2286 prorsus
512 2203 642 2267 dianae
664 2203 738 2268 sint.
770 2204 971 2286 Exemplum
988 2205 1031 2269 sit
1051 2206 1087 2267 in
1109 2225 1166 2287 ge-
1218 2206 1322 2286 capite
1352 2217 1510 2269 accurrat.
1561 2207 1607 2270 Et
1635 2215 1685 2271 est
1707 2205 1761 2270 nbi
1790 2205 1880 2287 loqui
1902 2227 1967 2269 non
1995 2204 2105 2270 minus
2138 2226 2194 2288 op·

160 2358 162 2362 .
189 2290 388 2355 niculatione
410 2311 493 2371 quae
520 2290 559 2352 fit
585 2289 664 2353 dum
692 2289 842 2354 solennes
869 2289 1033 2354 habentur
1053 2312 1165 2373 preca
1216 2299 1396 2372 portunum
1413 2291 1534 2368 illisit,
1557 2313 1656 2375 quam
1679 2291 1756 2357 alibi
1778 2304 1894 2356 tacere.
1940 2289 2093 2355 Stantem
2114 2311 2195 2373 quo·

190 2377 303 2440 tiones.
344 2374 537 2456 Quaeritur,
561 2376 645 2439 sitne
668 2376 814 2439 humana
833 2375 979 2453 traditio,
998 2398 1095 2459 quem
1114 2397 1165 2441 re-
1218 2397 1280 2458 que
1308 2397 1402 2440 orare
1424 2377 1481 2459 qui
1502 2379 1615 2443 morbo
1644 2377 1820 2460 impeditus
1847 2397 1984 2442 curvare
2007 2397 2116 2460 genua
2138 2396 2195 2441 ne-

189 2461 327 2544 pndiare
353 2461 407 2525 vel
436 2461 603 2545 negligere
635 2461 739 2527 cuivis
765 2461 869 2525 liceat.
914 2461 998 2526 Dico
1027 2463 1072 2527 sie
1095 2483 1165 2526 esse
1218 2463 1298 2544 quit,
1321 2461 1406 2525 nihil
1417 2471 1515 2528 vetat.
1549 2464 1700 2546 Denique
1723 2464 1826 2528 satius
1844 2471 1894 2527 est
1911 2473 2040 2526 mature
2058 2462 2195 2527 humare

191 2548 378 2625 humanam,
413 2555 450 2611 ut
483 2547 581 2610 simul
613 2548 656 2612 sit
677 2545 798 2612 divina.
843 2547 908 2611 Dei
936 2561 986 2612 est
1006 2557 1166 2630 quatenus
1217 2557 1401 2626 mortuum,
1425 2570 1521 2631 quam
1543 2551 1599 2615 ubi
1621 2549 1760 2614 linteum
1783 2549 1887 2626 deest,
1911 2547 1964 2612 ubi
1987 2569 2052 2612 non
2075 2548 2196 2612 adsunt

189 2655 266 2716 pars
289 2640 339 2698 est
360 2632 469 2698 decori
495 2633 583 2696 illins
609 2635 701 2698 cuius
730 2654 809 2697 onra
836 2643 869 2696 et
897 2633 1079 2698 observatio
1107 2656 1166 2698 ne
1218 2633 1273 2784 ἓθὶ
1296 2633 1469 2712 deducant,
1493 2643 1682 2717 exspectare
1705 2634 1785 2699 dum
1806 2634 1999 2698 inhumatus
2018 2641 2193 2716 putrescat.

188 2720 237 2785 bis
264 2741 324 2802 per
351 2719 535 2801 apostolum
558 2719 817 2799 commendatur;
846 2719 1017 2784 hominum
1046 2728 1164 2798 autem,
1247 2718 1286 2783 ed
1317 2729 1368 2784 est
1396 2721 1609 2786 nihilominus
1636 2723 1673 2785 in
1700 2721 1771 2786 istis
1790 2720 1898 2784 -rcbus
1921 2719 2005 2802 quod
2029 2719 2195 2803 agendum

189 2815 353 2888 quatenus
374 2805 558 2888 specialiter
580 2804 732 2888 designat
753 2804 837 2887 quod
860 2805 895 2868 in
918 2827 1037 2889 genere
1054 2807 1167 2870 fuerat
1218 2814 1276 2869 aut
1297 2806 1479 2871 cavendum
1502 2829 1572 2872 mos
1594 2809 1745 2891 replearis,
1773 2807 1938 2885 instituta,
1962 2806 2033 2888 ipsa
2055 2804 2194 2886 denique

189 2891 370 2957 indicatum
403 2892 510 2975 magis
541 2912 640 2973 quam
673 2891 867 2974 expositum.
910 2890 974 2976 ,Ab
1006 2892 1067 2958 hoe
1100 2913 1166 2956 uno
1199 2891 1408 2956 -humanitas
1441 2901 1474 2958 et
1506 2891 1684 2958 modestiae
1712 2893 1825 2977 regula
1854 2891 1967 2969 dictet;
1996 2891 2053 2955 ubi
2082 2891 2111 2955 si
2132 2891 2195 2954 im-

190 2977 340 3060 exemplo
373 2978 546 3042 aestimare
578 2977 656 3042 licet
682 2975 759 3060 quid
792 2976 833 3040 de
861 2982 928 3041 tcto
956 2977 1018 3042 hoo
1047 2999 1166 3062 genere
1217 2977 1395 3060 prudentia
1418 2986 1451 3042 et
1474 2978 1637 3045 oblivione
1658 2978 1736 3061 quid
1756 2986 1902 3042 erratum
1929 2977 2041 3056 fuerit,
2065 2976 2195 3041 nullum

190 3063 234 3125 sit
255 3062 475 3127 sentiendum:
504 3084 623 3147 nempe
644 3065 721 3146 quia
742 3064 906 3128 Dominus
928 3070 962 3127 et
984 3071 1088 3128 totam
1109 3085 1166 3129 ve·
1218 3061 1397 3128 admissum
1426 3066 1551 3130 crimen
1583 3073 1646 3145 cst;
1675 3066 1728 3130 sin
1755 3070 1960 3149 contemptu,
1981 3062 2195 3145 improbanda

190 3169 246 3211 rae
267 3148 410 3212 iustitiae
432 3170 610 3227 summam,
633 3162 666 3213 et
687 3170 799 3213 omnes
821 3149 929 3214 cultus
952 3149 1096 3214 numinis
1116 3150 1165 3214 sui
1218 3156 1268 3214 est
1300 3152 1512 3216 contumacia.
1569 3149 1732 3215 Similiter
1764 3150 1833 3215 dies
1865 3149 1928 3232 ipsi
1961 3149 2017 3231 qui
2050 3150 2130 3225 sint,
2161 3155 2195 3212 et

189 3240 315 3315 partae,
345 3243 377 3298 et
404 3233 560 3316 quidquid
588 3233 630 3299 ad
663 3235 803 3300 salutem
836 3237 1056 3300 necessarium
1084 3244 1164 3314 erat,
1218 3236 1328 3313 horae,
1352 3256 1437 3317 quae
1457 3236 1605 3302 locorum
1628 3246 1805 3315 stinctura,
1835 3236 1891 3319 qui
1913 3256 1977 3317 quo
2000 3234 2052 3299 dic
2074 3254 2194 3298 canan-

191 3319 291 3383 sacris
325 3321 391 3384 suis
429 3321 569 3385 oraculis
604 3328 673 3385 tum
712 3321 853 3386 fideliter
884 3322 1073 3404 complexus
1106 3330 1164 3401 est,
1218 3330 1273 3384 tur
1294 3320 1421 3403 psalmi,
1444 3323 1527 3387 nihil
1550 3325 1697 3389 interest.
1739 3323 1866 3387 Verum
1888 3329 1921 3385 et
1942 3331 2048 3386 certos
2070 3320 2138 3384 dies
2161 3327 2196 3384 et

190 3414 260 3467 tum
282 3407 450 3487 perspicue
473 3408 655 3487 enarravit,
682 3408 718 3471 in
741 3407 792 3472 his
821 3406 910 3472 solus
936 3409 1094 3491 magister
1117 3417 1167 3473 est
1219 3414 1321 3472 statas
1352 3428 1423 3472 esse
1464 3410 1561 3474 horas
1595 3411 1762 3488 convenit,
1796 3415 1829 3472 et
1862 3408 1971 3472 locum
2001 3406 2195 3490 recipiendis

190 3489 378 3556 audiendus.
435 3490 522 3571 Quia
555 3505 664 3558 autem
697 3493 732 3556 in
763 3501 901 3558 externa
928 3493 1100 3576 disciplina
1132 3502 1166 3559 et
1219 3493 1369 3557 omnibus
1391 3493 1560 3574 idoneum,
1590 3497 1618 3561 si
1640 3516 1705 3578 qua
1723 3493 1904 3560 servandae
1926 3494 2015 3575 pacis
2034 3494 2116 3557 ratio
2135 3493 2194 3557 ha·
2289 3520 2295 3533 ·

190 3576 402 3641 caeremoniis
428 3599 494 3642 non
516 3579 622 3643 voluit
648 3579 818 3663 sigillatim
866 3578 1064 3645 raescribere
1086 3579 1164 3662 quid
1218 3578 1322 3652 betur.
1368 3580 1455 3644 Nam
1482 3591 1681 3665 quantarum
1703 3582 1851 3646 rixarum
1879 3601 1992 3645 semen
2020 3581 2131 3643 futura
2152 3579 2196 3644 sit

190 3663 281 3744 sequi
315 3661 490 3727 debeamus
524 3663 626 3748 (quod
651 3664 740 3731 isthd
766 3687 831 3748 pen
855 3686 952 3729 erea
981 3673 1165 3748 temporum
1218 3685 1331 3729 earum
1353 3686 1461 3730 rernm
1487 3668 1646 3746 confusio,
1671 3668 1698 3733 si
1726 3676 1823 3750 prout
1845 3667 1961 3748 cuique
1988 3665 2120 3729 libitum
2142 3664 2193 3739 sit,

189 3747 376 3812 conditione
403 3750 603 3830 provideret,
638 3773 744 3833 neque
770 3750 929 3816 iudicaret
962 3773 1063 3815 unam
1095 3772 1165 3816 sae-
1218 3758 1347 3815 mutare
1363 3751 1462 3816 liceat
1478 3775 1560 3836 quae
1580 3754 1620 3818 ad
1640 3773 1848 3819 communem
1866 3759 1988 3816 statum
2006 3747 2192 3831 pertinent?

170 3834 272 3900 culis
305 3833 455 3899 omnibus
493 3836 631 3901 formam
666 3839 869 3923 convenire),
909 3837 1083 3920 confugere
1112 3837 1165 3905 hic
1219 3835 1348 3919 quando
1382 3860 1552 3921 nunquam
1584 3841 1734 3904 futurum
1767 3846 1821 3902 est·
1849 3845 1886 3900 ut
1924 3833 2073 3899 omnibus
2106 3832 2194 3897 idem

189 3927 319 4003 oportet
340 3919 381 3984 ad
405 3922 580 4007 generales
595 3943 676 4003 quas
699 3923 788 3987 dedit
811 3922 958 4007 regulas,
987 3931 1025 3986 ut
1047 3922 1086 3987 ad
1110 3944 1166 3990 eas
1218 3924 1359 4006 placeat,
1389 3925 1417 3987 si
1440 3947 1508 4002 res,
1531 3926 1677 3990 velutin
1699 3922 1805 3987 medio
1828 3922 1966 4003 positae,
1990 3919 2194 4003 singulorum

189 4007 366 4090 exigantur
387 4028 597 4090 quaecunque
618 4008 659 4072 ad
681 4009 828 4074 ordinem
846 4018 880 4074 ct
901 4008 1054 4073 decorum
1070 4031 1165 4091 prae-
1219 4009 1354 4074 arbitrio
1376 4009 1510 4075 relictae
1531 4011 1662 4075 fuerint.
1709 4006 1805 4088 Quod
1828 4008 1856 4071 si
1878 4008 1951 4088 quis
1973 4005 2140 4088 obstrepat
2162 4013 2195 4070 et

189 4094 254 4175 cipi
281 4094 457 4157 necessitas
485 4092 638 4158 ecclesiae
658 4094 842 4177 postulabit
886 4095 1066 4174 Postremo,
1088 4097 1166 4179 quia
1217 4095 1292 4178 plus
1314 4116 1427 4177 sapere
1450 4094 1503 4161 hic
1525 4095 1607 4160 velit
1627 4115 1725 4177 quam
1747 4098 1883 4174 oportet,
1906 4090 2026 4157 viderit
2043 4093 2113 4176 ipsc
2131 4113 2196 4175 qua

190 4179 262 4243 ideo
291 4178 377 4242 nihil
398 4200 591 4261 expressum
613 4179 757 4258 tradidit,
780 4182 858 4263 quia
878 4203 938 4247 nec
961 4180 1002 4246 ad
1024 4182 1166 4248 salntem
1217 4181 1439 4246 morositatem
1462 4202 1558 4244 suam
1579 4181 1705 4245 ratione
1728 4177 1871 4243 Domino
1894 4177 2057 4261 approbet.
2092 4177 2195 4242 Nobis

191 4266 270 4330 haec
292 4266 477 4330 necessaria
498 4274 590 4343 sunt,
614 4274 647 4328 et
667 4287 726 4348 pro
746 4267 890 4332 moribus
911 4270 1166 4350 uniuscuiusque
1217 4274 1327 4331 tamen
1354 4265 1442 4329 istud
1464 4266 1562 4330 Pauli
1590 4267 1622 4351 (l
1649 4265 1722 4331 Cor.
1744 4269 1792 4343 ll,
1820 4263 1873 4348 16)
1903 4265 1982 4329 satis
2010 4264 2116 4329 facere
2139 4262 2195 4327 de-

190 4350 348 4434 gentisao
366 4351 487 4417 saeculi
505 4352 595 4416 varie
615 4349 849 4416 accommodari
869 4352 988 4418 debent
1004 4353 1045 4417 ad
1063 4354 1165 4418 eccle-
1217 4352 1288 4432 bet,
1324 4372 1383 4416 nos
1417 4350 1632 4417 contendendi
1665 4373 1791 4416 morem
1818 4372 1886 4416 non
1918 4351 2054 4429 habere,
2088 4369 2195 4431 neque

189 4437 255 4502 siae
278 4437 546 4516 aedificationem,
569 4444 668 4520 prout
689 4436 842 4502 ecclesiae
864 4438 989 4504 utilitas
1009 4441 1164 4521 requiret,
1218 4438 1370 4505 ecelesias
1393 4435 1466 4500 Dei.
1705 4438 1722 4456 ⁶

186 4530 257 4613 tam
279 4524 419 4588 usitatas
440 4530 569 4589 mutare
591 4530 624 4587 et
651 4522 808 4606 abrogare
829 4545 926 4606 quam
948 4545 1050 4589 novae
1071 4525 1166 4590 insti·
1305 4528 1354 4588 32.
1400 4523 1504 4589 Porro
1523 4546 1653 4590 summa
1670 4523 1842 4607 diligentia
1862 4518 2117 4586 incumbendum
2135 4526 2194 4599 est,

175 4615 281 4672 'tuere
303 4611 481 4674 conveniet.
526 4607 837 4691 Fateorgequidem
855 4630 922 4673 non
945 4618 1082 4688 temere,
1105 4631 1166 4675 nec
1218 4631 1260 4674 ne
1281 4611 1353 4693 quis
1371 4612 1496 4692 irrepat
1514 4632 1607 4676 error
1625 4612 1681 4693 qui
1697 4631 1820 4693 purum
1839 4610 1926 4673 hunc
1954 4629 2052 4672 nsum
2069 4606 2122 4670 vel
2143 4608 2194 4670 in·

188 4693 343 4772 subinde,
371 4717 431 4761 nec
452 4695 582 4762 levibus
604 4695 644 4760 de
666 4695 774 4760 causis
797 4694 838 4759 ad
860 4696 1068 4761 novationem
1095 4716 1168 4760 esse
1217 4696 1308 4760 ficiat
1335 4697 1388 4761 vel
1421 4696 1580 4762 obscuret.
1631 4695 1727 4777 Quod
1765 4694 1897 4777 quidem
1932 4691 2133 4757 obtinebitur
2168 4693 2196 4756 si
2240 4748 2243 4753 ,

188 4778 436 4845 decurrendum.
487 4779 556 4847 Sed
576 4781 655 4863 quid
681 4787 797 4845 noceat
822 4780 876 4845 vel
897 4780 1059 4859 aedificet,
1083 4783 1167 4847 cari·
1218 4801 1432 4868 quaecunque
1455 4791 1552 4847 erunt
1577 4783 1820 4848 observationes
1842 4780 2048 4845 manifestam
2070 4778 2195 4842 utilita-

188 4873 240 4928 tas
272 4865 391 4947 optime
422 4867 591 4932 iudicabit:
625 4888 724 4951 quam
752 4867 781 4932 si
814 4864 1062 4932 moderatricem
1095 4887 1166 4934 esse
1219 4877 1286 4932 tem
1318 4889 1396 4950 prae
1430 4890 1464 4933 se
1498 4870 1618 4947 ferant;
1658 4868 1687 4933 si
1719 4866 1930 4951 parcissimae
1962 4865 2193 4943 admittantur;

187 4952 359 5035 patiemur,
382 4953 474 5019 salva
495 4961 594 5018 erunt
614 4955 733 5019 omnia.
1218 4954 1426 5039 potissimum
1448 4976 1525 5018 vero
1547 4955 1576 5019 si
1597 4951 1731 5019 accedat
1751 4952 1857 5017 fidelis
1875 4951 2014 5034 pastoris
2035 4951 2192 5029 doctrina,

275 5040 324 5101 31.
376 5037 449 5102 Iam
476 5061 554 5105 vero
587 5040 758 5106 christiani
787 5039 899 5124 populi
933 5038 1075 5105 officium
1106 5049 1164 5120 est,
1219 5059 1302 5123 quae
1323 5040 1435 5123 pravis
1458 5039 1666 5123 opinionibus
1687 5039 1776 5106 viam
1797 5037 1996 5122 praecludat.
2024 5036 2118 5103 Haec
2135 5058 2194 5103 au·

187 5144 270 5205 quae
310 5123 491 5189 secundum
529 5124 618 5192 hunc
655 5147 815 5193 canonem
847 5125 973 5191 fuerint
1002 5125 1165 5204 instituta,
1218 5134 1286 5191 tem
1304 5127 1445 5208 cognitio
1467 5125 1552 5205 lacit,
1571 5134 1613 5199 ¹ut
1633 5145 1694 5191 sna
1714 5126 1831 5208 cuique
1852 5125 1886 5189 in
1905 5123 1958 5190 his
1974 5124 2072 5189 rebus
2090 5124 2193 5189 omni·

186 5207 292 5274 libera
324 5208 457 5291 quidem
484 5212 696 5293 mnscientia,
734 5213 891 5297 nullaque
924 5212 1165 5297 superstitione,
1218 5214 1279 5278 bus
1302 5210 1435 5276 libertas
1458 5218 1600 5293 constet;
1628 5220 1663 5277 et
1688 5210 1853 5294 quandam
1879 5211 2094 5276 nihilominus
2115 5230 2193 5276 suae
