4672 5842
165 307 228 370 953
501 304 590 370 LIB.
612 305 673 370 IV.
717 305 781 370 Du
802 301 1037 370 aurasius
1059 301 1225 369 Munus
1247 304 1311 370 AD
1334 301 1564 371 saturam.
1609 303 1708 370 CAP.
1730 304 1826 370 XIV.
2103 311 2166 374 954

164 494 251 560 dieo:
270 492 399 576 quando
416 493 540 577 inipso
558 500 660 558 totam
678 492 801 558 habeut
823 513 915 559 suam
933 491 1138 569 soliditatem,
1191 512 1324 558 eceman
1349 493 1489 558 mauebit
1540 492 1732 558 Cavendum
1759 500 1929 574 praeterea
1957 516 1998 559 ne
2020 495 2055 559 in
2077 517 2166 562 erro·

164 603 225 645 nec
247 577 424 662 quidquam
447 587 541 644 extra
562 580 670 662 ipsum
692 580 894 663 promittunt.
943 579 1009 659 Quo
1034 579 1140 642 minas
1191 601 1262 644 rem
1279 579 1377 642 huius
1399 581 1532 644 affinem
1548 601 1608 644 nos
1625 578 1788 644 abducant
1809 600 1892 662 quae
1905 579 1947 645 ad
1965 581 2166 663 amplifican-

165 665 337 731 toierobilis
359 686 445 729 error
464 671 508 730 est
531 666 619 730 Petri
640 665 825 743 Lcmbardi,
839 665 864 748 ¹)
894 665 950 744 qai
970 665 1081 728 diserte
1102 684 1140 728 ea
1192 665 1268 730 darn
1296 672 1575 730 sacramentorum
1597 664 1793 749 dignitatem
1823 665 1922 748 paulo
1950 667 2165 749 magnificen-

163 753 305 817 iartitiae
332 756 360 815 et
386 751 500 816 salutis
524 771 638 816 causas
661 752 738 833 facit
764 771 897 831 quoram
917 755 1027 830 partes
1058 755 1139 814 suat.
1191 752 1256 815 tius
1278 773 1298 814 a
1318 750 1483 815 veteribus
1505 752 1626 833 scripta
1647 758 1738 815 sunt:
1763 759 1801 814 ut
1826 752 1949 817 seilicet
1969 753 2165 819 arbitremur

169 838 283 918 Itaque
304 838 411 903 causis
431 838 581 917 ommibus,
604 857 685 919 qaas
705 837 767 901 sibi
788 836 878 919 aspa
899 836 1034 899 hominis
1055 837 1139 918 ispe·
1191 838 1348 902 latentem
1368 836 1510 920 aliquam
1528 837 1683 902 virtutem
1705 839 1917 903 saera-mentis
1936 858 2100 902 annexam
2117 842 2165 903 af·

165 926 271 1002 aiam,
299 924 402 988 colem
428 925 541 1002 iussis,
569 944 626 988 aas
652 924 687 987 ia
706 923 764 987 iac
784 925 881 987 amica
902 922 1030 986 retineri
1051 922 1138 987 decet.
1191 924 1356 1005 fixamque
1379 944 1464 1002 esse,
1495 944 1558 1005 quo
1577 925 1649 1004 ipsa
1670 943 1729 1004 per
1751 944 1785 988 se
1807 924 1942 1007 spiritus
1964 926 2068 989 sancti
2089 945 2164 1008 gra-

164 1009 336 1090 Quantum
358 1009 461 1092 igitur
488 1018 559 1074 tum
587 1008 629 1074 ad
651 1030 763 1075 veram
786 1008 911 1073 Christi
934 1008 1083 1072 notitiam
1104 1008 1140 1071 in
1191 1010 1255 1073 tias
1277 1008 1371 1073 uobis
1392 1009 1578 1092 conferant,
1605 1008 1879 1090 quemadmodum
1900 1011 2015 1075 viuum
2036 1011 2071 1074 in
2093 1032 2164 1076 cra·

163 1096 258 1160 nobis
276 1093 465 1173 fovendam,
488 1094 762 1172 confirmandam,
785 1094 982 1178 aagendam,
1004 1100 1077 1157 tum
1099 1093 1141 1158 ad
1193 1104 1261 1159 tere
1287 1092 1497 1177 propinatum
1531 1116 1632 1177 quum
1665 1093 1727 1159 hoc
1758 1090 1889 1160 tantum
1915 1097 1984 1161 iilis
2011 1097 2164 1163 divinitas

163 1203 240 1247 eum
261 1181 392 1264 plenius
413 1181 654 1263 possidendum,
676 1180 895 1263 fruendasquc
917 1181 986 1244 eius
1008 1179 1140 1245 divitias
1193 1182 1366 1245 trituratum
1387 1182 1429 1244 sit
1447 1200 1571 1260 marrus,
1593 1180 1762 1245 testificari
1782 1182 1876 1246 nobis
1898 1202 1936 1245 ao
1956 1183 2079 1247 sonare
2099 1183 2164 1248 Dei

162 1267 296 1331 illorum
317 1267 499 1332 ministerio
522 1265 731 1344 adiuvamur,
755 1272 886 1330 tantum
908 1264 994 1348 apud
1016 1287 1076 1330 nos
1094 1265 1140 1330 ef·
1192 1268 1227 1330 in
1254 1288 1313 1331 nos
1341 1267 1616 1342 benevolentiam,
1651 1287 1711 1331 uec
1738 1267 1875 1332 ulterius
1901 1270 2073 1350 proficiant
2099 1270 2164 1334 nisi

163 1354 295 1419 ficaoiae
325 1352 454 1417 habent
500 1352 541 1417 Id
567 1361 676 1417 autem
703 1355 741 1416 fit
769 1353 825 1417 ubi
847 1351 933 1434 qnod
954 1351 1021 1416 illic
1044 1352 1140 1416 offer·
1193 1353 1364 1418 accesserit
1374 1353 1508 1435 spiritus
1519 1360 1651 1417 sanetus
1668 1353 1723 1433 qui
1740 1360 1922 1417 montosae
1939 1352 2036 1418 corda
2052 1361 2166 1420 nostra

162 1449 228 1518 tur,
252 1460 331 1503 vera
352 1438 416 1503 fide
437 1440 640 1521 suscipimus.
684 1439 826 1522 Ergone,
854 1437 991 1519 inquies,
1014 1437 1048 1502 id
1071 1437 1140 1502 effi·
1193 1439 1338 1521 aperiat,
1371 1458 1496 1521 nosque
1529 1438 1628 1502 huius
1659 1439 1840 1503 testimonii
1856 1447 1858 1450 ’
1872 1460 2005 1522 capaces
2037 1439 2163 1506 reddat.

163 1527 256 1592 ciunt
278 1546 337 1589 sua
359 1524 597 1607 ingratitudine
618 1525 724 1606 impii,
753 1533 792 1588 ut
819 1523 923 1587 irritar
939 1525 982 1588 sit
1004 1524 1068 1588 Dei
1088 1544 1140 1587 or·
1192 1524 1257 1589 Ubi
1280 1524 1379 1587 etiam
1399 1524 1511 1589 variae
1534 1523 1768 1606 distinctaeque
1789 1525 1853 1589 Dei
1873 1525 1998 1608 gratiae
2018 1526 2165 1591 luculen-

163 1610 301 1687 dinatio,
324 1631 361 1675 ao
386 1611 420 1673 in
450 1611 591 1674 nihilum
611 1610 735 1676 cedat?
779 1610 982 1691 Respondeo,
1005 1630 1072 1674 non
1094 1609 1140 1674 sio
1193 1617 1244 1673 ter
1266 1611 1418 1674 eminent.
1457 1608 1672 1675 Sacramenta
1689 1611 1786 1689 enim,
1810 1618 1847 1674 ut
1868 1632 1968 1694 supra
1987 1612 2165 1694 attigimus,

162 1695 415 1778 intelligendum
442 1696 528 1778 quod
556 1696 640 1774 dixi,
669 1698 761 1779 quasi
789 1696 830 1761 ab
857 1697 927 1760 eius
949 1697 1004 1777 qui
1025 1696 1142 1778 recipit
1192 1696 1227 1760 id
1249 1704 1326 1760 sunt
1347 1696 1440 1760 nobis
1462 1718 1482 1759 a
1499 1696 1570 1760 Deo
1588 1694 1673 1777 quod
1695 1695 1736 1760 ab
1758 1696 1944 1762 hominibus
1966 1718 2077 1761 rerum
2098 1697 2166 1761 lae-
2243 1730 2247 1743 ·

162 1781 351 1848 conditione
390 1791 448 1846 aut
478 1783 612 1847 arbitrio
645 1785 695 1849 vis
728 1792 761 1847 et
790 1784 912 1846 veritas
944 1781 1141 1846 sacramenti
1193 1789 1302 1845 tarum
1321 1783 1442 1859 nuntii,
1464 1781 1510 1846 nel
1531 1780 1645 1864 arrhae
1666 1784 1702 1846 ia
1719 1783 1825 1863 pactis
1844 1783 2036 1848 sarreicadis:
2063 1789 2167 1864 utpote

162 1868 314 1952 pendeat.
358 1868 476 1933 Manet
497 1870 584 1932 enim
608 1871 740 1933 firmum
766 1868 852 1950 quod
875 1869 965 1932 Deus
987 1868 1139 1945 instituit,
1193 1887 1275 1948 quae
1303 1888 1368 1931 nou
1396 1887 1415 1929 a
1442 1888 1477 1932 se
1503 1866 1634 1950 quidem
1661 1868 1847 1950 largiantur
1873 1867 1996 1951 aliquid
2029 1867 2165 1951 gratiae,

162 1961 379 2036 naturamque
400 1966 501 2019 ‘suam
528 1956 660 2032 retinet,
691 1963 856 2035 utcunque
883 1955 1013 2017 varient
1034 1952 1140 2016 homi·
1193 1952 1250 2017 sed
1273 1954 1463 2016 renuntient
1484 1961 1518 2016 et
1539 1953 1729 2030 ostendant,
1759 1961 1850 2035 atque
1878 1954 1927 2027 (at
1953 1959 2026 2019 aaut
2052 1954 2167 2020 arrlraa

163 2061 238 2117 ues;
262 2039 319 2103 sad
340 2060 441 2122 quum
459 2032 549 2104 aliud
568 2042 612 2104 sit
629 2041 756 2118 oflbrre,
776 2038 863 2104 aliud
881 2040 1034 2122 recipere,
1058 2038 1140 2102 nihil
1193 2044 1221 2103 et
1242 2037 1387 2122 tesserae)
1409 2044 1482 2103 rata
1503 2039 1590 2119 apud
1611 2061 1666 2105 aas
1686 2040 1807 2122 faciant
1828 2038 1910 2122 quad
1933 2040 2046 2105 divina
2067 2039 2167 2124 largi-

162 2127 272 2191 obstat
298 2147 362 2207 quo
384 2127 494 2190 miuus
524 2137 750 2192 consecratum
773 2124 871 2190 verbo
892 2125 1028 2190 Domini
1050 2145 1140 2207 sym·
1193 2132 1260 2188 tate
1287 2123 1381 2189 uobis
1409 2124 1485 2188 data
1513 2133 1599 2188 sunt.
1645 2123 1789 2208 Spiritus
1817 2132 1947 2192 sanetus
1976 2147 2075 2208 quem
2100 2147 2166 2190 uon

162 2212 275 2277 bolum
298 2211 342 2276 sit
369 2233 404 2275 re
427 2233 506 2277 vera
528 2211 614 2294 quod
637 2212 769 2289 dicitur,
796 2212 927 2293 vimque
949 2231 1045 2275 suam
1065 2231 1140 2299 con3
1193 2211 1344 2275 omnibus
1366 2212 1546 2292 promiscue
1565 2219 1768 2276 sacramenta
1790 2211 1968 2288 advehunt,
1992 2211 2048 2276 sed
2070 2233 2168 2294 quem

163 2306 287 2375 servet,
318 2297 410 2361 nulla
431 2305 542 2362 tamen
571 2297 648 2361 inde
675 2298 798 2362 utilitas
819 2296 861 2361 ad
883 2297 1050 2361 hominem
1072 2318 1164 2361 sce··
1193 2295 1357 2360 Dominus
1383 2295 1591 2378 peculiariter
1618 2298 1687 2362 suis
1715 2298 1853 2376 confert,
1889 2299 1917 2361 is
1945 2305 1995 2362 est
2021 2298 2076 2379 qui
2101 2297 2166 2362 Dei

163 2384 285 2448 lestum
303 2404 341 2448 ao
357 2383 498 2467 impium
515 2385 693 2466 perveniat.
728 2381 796 2448 Sed
813 2383 899 2447 banc
916 2383 1141 2463 quaestionem
1193 2383 1316 2465 gratias
1342 2403 1452 2447 secum
1482 2383 1591 2461 affert,
1621 2384 1676 2465 qui
1706 2383 1762 2447 dat
1783 2384 1994 2449 sacramentis
2017 2384 2053 2446 in
2073 2382 2166 2448 nobis

163 2470 277 2553 paucis
307 2469 415 2534 verbis
445 2470 526 2534 bene
559 2470 658 2534 solvit
684 2469 942 2553 Augustinus:²)
972 2470 999 2531 si
1027 2488 1140 2533 carna-
1192 2468 1309 2544 locum,
1333 2468 1389 2549 qui
1410 2467 1509 2532 efficit
1526 2475 1563 2531 ut
1589 2469 1793 2534 fructificent.
1838 2468 2036 2551 Quanquam
2056 2476 2167 2534 autem

163 2555 249 2632 liter,
271 2554 387 2637 iuquit,
412 2556 540 2638 accipis,
564 2556 732 2637 spirituale
751 2575 907 2620 esse-non
925 2553 1060 2631 desinit;
1084 2554 1141 2618 sed
1192 2554 1302 2618 Deum
1338 2554 1445 2634 ipsam
1481 2555 1746 2635 praesentissima
1777 2556 1912 2637 spiritus
1952 2555 2002 2619 sui
2034 2556 2166 2634 virtute,

164 2639 224 2704 tibi
256 2662 324 2705 non
357 2651 415 2706 est.
472 2639 757 2721 Quemadmodum
790 2662 867 2704 vero
900 2648 1141 2705 sacramentum
1192 2660 1270 2704 suae
1298 2639 1498 2703 institutioni
1526 2638 1640 2704 adesse
1667 2660 1735 2704 non
1755 2641 1948 2717 infitiamur,
1972 2662 2015 2705 ne
2042 2641 2166 2706 infruc-

163 2749 234 2792 rem
255 2748 326 2792 esse
344 2726 449 2804 nihili,
473 2728 501 2791 si
521 2747 541 2790 a
560 2729 698 2792 veritate
716 2749 775 2792 sua
793 2737 972 2809 separatur,
996 2725 1141 2807 superio-
1192 2733 1290 2789 tuosa
1315 2725 1359 2789 sit
1378 2734 1412 2788 et
1439 2726 1547 2790 inanis
1574 2746 1673 2807 quam
1701 2725 1864 2790 ordinavit
1889 2733 2166 2791 sacramentorum

163 2812 254 2878 ribus
277 2813 355 2879 locis
379 2812 522 2878 ostendit
542 2814 763 2896 Augustinus,
789 2812 836 2877 sio
864 2811 977 2896 alibi⁸)
1006 2812 1042 2875 in
1071 2812 1142 2894 ipsa
1193 2810 1442 2888 administratio,
1462 2812 1651 2875 interiorem
1673 2821 1782 2876 tamon
1804 2812 1937 2900 spiritus
1959 2813 2106 2895 gratiam,
2129 2819 2167 2875 ut

162 2920 290 2982 quoque
308 2900 542 2977 coniunctione,
562 2899 769 2964 distinctione
792 2919 872 2981 opus
890 2919 960 2962 esse
978 2896 1140 2974 admonet,
1193 2896 1234 2961 ab
1261 2905 1396 2961 externo
1424 2896 1607 2961 ministerio
1635 2895 1789 2962 distincta
1809 2906 1873 2975 est,
1902 2919 2048 2962 seorsum
2069 2919 2166 2980 repu-

164 3006 207 3048 ne
233 2985 270 3048 in
296 2992 431 3049 externo
454 2985 547 3067 signo
574 2985 673 3049 nimis
696 2985 898 3049 haereamus.
943 2984 991 3049 Ut
1012 2983 1141 3047 literam
1192 2981 1327 3047 tendam
1364 2991 1397 3046 et
1428 2982 1635 3066 cogitandam
1660 2985 1841 3063 asserimus.
1891 2983 2041 3048 Praestat
2068 2984 2166 3066 igitar

165 3071 270 3151 sequi,
298 3070 418 3150 inquit,
448 3080 480 3134 et
506 3073 602 3154 signa
628 3092 687 3153 pro
716 3071 813 3136 rebus
840 3071 985 3152 accipere
1013 3068 1141 3135 servilis
1192 3089 1261 3133 vere
1286 3069 1377 3134 Deus
1403 3069 1555 3149 quidquid
1581 3069 1684 3151 siquis
1705 3070 1861 3149 promittit
1887 3089 1925 3134 aa
1950 3069 2086 3152 figurat,-
2112 3088 2167 3134 aaa

164 3155 365 3220 infirmitatis
383 3166 442 3234 est,
466 3157 512 3221 sic
530 3157 689 3220 inutiliter
711 3157 805 3240 signa
826 3156 1035 3239 interpretari
1056 3155 1141 3219 male
1192 3155 1297 3235 macra
1324 3174 1381 3218 sao
1408 3158 1514 3219 carcat
1540 3155 1645 3237 apae,
1672 3159 1707 3218 ut
1733 3176 1831 3220 veroa
1852 3159 1879 3218 ct
1898 3154 2004 3235 fidelis
2018 3155 2167 3235 probatior

163 3241 316 3323 vagantis
338 3244 458 3307 erroris
478 3250 536 3307 est.
580 3243 656 3307 Duo
684 3244 775 3324 ponit
802 3242 885 3307 vitia
906 3263 988 3324 quae
1011 3241 1064 3307 bic
1086 3262 1140 3306 ca-
1192 3260 1297 3304 eoram
1318 3245 1416 3304 autor.
1463 3240 1600 3304 Tora-tam
1618 3240 1668 3305 aa
1689 3242 1859 3320 quaeritur,
1876 3241 2049 3322 propriane
2070 3245 2097 3304 et
2117 3243 2166 3305 ia·

163 3325 272 3391 venda
303 3327 421 3409 sint:⁴)
456 3328 611 3404 alterum,
645 3328 723 3392 dum
755 3330 803 3392 ita
834 3327 1012 3410 accipimus
1046 3328 1141 3411 signa
1191 3326 1327 3391 trinseca
1354 3326 1404 3411 (ut
1430 3325 1609 3410 loquamur)
1637 3327 1749 3391 virtute
1771 3331 1910 3407 operam
1931 3326 2029 3404 Dan,
2051 3347 2095 3390 aa
2115 3347 2166 3390 es-

164 3434 202 3477 ac
225 3413 253 3476 si
274 3413 397 3477 frustra
418 3413 495 3478 data
517 3421 634 3491 essent,
662 3422 838 3497 nostraque
859 3413 1065 3496 malignitate
1087 3433 1139 3476 ar·
1191 3413 1289 3476 termis
1307 3411 1453 3494 symbolis
1474 3413 1607 3495 resignet
1635 3432 1714 3476 suas
1734 3413 1822 3476 circs
1869 3411 1937 3477 Nos
1958 3432 2027 3476 vero
2050 3417 2166 3477 conan-

164 3518 264 3563 oanas
282 3519 393 3562 eorum
412 3500 664 3582 significationes
681 3499 839 3565 elevando
857 3509 914 3563 aut
932 3498 1139 3564 extenuando
1191 3499 1311 3576 dimus,
1338 3517 1535 3578 quaecamque
1563 3496 1707 3563 additam
1734 3519 1868 3580 organa,
1888 3499 2071 3578 primariae
2098 3499 2167 3563 eius

164 3583 324 3648 efficimus
341 3605 383 3648 ne
400 3604 496 3667 quem
517 3586 610 3650 nobis
627 3586 770 3651 fructum
792 3586 940 3651 afferant.
976 3585 1138 3659 Alterum,
1191 3583 1364 3664 operationi
1391 3583 1473 3648 ailad
1499 3584 1647 3649 decadae.
1697 3583 1738 3648 Id
1764 3605 1866 3666 quum
1893 3583 2026 3649 docetur
2052 3583 2092 3647 de
2114 3605 2166 3648 sa·

163 3668 244 3734 dum
266 3676 392 3734 mentes
413 3670 500 3735 ultra
521 3670 648 3735 visibile
676 3672 809 3756 signum
830 3692 897 3735 non
920 3670 1075 3753 erigendo
1098 3670 1140 3735 ad
1192 3669 1382 3748 oramentis,
1411 3677 1444 3734 et
1470 3691 1584 3734 eorum
1606 3668 1749 3753 dignitas
1771 3669 1937 3752 praeclare
1959 3667 2165 3733 commenda·

158 3757 272 3837 ipsum
300 3756 525 3821 transferimus
553 3778 665 3822 eorum
693 3760 852 3824 bonorum
877 3755 1023 3835 laudem,
1057 3777 1139 3838 quae
1191 3763 1262 3833 tur,
1296 3763 1331 3820 et
1361 3776 1441 3820 usus
1469 3762 1580 3837 aperte
1609 3755 1789 3832 indicatur,
1823 3763 1856 3819 et
1881 3753 2005 3818 utilitas
2035 3751 2164 3817 abunde

162 3862 231 3905 non
258 3840 323 3905 nisi
349 3839 389 3904 ab
418 3862 482 3905 uno
510 3841 643 3907 Christo
672 3842 765 3908 nohis
794 3843 1020 3920 conferuntur,
1042 3841 1139 3923 idque
1190 3840 1411 3924 praedicatur,
1440 3850 1474 3905 et
1498 3841 1613 3905 modus
1642 3842 1678 3905 in
1705 3841 1746 3905 iis
1773 3837 1923 3905 omnibus
1950 3837 2091 3918 optimus
2112 3857 2164 3902 re·

161 3949 223 4010 per
250 3926 404 4009 spiritum
431 3934 596 4005 sanctum,
624 3930 680 4009 qui
702 3951 761 3994 nos
788 3929 868 3994 facit
889 3927 1017 3994 Christi
1036 3928 1139 4010 ipsius
1190 3928 1322 4005 tinctur,
1344 3935 1383 3991 ut
1404 3947 1509 4008 neque
1531 3925 1696 3990 deferatur
1715 3924 1781 3990 illis
1798 3923 1975 4006 quidquam
1992 3922 2078 4003 quod
2097 3943 2164 3988 non

162 4014 353 4095 participes,
388 4017 416 4076 et
449 4013 574 4093 quidem
605 4014 827 4079 odiuaaatihas
859 4015 997 4080 extemis
1028 4015 1138 4097 signis,
1191 4022 1333 4096 oportet,
1359 4034 1464 4094 neque
1486 4032 1619 4075 rursum
1646 4010 1730 4091 quod
1752 4010 1817 4074 illis
1838 4009 1990 4073 convenit
2012 4007 2163 4074 detraha-

163 4119 251 4180 qaae,
274 4099 378 4163 sinos
395 4099 437 4162 ad
458 4096 618 4162 Christum
635 4100 779 4179 incitant,
797 4100 851 4165 abi
869 4102 933 4167 aiio
950 4105 1138 4182 torqueatar,
1190 4106 1253 4164 tur.
1309 4098 1446 4163 Interim
1479 4095 1561 4160 illud
1593 4095 1720 4159 tollitur
1745 4096 1940 4177 figmentum
1973 4115 2038 4177 quo
2070 4096 2164 4160 iusti-

162 4186 292 4268 indigae
312 4185 462 4249 eremitar
484 4188 545 4249 tota
567 4204 672 4249 coram
691 4186 821 4251 miliar.
1142 4256 1146 4263 ,
1189 4185 1349 4252 ficationis
1378 4203 1476 4248 causa
1502 4181 1671 4263 virtusque
1703 4182 1837 4264 spiritus
1864 4181 1968 4245 saneti
1994 4180 2165 4246 elementis

253 4276 300 4335 17.
346 4268 570 4351 Quamobrem
587 4270 692 4334 fixum
712 4279 854 4351 maneat,
876 4295 943 4338 non
965 4293 1035 4338 esse
1057 4272 1138 4337 alias
1190 4293 1249 4337 ceu
1284 4267 1425 4335 vasculis
1452 4263 1496 4333 ao'
1519 4266 1674 4348 plaustris
1702 4266 1897 4346 includitur,
1930 4275 1964 4331 et
1990 4267 2165 4349 praecipua

164 4364 445 4422 sacramentorum
472 4349 569 4438 quam
597 4354 688 4419 verbi
708 4357 775 4422 Dei
794 4366 919 4439 partes:
945 4366 1137 4441 quaesunt,
1189 4356 1248 4421 illa
1274 4356 1324 4421 vis
1351 4375 1435 4435 quae
1461 4352 1501 4417 ab
1529 4351 1601 4417 aliis
1628 4353 1858 4435 praetermissa
1885 4353 1947 4416 fuit
1965 4350 2084 4417 diserte
2106 4372 2163 4415 ex-

163 4443 281 4507 oll‘erre
303 4441 395 4508 nobis
418 4463 456 4507 ao
482 4462 663 4525 proponere
681 4440 867 4520 Christum,
895 4446 983 4508 etin
1006 4464 1044 4508 eo
1066 4463 1138 4508 eoe-
1188 4442 1338 4525 plicatur.
1387 4439 1452 4504 Hie
1483 4458 1602 4521 quoquc
1633 4439 1806 4504 actardum
1837 4443 1895 4517 ast,
1929 4438 2009 4519 qaod
2039 4442 2164 4501 camma

163 4527 253 4593 lestis
276 4528 401 4611 gratiae
423 4530 605 4593 thesauros.
639 4527 733 4591 Nihil
755 4535 866 4592 autem
888 4531 1059 4594 eonfenmt
1080 4533 1139 4592 aut
1190 4528 1307 4592 actione
1326 4526 1445 4609 figurat
1466 4546 1502 4591 ac
1523 4529 1655 4589 testatrrr
1674 4525 1824 4604 minister,
1845 4524 1951 4589 Deam
1971 4523 2057 4587 ictus
2066 4543 2163 4602 pera

162 4621 302 4694 prosunt
326 4614 390 4679 nisi
408 4614 477 4695 ,fide
499 4623 639 4697 accepta.
686 4613 868 4678 Nemeaeus
889 4635 926 4678 ac
946 4614 1139 4693 cicumeat
1187 4633 1273 4698 pere:
1300 4634 1339 4676 ae
1364 4613 1407 4677 ad
1433 4611 1586 4677 homiaem
1611 4611 1771 4676 mortalem
1796 4610 1941 4674 trabatur
1966 4608 2048 4690 qaod
2073 4607 2165 4672 Deus

163 4699 279 4776 oleum,
307 4699 353 4764 oei
380 4701 467 4767 alius
491 4701 594 4780 liquor
615 4699 781 4780 quamlibet
801 4698 886 4781 large
907 4699 1072 4781 infandas,
1095 4699 1139 4780 cf-
1189 4698 1251 4763 sibi
1277 4699 1335 4763 cai
1365 4699 1514 4764 veatae
1560 4695 1602 4760 ld
1629 4698 1725 4762 etiam
1739 4696 1912 4777 pmrdamter
1930 4695 2073 4760 mama
2092 4693 2163 4757 Aa·

159 4784 237 4863 fluet
261 4788 361 4848 tamea
387 4782 558 4869 deperibit
577 4786 645 4849 misi
673 4789 781 4865 operto
801 4785 889 4849 vasis
909 4805 976 4849 ore:
1003 4805 1061 4850 aas
1082 4805 1138 4850 aa
1187 4785 1349 4868 posticas:
1362 4784 1387 4866 ¹)
1415 4783 1576 4865 quando,
1606 4783 1720 4862 timuit,
1747 4787 1775 4847 et
1804 4780 1909 4846 Moses
1936 4779 2111 4860 candificat
2135 4783 2165 4844 et

163 4873 224 4934 tem
250 4870 356 4951 ipsam
383 4873 519 4953 aridique
539 4870 724 4953 perfusum,
750 4870 845 4934 iaaac
869 4869 1075 4936 sitdominus
1101 4891 1138 4936 aa
1191 4870 1306 4935 Deus?
1339 4890 1401 4933 aaa
1428 4869 1536 4934 Moses
1558 4887 1621 4949 pro
1649 4868 1732 4946 Deo,
1771 4867 1825 4931 sed
1852 4866 1958 4932 Moses
1987 4865 2163 4931 omibilibas

1191 4955 1396 5022 sacramentis
1412 4975 1473 5035 per
1493 4954 1703 5018 ministeriam
1723 4972 1829 5032 suam,
1850 4952 1940 5020 Deus
1960 4957 2063 5017 actem
2083 4953 2162 5016 imri

1248 5131 1393 5138 ———-—

232 5159 262 5226 1)
280 5160 355 5213 nior.
373 5157 400 5211 a
419 5158 491 5212 sea
510 5160 572 5215 aaa
590 5160 616 5214 1.
679 5160 709 5230 a)
726 5161 827 5215 nomi.
846 5161 875 5232 a
892 5161 985 5214 roan
1003 5158 1045 5213 ae.
1102 5159 1137 5229 a)
1189 5132 1246 5138 “

161 5231 238 5284 Libr.
256 5228 280 5282 3.
299 5229 340 5282 De
358 5227 443 5280 doctr.
462 5228 554 5283 christ
571 5246 629 5300 cap.
647 5229 673 5284 9.
741 5230 772 5300 4)
789 5237 853 5285 sunt
869 5227 1050 5284 loeo-1667.
1258 5230 1288 5296 1)
1307 5230 1415 5294 Quaest.
1433 5232 1486 5282 ret.
1505 5232 1569 5282 test.
1587 5227 1647 5280 libr.
1666 5225 1690 5280 3.
1710 5243 1767 5296 cap.
1786 5226 1828 5281 84.
