4672 5842
125 325 189 387 553
331 322 420 388 LIB.
444 323 508 388 ΙΠ.
552 324 616 390 DE
638 324 775 392 MODO
796 326 1145 393 PEROIPIENDAE
1168 327 1359 394 CHRISTI
1379 327 1598 394 auarus.
1643 324 1743 392 aAP.
1765 325 1828 392 XI.
1847 325 1935 393 XIL-
2067 298 2154 396 554'

1155 603 1337 667 servaveris
1359 602 1516 680 Domine,
1538 599 1682 665 Domine
1710 601 1782 682 quis
1803 600 1998 665 sustinebit?
2048 603 2131 668 Per-

468 562 619 630 onrur
640 564 719 629 ΧΠ.
737 565 763 648 ¹)

126 706 192 791 Ut
240 705 349 788 serio
394 707 514 788 nobis
559 707 866 817 persuadeatur
913 709 1104 818 gratuita
1155 686 2131 857 ffiduff1⁵73¹J⁰nffigmffthfflffi›eoffipffltiiogzfiibgsbtlir

157 825 421 932 iustificam,
453 827 506 907 ad
529 827 612 915 Dfll
643 827 831 909 tribunal
862 828 1072 910 lOflOIldaS
1154 858 1320 937 fioabitur,
1344 866 1402 922 aut
1422 859 1534 940 purior
1550 859 1619 921 'erit
1640 859 1762 922 faetore
1785 857 1865 922 suo?
1890 878 1963 922 eoae
1986 859 2041 941 qui
2063 881 2131 925 ser·

466 976 557 1028 0530
589 959 765 1028 mentes,
1156 945 1251 1009 viunt
1272 944 1302 1008 ei
1322 965 1389 1007 non
1412 953 1490 1008 sunt
1510 944 1637 1023 fideles,
1661 944 1751 1008 etin
1773 943 1899 1027 angelis
1921 945 1988 1008 suis
2011 946 2132 1028 reperit

1156 1031 1366 1112 pravitatem
1385 1040 1506 1112 quanto
1523 1031 1629 1114 magis
1647 1030 1704 1111 qui
1721 1029 1871 1109 habitant
1887 1027 1998 1095 domos
2015 1030 2130 1110 luteas,
2193 1070 2199 1077 ·

218 1118 243 1177 l.
289 1113 382 1177 Haeo
409 1114 518 1177 omnia
546 1114 677 1178 tametsi
705 1114 879 1179 luculentis
912 1114 1105 1180 testimoniis
1156 1116 1211 1198 qni
1243 1123 1411 1179 terrenum
1447 1114 1572 1180 habent
1599 1113 1864 1194 fundamentum,
1900 1126 2132 1181 consumentur

126 1198 299 1266 verissima
328 1219 398 1263 esse
425 1206 530 1281 patet,
561 1207 673 1264 tamen
701 1221 801 1282 quam
823 1201 1006 1264 necessaria
1028 1200 1102 1279 sint,
1157 1222 1265 1265 eoram
1288 1200 1396 1266 anea?
1423 1223 1443 1264 a
1463 1223 1561 1266 mana
1583 1222 1685 1284 usque
1707 1199 1747 1263 ad
1770 1221 1941 1283 vesperam
1961 1202 2129 1267 sueaiden-

126 1308 193 1351 non
214 1287 306 1368 prius
328 1283 420 1348 nobis
441 1284 528 1350 olere
549 1286 744 1361 eonstiterit,
768 1307 866 1367 quam
888 1307 927 1350 ea
948 1285 1042 1350 nobis
1063 1285 1104 1350 ob
1157 1295 1218 1350 tur.
1269 1287 1354 1350 Item
1383 1286 1473 1369 (ibid.
1497 1286 1641 1370 15,1.5):
1673 1305 1761 1364 ecoe,
1789 1287 1876 1350 inter
1905 1298 2033 1353 sanatos
2061 1289 2131 1354 eins

126 1371 235 1437 ooidos
263 1370 470 1454 posuerimus
499 1392 582 1453 quaa
609 1373 709 1436 totius
737 1371 966 1453 disputationis
988 1370 1104 1435 funda·
1156 1394 1250 1436 nemo
1277 1378 1326 1437 est
1352 1372 1472 1453 fidelis,
1503 1378 1536 1436 et
1564 1373 1643 1436 eoeli
1671 1394 1737 1435 non
1762 1379 1841 1436 sunt
1861 1373 1976 1450 mundi
1997 1374 2033 1437 in
2056 1394 2131 1438 eon·

126 1465 238 1522 menta
259 1479 330 1522 esse
351 1455 480 1520 debent.
524 1457 690 1540 Principio
718 1478 796 1540 ergo
820 1458 914 1522 nobis
935 1464 1104 1522 suoeurrat
1156 1467 1268 1540 speetu
1297 1458 1382 1535 eius;
1410 1466 1530 1540 quanto
1559 1459 1664 1540 magis
1694 1458 1921 1522 abominabilis
1950 1467 1983 1522 et
2005 1460 2131 1526 inutilis

124 1543 221 1607 illud:
249 1542 376 1607 nonde
399 1543 534 1606 humani
556 1544 617 1607 fori
640 1543 773 1622 iustitia,
797 1543 854 1608 sed
874 1542 1023 1608 eoelestis
1043 1543 1103 1606 tri-
1157 1544 1268 1621 homo,
1297 1544 1353 1626 qui
1382 1542 1462 1607 bibit
1483 1544 1575 1626 quasi
1601 1565 1720 1625 aquam
1741 1544 1971 1626 iniquitatem?
2019 1545 2133 1610 Fateor

123 1629 263 1709 bunalis,
287 1650 470 1694 sermonem
492 1651 561 1694 esse
583 1630 770 1693 institutum
777 1653 785 1709 ;
808 1651 851 1692 ne
872 1629 914 1692 ad
933 1628 1103 1692 modulum
1156 1631 1280 1710 quidem
1310 1631 1344 1692 in
1371 1629 1448 1693 libro
1478 1630 1533 1694 Iob
1560 1631 1743 1693 mentionem
1767 1629 1839 1710 {ieri
1866 1630 2022 1708 institiae,
2053 1652 2132 1712 qnae

123 1723 273 1780 nostrum
301 1715 490 1792 metiamur,
520 1736 585 1797 qua
614 1737 749 1796 operum
775 1716 964 1798 integritate
992 1714 1102 1778 divino
1155 1715 1302 1779 excelsior
1330 1720 1374 1778 est
1399 1713 1605 1779 observatione
1631 1715 1721 1797 lepis,
1751 1722 1841 1796 atqrn
1866 1715 1945 1779 harre
1966 1717 2133 1782 distinctio·

123 1800 245 1865 iudioio
273 1802 420 1865 satisfiat.
466 1801 568 1883 Atqui
595 1802 716 1864 mirum
747 1809 797 1865 est
823 1808 946 1882 quanta
971 1801 1102 1864 temeri-
1155 1821 1224 1864 nera
1257 1806 1356 1864 tenere
1388 1821 1498 1880 operae
1525 1802 1664 1883 menum
1699 1806 1763 1879 est,·
1802 1803 1878 1881 qnia
1909 1802 2033 1865 etiarnsi
2061 1803 2134 1882 quis

123 1898 191 1951 tate
223 1892 256 1950 et
288 1886 425 1951 audacia
457 1885 489 1949 id
522 1887 621 1970 vulgo
651 1887 835 1950 definiatur.
882 1884 971 1966 Quin
1004 1887 1102 1950 etiam
1156 1887 1216 1969 leni
1233 1885 1432 1966 satisfaceret,
1454 1908 1493 1952 ne
1513 1888 1559 1950 sie
1580 1887 1705 1966 quidem
1721 1891 1814 1951 staret
1836 1887 1878 1952 ad
1895 1907 2025 1951 eacrmen
2042 1887 2133 1954 illins

122 1971 235 2037 videre
256 1981 313 2051 est,
337 1981 374 2036 ut
396 1972 479 2035 nulli
502 1972 716 2037 ooufideutius
738 1982 772 2037 et
788 1971 995 2054 plenioribus,
1017 1970 1103 2053 quod
1156 1973 1310 2050 institiae,
1333 1992 1412 2052 qnae
1433 1993 1542 2037 sanae
1561 1992 1665 2036 omres
1686 1977 1859 2054 easnpernt.
1894 1972 2006 2054 Itaque
2027 1975 2133 2038 etiam-

123 2060 225 2136 aiunt,
249 2058 358 2123 buaois
381 2057 420 2122 de
443 2080 577 2140 operum
601 2059 728 2123 iustitia
745 2060 901 2141 garriant,
925 2079 1025 2141 quam
1047 2058 1103 2139 qui
1155 2060 1186 2123 si
1209 2057 1265 2122 Iob
1291 2057 1362 2121 bene
1388 2057 1451 2121 sibi
1478 2059 1618 2123 cannas
1645 2059 1700 2136 sit,
1729 2060 1876 2123 attaiitn
1901 2064 2001 2122 tamen
2029 2058 2133 2125 obmu-

123 2144 175 2208 vel
186 2143 405 2230 palpabilibus
422 2143 545 2208 morbis
562 2144 745 2228 prodigiose
762 2144 920 2221 laborant,
935 2143 987 2208 vel
1001 2144 1102 2207 inter·
1145 2140 1255 2222 'tescit5
1282 2145 1358 2224 qnia
1386 2143 1468 2207 eldat
1493 2165 1531 2207 ne
1553 2143 1694 2226 anyeliea
1719 2145 1843 2224 qnidam
1864 2145 2023 2208 sanctitate
2038 2166 2133 2229 posse

123 2231 251 2295 ontibus
273 2236 408 2312 erepant
429 2231 525 2295 vitiis.
561 2230 602 2294 Id
622 2232 660 2294 fit
677 2231 754 2312 quia
771 2229 835 2295 Dei
856 2230 1015 2295 iustitiam
1036 2250 1103 2293 non
1156 2229 1261 2293 Deam
1276 2228 1414 2309 placari,
1437 2230 1468 2293 si
1488 2231 1532 2294 ad
1552 2249 1708 2292 snnmrarn
1724 2232 1876 2294 trutinam
1896 2236 2010 2295 reuocet
2028 2251 2133 2296 eornm

123 2318 284 2400 cogitant,
318 2316 411 2380 euius
444 2316 496 2380 ve]
530 2317 557 2380 si
590 2318 725 2380 minimo
759 2338 858 2381 sensu
892 2317 1103 2381 afficerentur
1155 2335 1257 2396 opera.
1302 2313 1370 2397 Epo
1397 2315 1496 2397 initur
1517 2315 1674 2379 iustitiam
1695 2315 1785 2380 illane
1807 2336 1901 2397 quarn
1924 2317 2029 2399 attipi,
2057 2317 2133 2396 qaia

122 2423 290 2485 nunquam
312 2408 402 2466 tanto
424 2423 497 2466 eam
518 2401 659 2466 ludibrio
681 2401 849 2466 haberent.
890 2401 993 2484 Atqui
1015 2408 1102 2466 uerte
1154 2400 1473 2482 inoamprebensibilis
1503 2407 1561 2480 est,
1588 2421 1670 2464 nario
1690 2402 1810 2480 omitto,-
1838 2402 1893 2466 sad
1913 2407 2034 2467 tantam
2055 2403 2132 2482 dieo,

123 2488 212 2552 ultra
240 2487 372 2552 modum
397 2488 490 2551 flocoi
517 2488 686 2570 penditur,
716 2489 744 2553 si
771 2488 847 2553 talis
875 2496 1006 2569 tamque
1027 2508 1101 2571 per·
1154 2487 1342 2569 anteitur
1363 2489 1427 2550 rito
1449 2493 1556 2551 nostra
1578 2487 1620 2550 ad
1641 2507 1783 2552 norman
1804 2489 1938 2568 scribtae
1961 2489 2051 2570 nqis,
2077 2509 2134 2553 nos

122 2575 208 2638 faeta
230 2595 296 2638 non
318 2574 523 2656 agnoseitur,
552 2585 589 2638 ut
617 2574 703 2638 nihil
725 2576 754 2639 ei
777 2581 947 2656 acceptum
974 2573 1100 2638 sitnisi
1154 2593 1219 2638 asse
1234 2574 1319 2655 plns,
1335 2592 1430 2653 qnam
1451 2574 1604 2650 socordes,
1626 2574 1693 2636 nisi
1715 2572 1869 2638 torrenda
1888 2573 2057 2655 formidine
2077 2594 2133 2639 nas

123 2661 211 2724 omni
229 2682 270 2724 ex
288 2669 380 2742 parto
392 2661 557 2742 integrum
575 2668 609 2723 et
622 2659 815 2738 absolutum
834 2659 990 2742 nullaque
1007 2657 1102 2723 sorde
1153 2663 1314 2740 torqueant
1334 2663 1376 2723 tot
1395 2660 1631 2737 naaledietrbnes,
1653 2659 1765 2739 nadre
1788 2679 1842 2724 nos
1858 2679 1953 2740 exper
1972 2659 2059 2740 elteri
2081 2680 2131 2724 vo·

122 2746 339 2830 inquinatum.
391 2744 497 2826 Quale
525 2747 561 2809 in
590 2746 721 2811 homine
748 2747 892 2830 reperire
923 2765 983 2810 neo
1010 2744 1102 2808 lioun
1153 2744 1214 2809 tait
1234 2744 1337 2823 Dens,
1360 2749 1449 2825 atque
1468 2745 1548 2808 inter
1569 2745 1653 2810 alne
1674 2744 1748 2809 baec
1765 2745 1923 2828 pancratis
1944 2682 2057 2829 (qDeut
2077 2749 2159 2825 27,·

123 2853 283 2915 unquam,
313 2853 374 2897 nea
396 2832 514 2897 licebit.
559 2832 671 2897 Facile
693 2840 743 2898 est
765 2833 946 2898 scilicetne
968 2850 1101 2913 promp·
1156 2831 1228 2914 26).·
1254 2831 1436 2895 maalinas
1463 2832 1565 2895 omnis
1591 2832 1647 2911 qni
1667 2851 1729 2895 non
1751 2832 1957 2895 maerente
1979 2831 2129 2911 anunm,

123 2926 194 2982 tum
221 2917 368 2997 cuilibet,
396 2920 431 2982 in
460 2918 646 2983 scholarum
674 2917 874 2983 umbraoulis
902 2916 942 2982 de
966 2936 1102 2998 operum
1154 2937 1235 2998 qnae
1256 2918 1373 2996 scripta
1396 2922 1470 2981 nant
1492 2918 1527 2979 in
1549 2916 1603 2980 noc
1623 2917 1709 2980 lelna
1754 2917 1898 2998 Denrque
1918 2917 2062 2997 insapida
2082 2916 2129 2982 rel

124 3003 281 3088 dignitate
309 3003 352 3068 ad
378 3004 602 3070 iustificandos
629 3004 778 3069 homines
800 3004 932 3087 nugari3
961 3001 1019 3067 sed
1046 3001 1102 3066 ubi
1154 3002 1256 3068 anna
1277 3005 1337 3066 erit
1350 3002 1431 3067 'baec
1452 3007 1515 3066 tata
1536 3001 1722 3081 disputatio,
1752 3004 1815 3067 nisi
1836 3023 1869 3067 se
1890 3004 2020 3082 quisquae
2041 3022 2130 3067 reum

1154 515 1228 580 bilis
1254 536 1321 580 vox
1348 517 1480 581 insonat
1508 515 1610 600 (Psal.
1633 517 1707 592 130,
1733 513 1781 599 3):
1812 517 1840 580 si
1861 515 2049 598 iniquitates
2074 515 2130 582 ob·
2247 562 2251 569 -

122 3090 157 3153 in
179 3098 389 3173 eonspeetum
412 3088 477 3154 Dei
499 3099 637 3155 ventum
659 3096 722 3167 est,
753 3091 916 3154 facessant
939 3089 1022 3152 tales
1045 3086 1101 3153 de·
1154 3090 1248 3153 esne
1268 3109 1372 3154 cnam
1393 3088 1647 3166 molestiaene,
1673 3092 1701 3152 et
1721 3088 1758 3152 de
1780 3109 1840 3152 rua
1862 3087 2051 3153 absolutiore
2072 3088 2130 3154 ool-
2241 3118 2245 3135 =

123 3176 218 3241 lisiae
235 3183 370 3259 oportet,
394 3178 470 3258 quia
491 3198 543 3241 res
565 3177 633 3240 illio
649 3177 759 3261 agitur
776 3176 870 3254 serio,
892 3197 960 3239 non
976 3173 1103 3238 ludiora
1153 3174 1258 3240 linitas
1278 3175 1360 3239 altro
1381 3195 1414 3239 se
1429 3179 1609 3257 prosternat
1630 3193 1667 3237 ae
1688 3175 1858 3238 eainaniat.

127 3266 292 3340 λογομαχία
314 3271 491 3326 exercetur.
536 3262 621 3340 Huo,
647 3262 712 3327 huo
734 3260 905 3327 referenda
926 3282 1020 3325 mens
1042 3266 1101 3338 est,
1241 3264 1269 3324 2.
1301 3261 1378 3324 Huc
1401 3260 1466 3324 huo
1488 3258 1658 3324 attollendi
1681 3268 1776 3322 erant
1793 3259 1889 3338 oouli,
1912 3267 1950 3323 ut
1967 3258 2129 3341 trepidare

126 3347 155 3410 si
177 3345 329 3411 volumus
358 3347 398 3411 de
428 3369 506 3414 vera
535 3349 661 3414 iustitia
688 3369 763 3412 oum
791 3349 901 3413 fruotu
921 3347 1099 3430 inquirere:
1154 3347 1260 3428 potius
1283 3346 1493 3424 disseremus,
1516 3366 1615 3429 quam
1637 3345 1778 3410 inaniter
1798 3345 1973 3410 exsultare.
2017 3343 2130 3409 Faoile

125 3430 287 3513 quomodo
309 3433 441 3497 coelesti
462 3433 562 3497 iudiai
579 3434 841 3516 respondeamus,
864 3455 966 3515 quum
983 3453 1042 3496 nos
1060 3429 1102 3496 ed
1154 3432 1285 3516 quidem
1307 3441 1366 3512 est,
1389 3433 1467 3497 dum
1489 3433 1524 3494 in
1548 3431 1736 3495 hominibus
1756 3429 1904 3495 subsistit
1921 3430 2128 3512 comparatio,

123 3516 287 3581 rationem
303 3520 476 3582 vocaverit.
509 3517 703 3586 Statuamus
724 3519 816 3585 nobis
837 3519 979 3584 iudioem
995 3518 1100 3596 illum,
1153 3526 1193 3583 nt
1220 3541 1254 3584 se
1280 3519 1415 3601 quisque
1443 3518 1565 3583 habere
1586 3524 1717 3600 reputet
1737 3515 1823 3599 quod
1844 3516 1902 3581 alii
1924 3523 2130 3581 oontemnere

125 3625 193 3667 non
221 3602 350 3685 qualem
377 3604 561 3668 intellectus
595 3609 700 3670 nostri
729 3616 844 3689 sponte
870 3606 1098 3688 imaginantur,
1154 3626 1220 3668 non
1243 3603 1396 3682 debeant;
1418 3604 1476 3669 sed
1495 3604 1552 3668 ubi
1573 3602 1615 3667 ad
1636 3601 1747 3667 Deum
1769 3604 1986 3687 assurgimus,
2010 3602 2132 3666 corruit

124 3689 181 3755 sed
209 3689 266 3771 qui
295 3687 483 3773 depingitur
511 3691 603 3756 nobis
625 3693 658 3756 in
683 3691 894 3774 soriptura:²)
924 3692 1017 3757 ouius
1040 3691 1101 3754 soi·
1155 3689 1239 3756 dioto
1266 3691 1361 3755 eitius
1389 3711 1426 3756 ae
1449 3689 1576 3773 deperit
1599 3688 1719 3755 fiducia
1740 3688 1806 3752 illa.
1851 3694 1961 3770 Atque
1982 3686 2015 3750 id
2037 3708 2131 3768 pror-

122 3774 199 3839 liaet
219 3775 345 3859 fulgore
367 3773 623 3841 obtenebrantur
644 3777 772 3855 stellae,
802 3777 895 3842 ouius
923 3777 1037 3842 robore
1061 3776 1101 3839 li·
1126 3792 1129 3805 ·
1154 3798 1209 3842 sus
1243 3778 1370 3842 animae
1402 3783 1533 3841 nostrae
1562 3797 1642 3858 erga
1668 3774 1778 3839 Deum
1812 3795 1873 3838 usu
1908 3774 2011 3847 vonit,
2044 3771 2131 3854 quod

122 3863 273 3944 quefiunt
299 3871 441 3936 montes,
471 3863 563 3927 ouius
591 3864 641 3927 ira
664 3872 754 3928 terra
780 3865 980 3941 eonautitur,
1010 3862 1101 3926 ouius
1153 3884 1232 3947 erga
1264 3861 1392 3928 visibile
1424 3862 1551 3927 eoelum
1592 3882 1629 3925 θο
1671 3861 1729 3923 ori.
1784 3861 1882 3923 Acies
1915 3859 2002 3922 enim
2035 3856 2129 3937 oouli,

123 3948 284 4030 sapientia
307 3946 597 4029 deprehenduntur
624 3949 660 4012 in
688 3950 807 4014 astutia
830 3971 890 4015 sua
911 3948 1099 4033 prudentes,
1152 3951 1344 4032 quantisper
1365 3948 1461 4013 rebus
1489 3948 1651 4012 adjacenti
1674 3968 1712 4010 us
1739 3943 1976 4026 perlustrandis
1998 3943 2128 4022 insistit,

121 4034 213 4098 errius
245 4034 396 4117 puritate·
422 4033 639 4117 inquinantur
665 4037 789 4113 omnia,
823 4037 914 4100 ouius
947 4033 1100 4100 ferendae
1152 4037 1400 4118 perspicientiae
1421 4055 1498 4098 suae
1516 4033 1711 4098 documenta
1730 4031 1830 4112 oapit;
1854 4031 1882 4094 si
1904 4031 1939 4093 in
1961 4029 2064 4094 solem
2081 4029 2129 4093 di·

121 4119 263 4184 iustitiae
291 4139 352 4184 neo
381 4119 490 4203 angeli
512 4141 608 4204 pares
630 4129 721 4199 sunt,
748 4121 805 4203 qui
832 4129 1004 4186 nocentem
1033 4142 1100 4185 non
1152 4123 1281 4206 rigitur,
1301 4122 1403 4185 nimio
1421 4121 1493 4185 eius
1513 4119 1639 4202 fulgore
1656 4117 1830 4199 perstriota
1848 4124 1881 4180 et
1898 4115 2128 4199 obstupefacta,

120 4205 198 4270 facit
223 4206 448 4285 innocentem,
482 4207 574 4272 ouius
602 4205 759 4284 vindiota‚
787 4228 887 4288 quum
915 4207 1017 4274 semel
1046 4228 1100 4272 aa·
1152 4230 1220 4272 non
1251 4208 1412 4271 minorem
1449 4206 1484 4269 in
1523 4205 1593 4270 eius
1631 4203 1753 4267 intuitu
1785 4200 1987 4267 debilitatem
2020 4202 2128 4294 sentit,

120 4311 218 4356 eensa
235 4302 292 4371 est,
315 4299 468 4374 penetrat
490 4313 591 4374 usque
614 4290 655 4355 ad
676 4292 795 4356 inferni
817 4294 1004 4360 novissima.
1038 4291 1099 4358 Se-
1152 4315 1251 4376 quam
1272 4294 1309 4357 in
1331 4313 1443 4356 rerum
1470 4291 1662 4357 interiorum
1686 4296 1819 4371 aspeotu
1842 4287 1949 4352 robur.
1996 4289 2047 4351 Ne
2068 4288 2128 4350 fa-

121 4375 210 4453 deat,
238 4379 386 4460 inquam,
417 4377 472 4441 ille
502 4378 543 4442 ad
566 4376 785 4442 examinanda
807 4378 976 4444 hominum
997 4380 1097 4444 faeta:
1151 4380 1258 4444 lamus
1280 4400 1357 4462 ergo
1380 4399 1440 4442 nos
1462 4399 1549 4443 vana
1565 4377 1694 4453 fiduoia,
1718 4374 1845 4439 etiamsi
1867 4373 2001 4456 reliquis
2024 4372 2129 4435 homi-

120 4463 192 4543 quis
215 4483 348 4527 securus
376 4463 417 4528 ad
442 4465 511 4529 eius
533 4464 690 4528 thronum
712 4485 746 4528 se
768 4464 882 4528 sistet?
913 4467 986 4548 quis
1005 4465 1098 4530 habi·
1151 4464 1248 4530 nibus
1276 4465 1328 4530 vel
1353 4485 1449 4547 pares
1482 4464 1535 4529 vel
1563 4463 1745 4545 superiores
1778 4480 1839 4524 nos
1867 4480 1937 4524 esse
1964 4457 2126 4521 ducimus:

119 4546 202 4611 tabit
235 4569 308 4613 aum
341 4550 419 4633 igne
452 4548 650 4616 devorante?
691 4549 798 4630 inquit
829 4551 989 4632 propheta
1019 4550 1097 4632 (Ies.
1150 4551 1235 4614 nihil
1257 4550 1290 4616 id
1311 4551 1353 4615 ad
1371 4549 1489 4629 Deum,
1513 4552 1605 4614 ouius
1625 4548 1666 4613 ad
1687 4546 1859 4612 arbitrium
1878 4543 2062 4609 revocanda
2079 4549 2129 4607 est

121 4637 177 4713 33,
201 4636 270 4718 14);
298 4636 371 4718 quis
396 4637 544 4701 manebit
572 4657 646 4700 oum
674 4634 846 4699 ardoribus
870 4635 1097 4719 sempiternis?
1150 4639 1214 4701 ista
1236 4638 1385 4719 cognita.
1432 4635 1579 4717 Quodsi
1603 4629 2127 4699 domarilerocianostramoni·
2239 4666 2243 4675 ·

120 4719 177 4806 qui
205 4719 360 4787 ambulat,
372 4723 406 4786 in
427 4723 577 4802 iustitiis,
606 4735 639 4787 et
659 4722 803 4803 loquitur
824 4722 1012 4800 veritatem,
1037 4730 1096 4788 eto.
1150 4722 1291 4788 tionibus
1310 4724 1382 4787 istis
1404 4723 1524 4804 nequit,
1554 4718 1763 4802 respondebit
1785 4716 1877 4782 nobis
1899 4715 1985 4798 quod
2007 4715 2127 4779 Phari·

121 4803 189 4869 Sed
214 4803 351 4887 prodeat
375 4807 432 4871 ille
459 4809 604 4891 quisquis
632 4816 689 4872 est.
735 4807 808 4871 Ima
834 4828 913 4872 vero
941 4809 1018 4872 facit
1040 4808 1098 4872 illa
1150 4806 1664 4891 seeisdieebat(Lua.16,15):
1695 4826 1754 4870 vos
1776 4805 1853 4868 estis
1875 4802 1929 4886 qui
1956 4824 2011 4866 vos
2033 4801 2127 4865 iusti-

120 4892 287 4972 respousio
309 4914 351 4956 ne
372 4895 445 4975 quis
466 4894 609 4976 prodeat.
654 4894 707 4957 Er
730 4892 868 4959 adverso
891 4894 978 4957 enim
1000 4894 1096 4958 terri-
1149 4896 1253 4960 finatis
1276 4914 1384 4959 eoram
1406 4891 1610 4971 hominibus3
1644 4898 1679 4955 at
1707 4888 1793 4972 quod
1815 4886 2001 4953 hominibus
2022 4887 2128 4951 altum

1150 4988 1215 5058 est,
1239 4979 1454 5045 abominabile
1475 4985 1524 5042 est
1544 4977 1626 5042 Deo.
1672 4978 1739 5041 Eas
1761 4997 1862 5054 nune,
1886 4974 1981 5039 etde
2004 4973 2128 5038 institia
2159 4992 2165 5001 ·

1150 5074 1207 5131 tua
1228 5064 1351 5139 tumide
1373 5065 1460 5128 inter
1482 5064 1631 5129 homines
1649 5061 1806 5146 glorieris,
1830 5061 1908 5126 dum
1925 5061 2014 5125 illam
2033 5058 2127 5124 Deus

190 5183 218 5250 1)
238 5183 423 5237 Continentur
437 5189 526 5239 natur
540 5186 729 5253 praecedentis
746 5186 876 5242 calumnis
887 5187 902 5240 l.
916 5203 938 5240 c.
951 5188 973 5252 §.
984 5183 1096 5238 15-22.
1149 5174 1166 5217 θ
1195 5152 1282 5252 00919
1310 5150 1522 5251 ἓΒΟΠῙῘΠῩΨΓ·
1568 5146 1657 5229 Qnid
1671 5148 1910 5248 ,aulemflffljvi
1928 5147 2015 5247 ,ρῶν
2050 5166 2127 5212 Vere

118 5251 149 5319 2)
167 5252 240 5305 Vide
258 5253 403 5322 praecipue
421 5253 482 5306 lobi
499 5254 606 5307 librum.
1042 5303 1048 5319 ,
1148 5237 1267 5303 eruditi
1300 5259 1370 5302 eius
1402 5235 1540 5319 spuitu‘l
1585 5235 1636 5300 Ne
1669 5245 1772 5300 mtres
1803 5257 1839 5300 in
1868 5233 2025 5299 indiarum
2052 5252 2128 5296 eum

119 5066 324 5074 ...ῃ---
