4672 5842
125 328 187 390 537
376 328 466 393 LIB.
491 328 554 393 ΠΙ.
599 329 663 394 DE
684 326 821 394 MODO
842 330 1192 398 PERCIPIENDAE
1215 331 1406 400 CHRISTI
1428 332 1647 447 GRAnlnn.
1693 334 1792 400 CAP,
1814 335 1881 400 xl.
2056 339 2129 403 *538

117 515 247 597 pliciter
270 515 319 580 oei
339 517 437 582 solide
458 517 546 581 nobis
568 518 689 598 offerri,
717 516 771 582 sed
792 538 849 581 nas
868 518 941 598 fieri
962 521 1104 585 iustiliae
1127 548 1131 648 1
1155 521 1236 584 tavi:
1257 521 1328 601 quis
1350 521 1507 586 acmesahit
1529 522 1634 586 electos
1655 521 1744 586 Dei?
1789 522 1878 587 Deus
1898 528 1942 588 est
1962 525 2018 604 qui
2039 525 2130 590 iusti·

123 603 252 667 divinae
272 608 426 667 consortes
446 604 521 668 dum
542 603 748 669 essentialiter
767 603 857 668 nohis
877 606 988 669 unitur
1004 605 1102 671 Deus.
1152 606 1233 686 pleat.
1292 603 1355 671 Ubi
1394 607 1430 671 de
1466 611 1554 670 reatu
1587 611 1614 670 et
1646 607 1834 672 monnone
1864 608 2047 690 simpliciter
2074 611 2129 694 api

213 691 240 751 6.
289 686 326 752 Si
349 693 472 753 tardum
488 690 613 768 dicant,
642 687 800 753 Christum
822 710 878 753 nos
906 692 1103 772 iustificando
1149 691 1261 773 palam
1288 697 1343 769 est,
1377 712 1414 756 ac
1440 713 1479 756 eu
1506 691 1653 757 antithesi
1676 694 1812 773 pendere
1839 695 1969 772 apostoli
1993 716 2127 761 sensum.

124 774 285 839 essentiali
312 776 522 840 coniunctione
549 780 691 839 nostrum
715 774 802 855 heri,
829 796 883 840 uec
905 778 1005 841 solum
1026 799 1103 858 qua
1137 776 1242 860 'Erpa
1263 782 1327 841 tam
1348 779 1383 841 in
1404 780 1525 842 rationu
1547 778 1604 842 illa
1625 799 1721 859 quam
1743 780 1778 842 in
1799 780 1933 843 citandis
1953 783 2129 860 scripturae

123 864 213 924 tenus
233 858 322 924 lnomo
349 865 393 925 est
415 881 479 925 esse
501 866 595 940 eaput
617 866 770 938 nostrum,
801 861 855 925 sed
881 863 1008 928 diuinae
1030 883 1102 944 quo-
1154 864 1320 945 suffrapiis
1340 864 1474 927 nimium
1495 864 1601 945 sutilis
1622 864 1866 944 deprehenditur.
1904 865 2014 931 Nihilo
2035 869 2129 933 etiarn

125 966 185 1026 que
213 951 346 1010 naturae
373 948 538 1011 essentiane
563 948 598 1010 in
619 967 676 1010 nos
697 947 849 1027 diffundi,
877 950 996 1013 minore
1019 969 1104 1013 riona
1154 949 1269 1012 rectius
1290 948 1327 1012 de
1345 950 1466 1012 nomine
1488 951 1629 1014 institiae
1648 952 1783 1029 disserit,
1806 952 1887 1030 qieod
1903 952 2017 1015 seilicet
2027 954 2130 1018 Abra·

125 1031 248 1095 deliciis
280 1052 313 1096 se
341 1038 499 1114 pasceret,
532 1053 586 1097 nee
615 1032 694 1113 forte
714 1038 843 1114 propter
870 1033 924 1099 hoc
955 1035 1103 1107 delirium
1155 1034 1212 1098 hae
1233 1039 1376 1116 reputata
1401 1036 1500 1115 tuerit
1524 1036 1600 1114 fides
1622 1037 1656 1098 in
1678 1037 1846 1115 iustitiam,
1875 1042 2040 1117 postquam
2062 1059 2128 1103 arn-

126 1121 213 1180 tanta
235 1123 312 1182 esset
334 1118 499 1183 excitanda
521 1119 684 1182 cadentia:
712 1119 765 1183 sed
791 1138 887 1199 quum
905 1121 1103 1200 principium
1149 1121 1266 1200 plenus
1290 1118 1449 1186 Christum
1471 1122 1539 1204 (qui
1560 1121 1623 1185 Del-
1650 1122 1774 1186 institia
1802 1127 1859 1200 est,
1889 1128 1916 1187 et
1936 1121 2025 1187 Dens
2046 1124 2128 1210 epse)

124 1202 179 1266 hoe
210 1203 253 1267 sit
272 1205 377 1268 instar
405 1206 528 1285 sepiae,
559 1224 639 1285 quae
665 1206 812 1286 epestiam
839 1206 904 1268 atri
927 1205 1103 1286 turbidique
1155 1206 1282 1268 enimiis
1303 1206 1469 1270 virtutihus
1490 1207 1681 1271 eucdtuerat.
1733 1207 1819 1273 Uinde
1844 1215 1975 1290 apparet
1997 1231 2035 1273 en
2056 1212 2131 1275 dua-

123 1289 292 1371 sanpuinis
307 1289 423 1354 mullas
444 1290 562 1355 caudas
584 1290 719 1367 ocodtat,
740 1291 806 1353 uisi
827 1288 957 1355 nelinms
975 1293 1103 1356 scientes
1155 1292 1213 1355 lus
1246 1292 1375 1374 intepris
1407 1292 1445 1355 ab
1477 1294 1544 1372 ipso
1577 1293 1686 1357 oitiase
1713 1293 1784 1374 lieri
1814 1314 1912 1357 nereum
1944 1302 2130 1376 corruptum.

124 1379 153 1438 et
173 1374 305 1439 uolentes
326 1377 394 1458 pati
416 1376 502 1440 nobis
523 1376 681 1439 iustitiam
704 1376 793 1439 illam
815 1377 912 1458 eripi,
935 1398 1015 1457 quae
1035 1377 1103 1441 sola
1156 1376 1264 1457 Neque
1284 1379 1365 1440 enim
1388 1379 1523 1456 iustitia,
1552 1380 1641 1442 cenius
1663 1378 1729 1442 illic
1755 1379 1791 1459 fit
1813 1382 1937 1456 inentia,
1967 1380 2009 1444 ud
2036 1387 2131 1446 toturn

125 1461 163 1524 de
183 1461 283 1525 sainte
302 1460 462 1543 ploriandi
481 1461 632 1541 fiduciam
649 1461 737 1525 nohis
757 1462 868 1543 adfert,
891 1463 1005 1527 aeriter
1025 1464 1102 1526 resi-
1155 1464 1323 1528 nmationis
1349 1484 1475 1528 cursum
1500 1465 1650 1544 pertirut;
1678 1465 1754 1543 quin
1775 1466 1883 1544 patius
1911 1471 2040 1530 testatur
2067 1468 2131 1550 spi-

123 1552 202 1611 stere
222 1566 342 1611 necesse
361 1553 413 1611 est.
448 1548 535 1611 Nam
556 1548 591 1609 in
613 1546 671 1611 leae
690 1552 751 1612 tota
768 1549 976 1628 disputatione
993 1569 1102 1612 rumen
1154 1550 1245 1624 ritus,
1263 1551 1408 1629 quamvis
1425 1551 1543 1613 enimia
1561 1555 1638 1614 esset
1652 1551 1848 1629 praestantia
1865 1552 2015 1615 videntum
2026 1553 2130 1617 Ahra·

123 1633 265 1697 iustitiae
293 1638 321 1696 et
343 1633 467 1697 verhum
487 1632 681 1711 iustificandi
709 1635 751 1697 ad
773 1634 855 1697 duas
871 1641 982 1713 partes
1002 1639 1102 1699 ecten-
1154 1632 1221 1711 hae,
1243 1635 1357 1716 diuque
1371 1636 1598 1715 perseverando
1619 1636 1742 1700 tandem
1764 1636 1916 1715 auxisset,
1944 1658 2004 1701 non
2026 1644 2129 1703 tamen

124 1718 184 1795 dit,
209 1723 245 1781 ut
265 1718 435 1798 iustificari
457 1720 499 1782 sit
519 1739 582 1782 nan
601 1719 701 1782 solean
722 1720 920 1784 reconciliari
940 1720 1009 1785 Deo
1029 1742 1103 1802 pra·
1154 1719 1247 1782 aliter
1262 1722 1423 1801 placuisse
1436 1721 1513 1799 Deo,
1532 1722 1597 1784 nisi
1613 1722 1695 1801 quad
1714 1724 1852 1804 qratiam
1869 1723 1903 1785 in
1920 1725 2128 1804 promissione

123 1805 206 1868 tuita
226 1805 327 1881 nenia,
349 1806 404 1869 sed
425 1805 517 1868 etiam
538 1806 637 1869 iustos
658 1804 754 1885 ethei:
776 1809 812 1868 ut
832 1805 956 1870 iustitia
978 1807 1102 1869 sitnon
1154 1805 1286 1869 oenum
1294 1806 1487 1887 fidereeepit.
1524 1805 1609 1872 Unde
1624 1809 1810 1887 sequiturin
1827 1808 2044 1888 iustificatione
2060 1810 2128 1874 nul-

120 1891 264 1973 pratuita
291 1891 468 1971 imputatio,
501 1890 555 1954 sed
580 1891 730 1954 sanctitas
756 1895 784 1954 et
812 1891 976 1974 iidepritns
1007 1911 1101 1971 quam
1153 1889 1218 1954 lum
1240 1894 1382 1972 operibus
1403 1913 1468 1956 esse
1489 1893 1596 1970 lacum,
1618 1894 1712 1957 sioedi
1731 1893 1855 1957 Paulus
1876 1895 1949 1958 scite
1968 1895 2127 1960 cointaidit.

122 1976 187 2041 Dei
209 1976 342 2039 esserdia
363 1977 397 2039 in
420 1976 508 2040 nolis
532 1976 672 2040 residens
699 1977 841 2056 inspirat.
885 1976 1009 2041 Deinde
1035 1977 1100 2058 for-
1241 1981 1269 2040 7.
1317 1978 1404 2058 Quod
1421 1978 1531 2056 obiicit,
1554 1981 1617 2042 nim
1639 1979 1832 2058 instifieumli
1853 2000 1912 2044 non
1934 1981 2033 2045 inesse
2052 1981 2127 2061 idei

122 2063 195 2125 liter
224 2066 327 2144 nepot,
359 2067 512 2143 quatenus
546 2060 690 2126 Christus
721 2063 865 2127 sacerdos
890 2067 1018 2145 peecata
1050 2083 1101 2126 ee·
1152 2082 1192 2124 ee
1219 2082 1251 2125 se
1277 2064 1366 2143 ipsa,
1399 2065 1454 2129 sed
1486 2069 1635 2144 quatenus
1665 2063 1822 2129 Christum
1848 2067 1972 2145 recipit,
2002 2067 2128 2132 libenter

116 2147 240 2226 pianda
262 2153 390 2226 patrem
416 2147 504 2212 nohis
524 2148 679 2227 placavit,
713 2149 818 2228 ipsum
852 2169 917 2212 esse
943 2148 1101 2212 iustitiam
1153 2147 1287 2213 admitto.
1330 2150 1415 2213 Nam
1436 2151 1466 2212 si
1480 2171 1543 2229 per
1563 2171 1604 2229 se,
1626 2151 1674 2215 vel
1693 2151 1871 2229 intrinseca,
1894 2157 1930 2215 ut
1950 2153 2126 2233 loquuntur,

122 2238 270 2311 nostram,
293 2233 347 2296 sed
367 2239 400 2297 ul
422 2239 468 2298 est
489 2232 579 2298 Dens
601 2238 752 2310 aeternus,
775 2238 802 2297 et
823 2235 867 2296 nit
890 2284 896 2297 .
937 2233 977 2299 Ut
993 2233 1102 2314 prabet
1153 2233 1266 2297 oirtnde
1287 2236 1467 2315 iustificaret
1492 2236 1585 2315 fides,
1613 2241 1648 2300 ut
1674 2241 1717 2300 est
1743 2256 1864 2315 semper
1890 2237 2001 2302 dehilis
2022 2244 2050 2302 et
2070 2239 2128 2303 irn-

122 2318 204 2383 illud
219 2320 378 2400 primum,
404 2319 510 2384 Deum
531 2339 592 2383 non
613 2323 734 2402 tardum
756 2320 954 2402 ipnoscendo,
981 2320 1034 2384 sed
1055 2339 1101 2383 re·
1148 2320 1303 2400 perfecta,
1330 2342 1390 2384 non
1418 2320 1547 2402 efficeret
1574 2320 1628 2386 hoc
1654 2322 1721 2385 nisi
1742 2343 1779 2385 ee
1794 2328 1896 2402 parte.
1942 2322 1995 2386 Sic
2016 2343 2128 2390 manca

120 2405 295 2486 penerando
317 2404 499 2485 iustificare,
522 2404 643 2486 quanli
665 2425 708 2468 an
729 2424 805 2484 quos
826 2403 986 2484 iustificat,
1008 2405 1101 2470 relin·
1153 2410 1231 2468 esset
1252 2407 1390 2486 iustitia,
1418 2427 1497 2488 quac
1520 2407 1694 2488 frustulum
1720 2407 1833 2471 salutis
1859 2408 1946 2473 nohis
1973 2410 2127 2491 conferrd.

123 2495 201 2568 quat
235 2490 341 2571 quous
372 2497 462 2556 aaut
494 2497 625 2569 natura,
658 2489 739 2554 nihil
766 2511 803 2553 en
829 2491 919 2554 uitiis
944 2491 1100 2555 mutanda.
1156 2489 1223 2554 Nos
1250 2492 1374 2571 quidem
1402 2493 1484 2557 nihil
1512 2494 1574 2558 tale
1600 2494 1829 2575 imapinamur,
1857 2495 1911 2559 sed
1934 2497 2064 2576 proprie
2086 2497 2155 2562 la-⁴

124 2575 300 2657 Responsio
323 2580 478 2658 perquam
503 2576 613 2657 facilis
640 2580 700 2639 est:
732 2576 815 2640 sieut
834 2597 895 2640 nort
917 2581 1017 2658 potest
1037 2576 1101 2641 dis-
1152 2576 1270 2656 quendo
1297 2576 1401 2642 Deum
1427 2599 1526 2642 unum
1552 2578 1723 2659 iustificare
1755 2581 1903 2660 dicimus,·
1935 2581 2043 2645 dunde
2074 2582 2128 2648 hac

121 2663 206 2742 capi
230 2660 373 2728 Christus
399 2665 435 2727 in
455 2668 581 2743 partes,
610 2663 656 2726 ita
682 2662 910 2742 inseparabilia
938 2682 1002 2726 esse
1027 2661 1101 2726 haee
1152 2660 1234 2725 idern
1256 2666 1477 2746 transferimus
1498 2666 1541 2729 ad
1564 2663 1736 2742 Christum,
1765 2667 1841 2748 qnia
1861 2666 1954 2730 datus
1975 2671 2019 2731 est
2040 2668 2128 2734 nohis

121 2748 201 2827 dua,
224 2768 304 2828 quae
324 2748 420 2814 simul
441 2749 626 2812 eoniundim
647 2749 681 2811 in
702 2748 771 2828 ipso
786 2749 989 2829 percipimus,
1011 2748 1101 2812 iusti·
1152 2747 1186 2810 in
1208 2749 1381 2828 iustitiam;
1411 2751 1505 2831 tidem
1525 2771 1595 2815 vcro
1617 2753 1709 2831 quasi
1731 2753 1801 2816 aaa
1823 2752 2022 2833 conferimus,
2050 2754 2127 2833 quia

49 2874 53 2883 -
120 2834 200 2896 liam
220 2839 250 2898 et
270 2834 550 2915 sanctificationum.
594 2834 794 2914 Qrmscunque
816 2855 886 2917 erpo
908 2836 943 2898 iu
961 2834 1101 2917 pretium
1152 2833 1217 2897 nisi
1241 2835 1398 2916 exinaniti
1425 2837 1469 2901 ad
1489 2838 1688 2918 expetendam
1712 2835 1829 2902 Christi
1893 2840 1991 2902 atium
2020 2843 2126 2920 aperta

121 2920 233 3001 recipit
253 2920 357 2997 Deus,
390 2921 488 2985 mmuh
515 2919 630 3001 spiritu
658 2920 837 2998 adoptionis
866 2919 976 2997 dormi,
1009 2920 1101 2983 cuius
1153 2919 1277 2984 animae
1307 2941 1357 3002 ore
1390 2922 1576 3000 caedimus,
1609 2943 1667 2988 non
1701 2944 1811 2987 sumus
1864 2922 1959 2988 hristi
1989 2943 2124 3003 capaces.

120 3006 235 3070 virtute
261 3026 311 3071 eos
339 3006 486 3088 reformat
512 3006 556 3071 ad
582 3025 675 3069 suam
698 3005 877 3088 imapinem.
929 3006 1044 3070 Verum
1069 3005 1100 3068 si
1160 3004 1246 3070 Unde
1267 3006 1436 3090 collipltur,
1470 3029 1530 3072 non
1552 3008 1710 3074 detrahere
1731 3029 1787 3072 nos
1810 3007 1931 3073 Christo
1952 3010 2014 3073 aim
2036 3010 2125 3074 insti·

120 3091 197 3155 salis
214 3092 345 3164 claritas
365 3113 426 3156 non
442 3095 543 3173 potest
564 3113 585 3155 a
600 3092 702 3156 calme
722 3094 879 3171 separari,
903 3112 945 3154 an
966 3093 1035 3156 ideo
1052 3091 1100 3154 di·
1149 3089 1282 3171 ficandi,
1313 3094 1389 3158 dum
1414 3095 1513 3174 prius
1544 3113 1615 3159 eum
1644 3095 1706 3175 tide
1737 3094 1834 3174 recipi
1860 3095 2001 3159 monus
2028 3115 2125 3175 quam

119 3197 222 3241 cemus
239 3179 305 3242 luce
321 3178 455 3257 calefimi
472 3183 595 3256 terram,
614 3178 715 3242 calore
731 3197 803 3242 vero
817 3177 1001 3243 illustrari?
1028 3176 1100 3241 Hac
1150 3176 1240 3242 illius
1260 3179 1423 3244 iustitiam.
1469 3180 1578 3260 Neque
1596 3185 1697 3245 tamar
1718 3181 1835 3259 interea
1856 3185 2009 3245 tortuosas
2030 3181 2126 3246 leuius

119 3263 329 3326 similitudine
361 3262 441 3326 nihil
474 3263 517 3328 ad
547 3283 613 3327 rem
634 3269 829 3345 praesentem
855 3264 959 3346 mapis
985 3282 1099 3327 accam
1150 3262 1305 3343 sophistae
1323 3266 1444 3348 fipurm
1464 3267 1601 3344 admito,
1623 3286 1720 3348 quum
1741 3266 1817 3331 dicit
1836 3266 1929 3347 fidem
1950 3287 2014 3331 esse
2038 3264 2126 3332 Chri·

118 3347 255 3411 modum.
285 3347 357 3412 ¹Sol
383 3347 483 3413 calore
502 3368 566 3433 ,suo
593 3352 708 3412 terram
732 3355 846 3432 repetat
867 3369 905 3414 ac
923 3349 1097 3430 foecundat,
1150 3355 1242 3412 stum
1290 3351 1388 3432 Qieasi
1408 3373 1479 3417 vero
1501 3352 1564 3417 olla
1583 3352 1691 3434 fictilis
1711 3353 1753 3416 sit
1774 3351 1954 3430 thesaurus,
1987 3353 2068 3433 quod
2088 3353 2125 3418 in

119 3432 228 3497 radiis
258 3434 329 3497 suis
350 3433 489 3498 illustrat
516 3432 735 3498 etilluminat.
779 3435 844 3500 Hic
863 3440 973 3499 mutua
995 3439 1040 3500 est
1061 3454 1098 3500 ac
1149 3455 1185 3498 ea
1207 3437 1396 3501 reconditum
1417 3438 1459 3502 sit
1480 3457 1604 3503 aurum.
1650 3439 1756 3519 Neque
1777 3439 1859 3502 enim
1888 3438 2012 3502 diversa
2040 3440 2125 3504 ratio

119 3517 290 3583 indiuidua
311 3519 473 3598 connexio,
500 3519 673 3600 transferre
699 3525 801 3586 tamen
827 3522 909 3603 quod
930 3523 1026 3585 unius
1042 3540 1098 3600 pe-
1149 3523 1292 3602 atquin
1311 3522 1397 3603 fides,
1418 3524 1541 3589 etiamsi
1562 3525 1682 3590 nulliiis
1697 3544 1811 3604 perse
1832 3523 1995 3607 dipnitatis
2015 3524 2058 3588 sit
2078 3524 2125 3590 acl

119 3604 241 3669 cnliure
268 3609 314 3670 est
341 3605 384 3669 ad
410 3605 556 3683 cherum,
584 3606 667 3670 ratio
693 3607 768 3686 ipsa
782 3607 931 3688 proleihet.
977 3607 1019 3670 Iu
1040 3606 1098 3671 hae
1143 3608 1255 3687 pretii,
1289 3628 1345 3673 nos
1374 3610 1530 3692 iustificet,
1566 3609 1724 3675 Christum
1756 3608 1919 3691 afferendo,
1951 3610 2032 3675 sieut
2064 3611 2126 3676 olla

118 3691 258 3772 duplicis
282 3693 408 3773 pratiae
436 3691 626 3773 confusione,
654 3712 749 3772 quarn
776 3692 910 3758 abundii
933 3691 1096 3771 Osiander,
1144 3694 1290 3775 pecuniis
1327 3694 1441 3776 referta
1478 3695 1630 3761 hominem
1670 3696 1838 3778 locupletat.
1900 3694 2017 3758 Inscite
2055 3716 2126 3779 erpa

119 3777 238 3841 similis
253 3782 299 3842 est
316 3775 513 3842 absurditas:
533 3778 610 3858 quia
632 3778 714 3841 enim
734 3780 861 3861 reipsa
882 3779 925 3843 ad
941 3779 1098 3843 colendam
1147 3778 1255 3859 pidem,
1282 3800 1363 3860 quae
1389 3781 1628 3846 instrmnentum
1655 3787 1700 3846 est
1726 3782 1882 3846 dumanat
1905 3780 2126 3861 percipiendae

121 3863 278 3928 iustitium
299 3868 425 3928 renovat
447 3862 549 3942 Deus,
577 3884 654 3945 quas
670 3884 732 3944 pro
753 3866 847 3929 iustis
866 3865 969 3948 pratis
990 3868 1096 3943 censet,
1149 3865 1304 3944 iustitiae,
1326 3866 1394 3931 dico
1414 3868 1538 3932 misceri
1559 3888 1628 3932 eum
1651 3866 1788 3944 Christo,
1810 3866 1865 3946 qui
1885 3866 2061 3931 materialis
2081 3869 2125 3930 est

120 3948 201 4013 illud
229 3950 481 4032 repenerationis
497 3949 613 4014 dunum
644 3952 750 4016 miscet
776 3970 846 4015 aem
872 3951 930 4015 hae
955 3951 1097 4034 prolude
1149 3970 1256 4030 causa,
1278 3953 1416 4034 tantique
1433 3953 1569 4035 bernaicii
1591 3957 1681 4017 autor
1697 3952 1795 4017 simiel
1811 3956 1838 4014 et
1855 3951 2004 4015 minister.
2051 3950 2125 4016 Iam

121 4037 332 4117 acceptatione,
361 4055 517 4116 unumque
544 4039 572 4100 et
599 4035 681 4100 idun
707 4057 773 4102 esse
793 4038 952 4102 contendit.
995 4036 1097 4117 Atqui
1149 4039 1309 4118 inpeditus
1340 4043 1384 4103 est
1416 4039 1468 4103 ille
1506 4059 1623 4120 quoque
1657 4039 1771 4114 nodus,
1810 4036 1957 4115 qumnodo
1989 4038 2124 4123 intellipi

119 4123 278 4201 scriptura
309 4126 473 4203 uhunmue
501 4123 687 4204 coniunpens
718 4123 860 4187 distincte
892 4129 994 4188 tannen
1025 4143 1097 4187 enu-
1148 4124 1254 4188 debeat
1273 4124 1455 4190 vuahulum
1475 4122 1933 4205 fidei,ulrideinsti1lcatione
1955 4125 2070 4207 apitur.

118 4211 232 4287 morat,
259 4228 318 4289 quo
345 4207 511 4286 multiplea
531 4208 596 4273 Dei
615 4209 723 4290 pratia
743 4209 856 4273 melius
876 4209 965 4273 nohis
980 4213 1096 4291 pateat.
1235 4213 1264 4273 8.
1320 4209 1362 4273 In
1403 4208 1521 4275 Christi
1559 4211 1725 4290 receptione
1764 4207 1887 4291 lonpius
1924 4209 2124 4291 prooelntur:

66 4360 69 4363 Α
122 4293 229 4374 Neque
255 4294 339 4357 enim
365 4313 593 4375 superuacuum
619 4298 664 4357 est
691 4294 771 4358 illud
795 4293 894 4360 Pauli
917 4295 948 4379 (l
971 4295 1045 4360 Cor.
1069 4299 1095 4372 l,
1148 4315 1255 4374 nempe
1276 4297 1360 4361 verti
1381 4298 1500 4361 eeterni
1516 4295 1690 4360 minnisterio
1706 4295 1830 4359 uerbum
1848 4295 2001 4359 internum
2018 4296 2123 4375 recipi,

124 4382 188 4462 30),
211 4378 319 4444 datum
333 4379 435 4459 fuisse
454 4379 542 4443 nohis
560 4372 719 4443 Christian
737 4380 771 4442 in
790 4382 945 4445 iustitiam
966 4385 1097 4445 dsanc·
1149 4401 1208 4461 quo
1229 4401 1285 4446 nos
1308 4404 1328 4445 a
1350 4384 1519 4447 sacerdotio
1539 4379 1657 4446 Christi
1678 4380 1902 4445 etmediutoris
1919 4401 2056 4462 persana
2080 4381 2123 4445 ad

120 4463 327 4545 dicationem.
372 4463 417 4528 Et
443 4465 560 4544 quoties
586 4485 608 4526 a
629 4464 728 4528 salute
750 4465 837 4529 rubis
852 4472 964 4547 parta,
993 4488 1013 4529 a
1033 4487 1096 4545 pa·
1147 4472 1306 4532 eelerrmm
1318 4466 1343 4552 ¹)
1373 4469 1443 4532 eius
1475 4468 1669 4533 diuinitatem
1695 4467 1847 4532 traducat.
1899 4466 1967 4529 Nos
1995 4465 2120 4545 qudem

121 4555 205 4614 terno
227 4571 332 4615 amore
348 4550 420 4629 Dei,
443 4572 464 4614 a
484 4548 601 4615 Christi
619 4551 726 4632 pratia
747 4553 956 4616 ratiocinatur
977 4571 1033 4616 nos
1055 4551 1097 4615 ad
1151 4551 1308 4618 Christum
1329 4575 1391 4619 run
1415 4555 1602 4632 diuidimus,
1629 4553 1683 4617 sed
1711 4552 1852 4629 eundem
1886 4553 1939 4633 qui
1967 4552 2002 4614 in
2029 4571 2123 4616 carne

120 4637 314 4701 sanctitatem
339 4637 572 4701 otmunditiem
600 4641 720 4700 nudas
742 4656 819 4714 esse,
848 4642 952 4716 aperte
979 4637 1097 4702 indicat
1147 4658 1208 4702 sua
1229 4659 1285 4703 nos
1300 4640 1392 4720 petri
1413 4640 1617 4705 recmecilians
1638 4639 1760 4703 iustitia
1781 4639 1915 4714 durarit,
1942 4657 2006 4700 esse
2027 4643 2122 4702 acter-

121 4721 210 4786 aliud
231 4742 296 4787 esse
316 4723 488 4804 iustificari
510 4741 605 4802 quam
621 4720 692 4801 (ieri
713 4742 809 4786 reoaas
826 4728 996 4788 creaturas.
1035 4721 1096 4788 Ubi
1148 4745 1224 4789 num
1250 4745 1418 4791 sermonem
1445 4725 1524 4804 Dei,
1553 4746 1606 4790 nec
1634 4746 1704 4789 nera
1733 4723 1772 4788 ah
1801 4743 1833 4786 eo
1860 4725 2001 4805 potuisse
2032 4722 2122 4788 aliter

121 4827 189 4871 secra
211 4809 253 4870 ad
274 4809 464 4891 scripturam
486 4813 608 4873 eadum
630 4812 690 4886 est,
719 4808 841 4872 tatilem
862 4809 1033 4891 corrumpit
1054 4809 1096 4874 lo-
1147 4813 1273 4891 impleri
1295 4813 1475 4877 mediatoris
1496 4817 1606 4891 partes
1632 4814 1780 4893 latemur,
1808 4811 2010 4899 etiustitiam
2035 4809 2123 4876 reohis

122 4912 172 4956 eos
200 4899 270 4972 quot
297 4895 378 4959 citat.
430 4893 492 4960 Uhi
516 4894 640 4958 Paulus
665 4894 742 4959 dicit
770 4895 913 4975 repmtari
937 4895 1030 4976 tidem
1054 4895 1097 4960 ud
1149 4899 1280 4979 acquiri,
1309 4900 1374 4962 nisi
1401 4903 1479 4963 esset
1499 4898 1590 4963 Deus
1611 4901 1762 4961 aeternus.
1809 4893 1870 4959 Sed
1890 4895 1944 4960 leae
1970 4895 2122 4961 Csiandri

121 4978 277 5044 ‘iustitiam
297 5001 359 5045 non
382 4980 530 5062 operanti,
556 4982 610 5046 sed
631 4981 763 5045 medinm
784 4982 819 5044 in
841 5001 910 5045 eum
931 4982 985 5060 qui
1006 4982 1096 5044 iusti-
1142 4984 1297 5064 placitum
1325 4989 1383 5064 est,
1411 5005 1507 5065 quum
1534 4983 1624 5048 Deus
1650 4989 1677 5047 et
1704 4982 1791 5047 homa
1818 4983 1861 5047 sit
1891 4981 2048 5062 Christus,
2076 5003 2122 5046 re-

118 5064 193 5143 tient
217 5066 362 5148 impium,
392 5067 517 5149 enponit
543 5067 662 5131 iustum
690 5067 816 5148 efficere.
861 5066 983 5131 Eadem
1008 5072 1095 5131 nm-
1147 5073 1249 5150 spectu
1275 5070 1403 5135 diuinae
1429 5076 1577 5149 naturae,
1605 5089 1665 5133 non
1690 5068 1860 5149 humanae,
1885 5068 2002 5150 fodiem
2035 5069 2122 5133 vitaliis

121 5152 213 5216 ritate
233 5152 385 5233 domarat
410 5158 505 5217 totum
533 5152 615 5217 illud
635 5159 782 5233 quartum
803 5159 894 5235 capiet
916 5153 958 5217 ad
981 5152 1096 5218 Rorna-
1147 5193 1154 5200 -
1192 5194 1201 5197 -
1237 5192 1351 5200 -—-

120 5258 191 5317 nos,-
214 5258 309 5316 rupee
331 5238 451 5302 dubitat
472 5237 575 5301 eodem
594 5239 666 5320 fuco
687 5239 810 5319 inficere
832 5241 913 5320 quael
935 5261 1033 5322 uesper
1053 5241 1096 5304 ei·
1216 5257 1245 5324 1)
1264 5255 1338 5310 Edi.
1355 5272 1421 5312 reee.
1439 5257 1596 5312 mendam:
1615 5269 1760 5312 aeternam.
