4672 5842
237 308 305 374 ΜΒ
559 381 563 389 ,
823 345 826 348 >
891 300 1159 372 mummulo
1180 303 1284 369 ΗΕΒ.
1306 301 1487 370 eumer.
1510 307 1601 370 1559.
2184 300 2250 364 244

250 504 322 561 tum
344 516 440 560 suum
463 494 606 573 cohibet;
634 516 697 577 quo
717 495 751 558 in
775 496 979 559 sanctitatem
1002 515 1040 558 ae
1064 492 1224 558 iustitiam
1275 493 1411 573 radunt,
1449 493 1666 558 mediocribus
1701 493 1800 557 etiam
1838 492 1978 575 ingeniis
2010 510 2077 552 non
2109 488 2251 553 multum

248 580 463 667 propendeat,
493 580 535 644 ad
556 582 700 645 iustitiae
722 601 800 645 suae
821 580 969 664 regulam
992 581 1108 658 flectm,
1136 601 1224 645 com·
1276 581 1436 645 facessent
1457 581 1595 662 negotii,
1626 600 1709 662 quae
1737 579 1921 661 superiores
1950 576 2046 640 modo
2074 575 2251 640 solutiones
2307 618 2319 637 .

247 670 349 752 ponit,
371 667 500 743 format,
524 665 650 751 dirigit;
674 688 716 730 ne
736 666 854 731 titubet
876 673 933 730 aut
951 662 1107 747 wneidat,
1128 666 1224 749 epiri·
1275 667 1375 749 pmbe
1414 666 1610 731 imbiberint.
1667 664 1779 730 Oitant
1814 686 1856 728 ex
1893 663 2016 728 Genesi
2054 662 2253 726 sententiam

248 763 303 818 tus
332 754 382 817 sui
410 753 533 832 vi1tute
556 752 680 817 stabilit
713 774 750 817 ao
775 753 954 818 confirmat
1008 751 1079 835 Qua
1104 751 1225 819 ratione
1277 752 1368 816 illam
1390 753 1435 833 (4,
1456 751 1505 832 7):
1529 752 1589 816 sub
1617 759 1649 816 te
1676 753 1740 815 crit
1767 751 1929 833 appetitus
1956 750 2040 824 eius,
2068 758 2102 811 et
2130 755 2166 811 tu
2194 747 2252 812 do-

248 839 466 923 Auqustinus,
482 840 506 922 ¹)
538 841 622 904 dices
644 839 737 915 milii,
766 839 881 919 inquit,
909 856 981 922 erqo
1008 837 1144 923 aqimur,
1163 856 1226 901 aon
1276 839 1453 903 minaberis
1479 837 1541 914 illi;
1570 837 1732 921 quamde
1760 844 1890 918 peceato
1918 836 2190 917 interpretantur,
2215 854 2252 898 ae

248 928 388 1010 aqimus:
414 925 476 988 imo
498 926 581 1007 eyia,
605 931 632 989 et
660 925 779 1007 aperis·
807 929 835 988 et
860 930 932 988 tuuc
951 922 1026 991 dene
1093 923 1225 1002 ',sia
1277 925 1304 988 si
1330 924 1414 988 Cain
1441 924 1647 1006 promitteret
1673 923 1851 999 Dominus,
1884 943 1950 985 non
1978 922 2047 984 fore
2074 921 2110 983 in
2143 921 2252 983 animo

249 1011 325 1076 bono
347 1011 465 1093 aqaris.
500 1010 642 1091 Spiritus
658 1010 721 1074 Dei
739 1012 795 1090 qui
813 1015 840 1074 te
857 1012 932 1093 aqit,
1133 1008 1226 1076 adiu·
1277 1011 1347 1074 eins
1369 1011 1436 1074 vim
1464 1012 1663 1091 superiorem
1684 1009 1824 1092 peceati,
1854 1008 1939 1071 siin
1966 1027 2003 1070 eo
2031 1004 2253 1088 perdomando

246 1103 296 1164 tor
318 1102 370 1174 est,
394 1115 504 1160 nonieu
522 1097 678 1185 adiutoria
688 1097 886 1175 praescribit,
908 1096 991 1176 quod
1007 1098 1088 1161 eltis
1102 1093 1226 1177 aliquid
1276 1096 1425 1160 laborare
1450 1095 1557 1161 vellet.
1603 1096 1671 1159 Nos
1700 1101 1809 1158 autem
1834 1094 1939 1176 magis
1968 1112 2147 1175 congruere
2172 1090 2253 1156 diei·

246 1204 334 1267 aqas.
381 1180 494 1246 Priore
514 1181 647 1246 membro
668 1182 811 1246 admonet
838 1183 988 1246 act-ionem
1008 1181 1143 1247 domitus
1164 1201 1226 1245 nou
1277 1204 1351 1247 mus
1383 1182 1489 1246 ordini
1517 1182 1687 1258 orationis,
1721 1187 1757 1244 ut
1790 1177 1829 1243 de
1858 1179 1961 1244 Abele
1988 1179 2165 1260 accipiatur
2190 1177 2253 1241 hoe

249 1269 316 1333 tolli
338 1269 473 1350 spiritus
494 1269 592 1330 saneti
614 1273 707 1344 motu,
738 1269 814 1349 quia
832 1290 853 1330 a
874 1273 990 1331 nature
1011 1273 1054 1332 est
1074 1268 1225 1345 volumtas,
1278 1268 1410 1333 dictum.
1455 1267 1528 1332 Illic
1556 1268 1645 1331 enim
1679 1267 1885 1347 iniquitatem
1913 1263 2057 1330 invidiae
2090 1283 2189 1346 quam
2215 1264 2253 1327 in

247 1375 328 1436 quoe
349 1354 468 1435 reqitur
489 1357 522 1416 ut
545 1354 588 1417 ad
609 1353 720 1416 boneem
747 1355 873 1435 aspiret.
922 1354 1010 1434 Quod
1031 1358 1133 1417 autern
1154 1373 1226 1416 mou
1276 1357 1412 1418 tratrem
1445 1352 1528 1417 (lain
1561 1358 1766 1436 conceperat,
1800 1372 1938 1435 arguere
1962 1349 2170 1499 (propositum
2203 1356 2253 1414 est

247 1441 408 1521 adiunqit,
442 1459 480 1503 eu
508 1439 631 1502 nornine
658 1439 776 1504 oueilii
797 1459 891 1520 posse
917 1439 1020 1522 colligi
1048 1460 1105 1502 uos
1133 1441 1226 1503 etiem
1277 1441 1358 1504 Dco.
1402 1439 1442 1503 Id
1470 1440 1548 1504 facit
1575 1439 1696 1521 duplici
1724 1440 1863 1502 ratione:
1898 1457 1960 1519 quo
2005 1437 2127 1500 frustra
2148 1434 2253 1500 medi·

249 1525 371 1605 atiquid
393 1544 491 1606 aque,
514 1544 572 1587 non
593 1527 793 1589 consentite
811 1526 955 1605 occurere,
978 1527 1071 1605 quasi
1087 1545 1227 1588 seorsum
1277 1526 1410 1590 tabatur
1431 1526 1536 1591 scelus
1559 1547 1621 1608 quo
1643 1527 1779 1589 fratrem
1802 1523 2012 1606 praecelleret
2033 1521 2120 1603 apud
2132 1522 2254 1599 Deum,

251 1611 375 1691 aliquid
391 1611 479 1674 nobis
496 1610 631 1690 tribuat;
652 1612 706 1674 sed
727 1632 765 1676 ne
781 1613 883 1692 foueat
900 1613 936 1673 iu
953 1611 1039 1676 uobis
1057 1612 1225 1692 iqnneiam,
1279 1612 1365 1696 apud
1393 1633 1490 1693 quem
1519 1612 1630 1676 nullus
1659 1617 1708 1675 est
1729 1609 1835 1675 honor
1862 1610 1925 1673 nisi
1948 1607 2108 1685 iustitiam
2136 1606 2254 1671 deinde

247 1699 295 1762 sie
316 1696 380 1760 Dei
407 1697 556 1760 actionem
583 1717 653 1760 cum
679 1702 787 1761 nostra
810 1697 953 1761 conciliat
980 1703 1015 1760 ut
1041 1697 1116 1760 celle
1142 1697 1184 1761 sit
1205 1717 1226 1759 a
1278 1698 1364 1780 quod
1387 1698 1525 1761 nimium
1543 1699 1692 1781 ingratus
1715 1706 1801 1761 esset
1822 1695 1888 1759 iam
1916 1701 2047 1776 accepto
2068 1694 2133 1758 Dei
2155 1692 2254 1757 beno-

247 1787 379 1858 notiora,
410 1782 481 1847 bene
509 1789 612 1846 autem
639 1783 713 1847 celte
738 1805 759 1847 a
783 1783 900 1866 qratia.
947 1783 1021 1847 Ideo
1036 1783 1135 1864 poulo
1156 1789 1227 1847 ante
1277 1786 1358 1861 ficio,
1382 1785 1437 1865 qui
1459 1805 1501 1848 nc
1519 1784 1702 1849 subiectum
1725 1781 1856 1863 quidem
1879 1802 1937 1844 suo
1960 1781 2095 1862 imperio
2117 1779 2254 1843 fratrem

241 1869 382 1934 diceret:
403 1870 468 1933 nisi
479 1867 636 1933 Deusnos
653 1870 787 1948 adiuvet,
810 1868 1148 1952 nmmodooiuceret)
1171 1870 1225 1934 sed
1276 1870 1361 1934 ferre
1379 1879 1495 1951 posset.
1541 1870 1668 1933 Verum
1690 1890 1732 1932 ne
1755 1867 1841 1932 hanc
1859 1867 2162 1948 interpretationem
2179 1863 2254 1930 ideo

244 1974 341 2035 neque
363 1975 509 2037 puqnore
524 1955 707 2035 pendeam.
1276 1953 1448 2020 videamur
1486 1955 1666 2037 amplexari
1699 1953 1784 2036 quod
1826 1953 1929 2016 altera
1961 1952 2055 2016 nobis
2088 1949 2254 2016 contraria

335 2045 382 2103 15.
429 2040 517 2105 Hinc
540 2048 698 2123 apparet,
717 2041 856 2123 gratiam
878 2040 942 2104 Dei
971 2041 1019 2123 (ut
1040 2039 1094 2105 boc
1116 2062 1225 2105 viminu
1277 2043 1329 2118 sit,
1353 2040 1467 2106 demus
1490 2063 1568 2105 sane
1590 2041 1630 2106 de
1653 2048 1784 2122 peccato
1810 2039 1982 2120 loquutum
2010 2039 2110 2102 fuisse
2131 2037 2252 2101 Deum.

244 2127 381 2190 sumitur
402 2126 456 2190 ubi
476 2127 514 2191 de
534 2127 763 2209 reqeneratione
791 2130 836 2190 est
856 2128 970 2209 sermo)
998 2148 1068 2191 esse
1090 2127 1223 2208 spiritus
1276 2126 1314 2192 si
1332 2129 1379 2191 ita
1401 2134 1458 2204 est,
1481 2134 1540 2191 aut
1561 2126 1725 2210 promittit
1746 2125 1808 2189 hoe
1829 2123 1991 2189 Dominus
2018 2122 2103 2205 quod
2127 2122 2253 2187 denun-

245 2212 394 2295 regulam
432 2210 472 2275 ad
504 2211 707 2294 dirigendam
745 2234 782 2277 ae
815 2210 1049 2277 moderandam
1081 2211 1222 2276 hominis
1274 2213 1344 2289 tiat,
1367 2223 1425 2277 aut
1446 2213 1543 2277 iubet.
1589 2212 1627 2278 Si
1648 2211 1752 2287 iubet,
1780 2210 1906 2275 nullam
1931 2209 2007 2274 inde
2028 2209 2254 2292 probationem

243 2297 454 2363 voluntatem.
512 2297 675 2362 Moderari
709 2320 776 2362 non
808 2306 915 2381 potest
953 2299 1032 2380 quin
1070 2299 1220 2380 corrigat,
1274 2300 1437 2363 facultatis
1465 2299 1629 2363 humanae
1660 2299 1752 2380 sequi
1780 2298 1846 2361 iam
1881 2295 2191 2372 demonstravimus;
2226 2295 2253 2358 si

244 2384 323 2466 quin
353 2383 524 2460 reformet,
552 2384 632 2465 quin
654 2393 790 2450 renovet
817 2383 921 2468 (unde
942 2384 1079 2449 dicimus
1101 2385 1221 2467 prinei·
1272 2386 1445 2468 premittit,
1476 2384 1531 2448 ubi
1560 2383 1784 2467 promissionis
1807 2383 2095 2463 complementum,
2123 2379 2253 2464 quando

244 2469 334 2552 pium
357 2471 613 2552 regenerationis
635 2491 714 2548 esse,
737 2477 775 2535 nt
797 2469 882 2552 quod
904 2477 1055 2535 nostrum
1077 2479 1127 2535 est
1144 2470 1221 2536 abo·
1273 2479 1413 2553 peceato,
1433 2471 1484 2536 cui
1508 2470 1668 2537 dominari
1690 2471 1800 2552 ipsum
1821 2468 2002 2550 oportebat,
2031 2466 2115 2532 Cain
2138 2488 2252 2532 sucen-

242 2553 363 2636 leatur)
390 2556 486 2619 simul
516 2556 595 2637 quin
623 2563 767 2633 moveat,
805 2564 897 2639 egat,
934 2556 1096 2638 impellat,
1125 2556 1218 2634 terat,
1272 2557 1363 2622 buit?
1386 2557 1599 2622 Promissioni
1622 2557 1782 2620 inclusam
1805 2554 1914 2619 dicent
1937 2555 2071 2618 tacitam
2093 2550 2249 2620 conditio-

243 2647 361 2706 teneat.
406 2641 502 2706 Unde
530 2662 608 2706 vere
634 2640 771 2708 dicimus
799 2642 887 2705 illius
914 2643 950 2706 in
978 2641 1118 2706 solidum
1149 2663 1218 2708 esse
1271 2665 1348 2708 nem
1375 2644 1462 2708 acsi
1488 2643 1660 2720 diceretur,
1686 2642 1857 2708 victoriam
1883 2646 2127 2722 reportaturum
2152 2637 2253 2706 fuisse

241 2746 353 2792 omnes
381 2748 464 2810 quae
494 2727 570 2791 inde
599 2735 754 2792 emanant
782 2729 935 2792 actiones.
988 2727 1124 2792 Interim
1152 2750 1218 2793 non
1272 2732 1299 2796 si
1322 2736 1476 2806 certaret;
1506 2728 1563 2793 sed
1585 2730 1658 2810 quis
1683 2727 1820 2808 recipiat
1841 2727 1923 2790 istas
1947 2727 2132 2811 ambages?
2164 2727 2253 2793 Nam

241 2834 401 2896 negamus
428 2814 635 2879 verissimum
667 2835 737 2878 esse
764 2814 850 2896 quod
878 2815 1084 2897 Augustinus
1115 2814 1217 2892 docet,
1271 2818 1299 2880 si
1322 2813 1363 2880 ad
1382 2821 1551 2897 peccatum
1579 2815 1724 2878 refertur
1751 2813 1815 2877 ista
1842 2811 2034 2889 dominatio,
2064 2834 2160 2877 nemo
2182 2834 2252 2877 am-

241 2919 309 2965 non
333 2899 456 2965 destrui
479 2900 587 2984 gratia
613 2898 823 2977 voluntatem,
847 2898 904 2964 sed
926 2901 1031 2982 magis
1058 2901 1203 2982 reparari
1210 2924 1218 2979 ;
1271 2901 1363 2985 bigat
1384 2902 1613 2983 imperativam
1630 2922 1702 2965 esse
1721 2899 1918 2976 orationem,
1947 2899 1983 2962 in
2004 2918 2068 2980 qua
2089 2920 2155 2963 non
2174 2899 2253 2964 defi-

242 2987 318 3068 quia
335 2985 648 3071 utrumqueoptime
670 2992 810 3050 constat:
835 2993 872 3048 ut
893 2986 1070 3050 instaurari
1093 2985 1220 3051 dicatur
1271 2989 1363 3053 nitur
1384 2986 1462 3069 qnid
1483 2988 1654 3068 possimus,
1680 2985 1737 3051 sed
1762 2984 1839 3067 quid
1861 2984 1915 3048 vel
1936 3005 2036 3067 supra
2057 2991 2254 3066 potestatem

241 3070 386 3136 hominis
413 3071 581 3149 voluntas,
612 3069 691 3135 dum
719 3079 864 3136 correcta
891 3072 1066 3136 vitiositate
1092 3080 1125 3136 et
1145 3093 1220 3155 per·
1272 3074 1456 3139 debeamus.
1506 3075 1694 3154 Quanquam
1718 3075 1817 3137 eires
1839 3072 1911 3151 ipsa
1937 3076 1967 3135 et
1990 3071 2070 3135 ratio
2095 3091 2254 3152 qramme»

243 3157 398 3221 versitate
426 3157 467 3220 ad
496 3179 609 3221 veram
638 3158 782 3222 iustitiae
811 3157 959 3241 regulam
988 3157 1139 3242 dirigitur
1146 3183 1154 3238 ;
1188 3166 1221 3223 et
1273 3161 1350 3224 tiene
1374 3159 1548 3240 podedout,
1579 3159 1839 3241 comparationem
1862 3157 1933 3237 fieri
1963 3154 2042 3221 Cain
2070 3161 2098 3220 et
2127 3155 2253 3240 Abelis:

222 3314 224 3319 ,
243 3242 341 3307 simul
363 3262 450 3308 nova
471 3243 506 3306 in
529 3242 662 3307 homine
684 3243 835 3309 voluutas
859 3244 985 3308 dicatur
1008 3246 1121 3322 creari,
1144 3245 1221 3326 quia
1273 3247 1349 3329 quia
1363 3243 1387 3328 Ι)
1404 3247 1632 3328 primoqenitus
1642 3245 1743 3326 frater
1753 3244 1868 3307 minori
1880 3242 2076 3326 posthabitus
2092 3262 2153 3306 non
2172 3243 2255 3324 fuis·

242 3329 289 3394 sio
312 3329 427 3393 vitiata
445 3338 662 3412 corruptaque
684 3336 742 3407 est,
772 3338 810 3393 ut
831 3352 953 3396 novum
976 3332 1106 3415 penitus
1128 3332 1220 3414 inge·
1273 3338 1326 3410 set,
1349 3333 1415 3396 nisi
1430 3333 1562 3413 proprio
1584 3333 1695 3397 scelere
1716 3331 1855 3395 deterior.

240 3415 334 3479 nium
372 3414 508 3480 inducre
546 3436 677 3481 neeesse
705 3415 832 3481 habeat.
888 3416 982 3480 Nihil
1014 3418 1080 3481 iam
1113 3417 1222 3481 obstet
1363 3422 1411 3480 17.
1455 3417 1606 3482 Utuntur
1628 3424 1660 3481 et
1682 3417 1868 3480 testimonio
1896 3412 2048 3496 apostoli,
2075 3415 2153 3497 quia
2175 3414 2254 3480 dicit

241 3502 414 3583 quominus
436 3503 497 3566 rite
521 3523 617 3585 agere
635 3501 784 3568 dicamur
805 3502 892 3585 quod
915 3504 983 3586 egit
1005 3503 1138 3586 spiritus
1155 3503 1219 3567 Dei
1273 3524 1341 3568 non
1375 3523 1445 3567 esso
1477 3503 1636 3581 volentis,
1669 3524 1730 3567 nec
1764 3502 1940 3577 currentis,
1975 3500 2032 3565 aed
2066 3501 2252 3566 miserentis

241 3587 276 3651 in
299 3587 401 3666 nobis,
425 3589 549 3652 etiamsi
570 3588 651 3652 iimo
672 3610 693 3653 a
719 3609 752 3654 se
772 3590 845 3670 ipsa
874 3589 1012 3670 conferat
1037 3594 1144 3654 nostra
1172 3610 1221 3653 uo-
1273 3590 1339 3655 Dei
1361 3589 1470 3673 (Rom.
1491 3594 1519 3666 9,
1543 3591 1609 3673 llil:
1645 3610 1687 3653 cx
1709 3609 1773 3670 quo
1795 3588 1944 3665 eliciunt,
1974 3585 2096 3668 aliquid
2124 3609 2194 3651 esse
2215 3588 2251 3649 in

241 3673 348 3739 luentes
373 3673 455 3754 quod
484 3674 523 3737 ab
551 3675 619 3739 eius
643 3676 751 3757 qratia
778 3680 950 3756 separetur.
996 3675 1130 3757 Ideoque
1159 3696 1220 3740 me·
1273 3676 1444 3741 voluntate
1472 3681 1505 3738 et
1532 3682 1665 3751 conatu,
1694 3673 1779 3755 quod
1809 3694 1869 3755 per
1890 3693 1924 3737 se
1946 3672 2022 3737 licet
2041 3670 2250 3747 imbecillum,

240 3761 343 3825 moria
386 3759 548 3826 termidum
585 3762 666 3841 quod
705 3761 783 3825 alibi
814 3782 853 3825 eu
893 3761 1073 3843 Auqustiuo
1113 3762 1220 3826 citavi-
1273 3760 1496 3826 misericordia
1529 3762 1592 3826 Dei
1630 3761 1791 3839 adiutum,
1827 3779 1979 3842 qrospero
2016 3778 2158 3823 sememsu
2189 3778 2251 3821 non

242 3867 328 3925 mers,
365 3846 489 3927 frustm
521 3848 675 3928 quosdam
708 3852 848 3929 sataqere
880 3853 915 3910 ut
944 3849 979 3910 in
1006 3847 1142 3912 bominis
1169 3868 1219 3911 vo
1273 3853 1385 3913 careat.
1429 3848 1531 3928 Atqui
1554 3847 1581 3911 si
1602 3847 1708 3912 sobrie
1731 3847 1936 3928 pensitarent
1959 3866 2041 3927 quae
2064 3843 2129 3909 illic
2151 3864 2251 3908 causa

242 3932 357 3996 luntote
391 3933 563 4013 quidquam
607 3933 678 3998 boni
717 3934 886 4013 proprium
921 3934 1093 4012 reperient;
1131 3934 1221 4014 quid-
1272 3941 1432 3999 tractetur
1454 3955 1473 3996 a
1495 3932 1614 4010 Paulo,
1647 3934 1710 3998 ista
1738 3932 1901 3996 sententia
1920 3951 1985 3993 non
2005 3930 2087 3995 adeo
2107 3930 2250 4016 inconsi-

242 4018 424 4098 quidecim
451 4019 607 4083 misturae
634 4038 672 4081 eu
699 4018 788 4082 liberi
816 4018 945 4083 arbitrii
972 4021 1086 4082 uirtide
1108 4021 1221 4100 afferre
1273 4020 1384 4084 derate
1418 4018 1639 4083 abuterentur.
1692 4016 1769 4083 Seio
1796 4039 1851 4082 eos
1886 4037 1979 4098 posse
2007 4015 2189 4099 Origenem
2218 4022 2251 4080 ct

242 4104 363 4168 studuit
392 4103 528 4168 immines
555 4105 598 4169 ad
620 4104 685 4168 Dei
708 4105 861 4189 qratiam,
895 4104 977 4169 nibil
1009 4103 1099 4168 aliud
1125 4124 1220 4185 quam
1273 4106 1515 4187 Hieronymum
1524 4104 1553 4189 ²)
1581 4107 1682 4170 citare
1711 4126 1788 4168 suae
1818 4103 2026 4185 expositionis
2054 4103 2250 4185 suffra-gato·

153 4218 156 4223 ·
243 4190 312 4253 eius
332 4190 488 4270 corruptio
510 4195 569 4255 est:
585 4191 717 4271 perinde
738 4211 775 4255 ae
797 4193 827 4255 si
849 4193 921 4272 quis
939 4192 1039 4255 ledosa
1057 4196 1085 4253 et
1105 4209 1220 4254 amaro
1273 4213 1339 4269 res;
1362 4211 1490 4272 possem
1513 4200 1546 4255 et
1567 4191 1633 4257 illis
1654 4191 1798 4256 vicissim
1820 4190 2045 4272 Augustinum
2072 4209 2249 4270 opponere3

244 4295 329 4356 aquo
351 4276 460 4339 einum
481 4277 619 4340 diliuret.
664 4277 738 4342 Etsi
759 4282 862 4340 eidem
885 4276 1039 4357 quidquid
1061 4277 1096 4338 in
1112 4276 1220 4339 coluri·
1273 4276 1330 4342 sed
1353 4276 1431 4358 quid
1452 4276 1500 4340 illi
1522 4277 1649 4360 opinati
1668 4278 1733 4341 sint
1755 4284 1868 4340 nostra
1889 4273 1972 4338 nihil
1990 4275 2098 4348 refert,
2123 4276 2150 4339 si
2173 4295 2249 4339 con-

242 4365 304 4426 tate
325 4362 397 4428 boni
419 4366 471 4436 est,
493 4381 531 4426 eu
552 4382 636 4427 mero
658 4364 791 4444 spiritus
808 4363 956 4426 instinctu
967 4363 1121 4442 procerit,
1144 4364 1220 4443 quie
1272 4370 1339 4428 stat
1367 4360 1444 4444 quid
1471 4363 1611 4428 voluerit
1637 4363 1772 4428 Paulus.
1816 4361 1890 4426 Illie
1912 4360 2019 4439 docet,
2053 4361 2093 4424 iis
2116 4359 2250 4424 demum

242 4451 345 4513 mareu
368 4448 454 4512 uobis
482 4449 669 4514 naturaliter
697 4451 869 4530 ingenitum
896 4452 941 4511 est
962 4447 1050 4525 uelle,
1079 4468 1140 4512 non
1165 4448 1221 4513 abs
1272 4456 1421 4531 paratam
1444 4470 1514 4513 esse
1533 4450 1674 4514 salutem
1695 4470 1775 4531 quos
1803 4468 1862 4511 sua
1890 4445 2113 4512 misericordia
2134 4446 2250 4511 Domi·

241 4555 276 4599 re
296 4556 333 4600 ea
354 4556 446 4618 oqere
468 4535 605 4599 dicimur
631 4554 764 4614 quorum
791 4534 916 4598 laudem
943 4533 1005 4596 sibi
1034 4535 1103 4598 iure
1130 4534 1221 4599 Deus
1272 4557 1335 4600 nus
1358 4534 1525 4619 dignatum
1548 4537 1678 4600 ruinam
1697 4542 1730 4598 ct
1747 4534 1923 4597 interitum*
1936 4553 2069 4598 manere
2087 4552 2249 4614 quoscun-

241 4623 398 4699 oendicat,·
430 4623 588 4704 primum,
621 4622 698 4703 quia
725 4628 875 4683 nostrum
899 4625 947 4683 est
975 4620 1044 4684 eius
1070 4620 1220 4704 benigni·
1272 4643 1336 4704 que
1362 4644 1429 4686 non
1459 4623 1602 4706 elegerit.
1652 4619 1880 4702 Reproborum
1913 4627 2035 4685 sortem
2071 4618 2131 4684 sub
2159 4616 2248 4681 Pha—

241 4712 309 4772 tate
331 4706 488 4789 quidquid
510 4717 664 4789 operatur
686 4707 721 4769 in
743 4704 851 4782 nobis,
879 4704 975 4769 modo
997 4727 1064 4770 non
1086 4728 1105 4770 a
1127 4706 1220 4771 nobis
1272 4709 1381 4773 raonis
1415 4708 1564 4791 exemplo
1597 4705 1880 4771 demonstraverat
1887 4728 1894 4782 ;
1929 4706 2091 4789 gratuitae
2123 4722 2249 4785 quoque

111 4860 122 4877 .
241 4812 312 4857 esse
345 4790 583 4874 intelligamus3
622 4791 739 4857 deinde
777 4793 854 4874 quia
886 4800 998 4870 nostra
1036 4799 1086 4858 est
1116 4814 1219 4871 mens,
1272 4793 1438 4859 electionis
1467 4792 1695 4859 certitudinem
1726 4790 1830 4855 Mosis
1863 4792 2049 4857 testimonio
2076 4789 2249 4856 coufirma-

241 4885 355 4942 nostra
383 4876 548 4954 voluntas,
584 4886 733 4943 nostrum
760 4879 919 4957 studium,
955 4899 1036 4962 quae
1064 4878 1105 4943 ab
1127 4901 1165 4944 eo
1184 4879 1220 4942 in
1271 4887 1336 4945 rat:
1361 4880 1539 4946 miserebor
1556 4879 1649 4942 euius
1665 4875 1851 4941 miserebor.
1887 4876 2069 4956 Concludit,
2092 4894 2159 4939 non
2176 4895 2249 4938 esse

242 4961 363 5026 bonum
384 4960 579 5044 dirigimtur.
1271 4966 1411 5032 volentis
1440 4974 1497 5030 aut
1524 4962 1703 5041 currentis,
1733 4962 1790 5026 sed
1818 4964 2004 5031 miserentis
2033 4963 2105 5029 Dei.
2151 4957 2249 5042 Quod

331 5052 379 5110 16.
426 5044 519 5127 Quae
542 5057 711 5130 praeterea
740 5050 817 5116 hino
838 5050 915 5116 inde
935 5051 1120 5116 testimonia
1148 5072 1219 5117 cor-
1272 5106 1433 5112 ----..
1451 5104 1474 5109 ..
1969 5048 1973 5063 '

1340 5169 1370 5238 1)
1388 5165 1606 5224 Noouanton
1622 5167 1708 5220 male:
1726 5185 1786 5237 qua.
1870 5167 1900 5234 2)
1920 5169 1943 5223 Ο
1961 5169 1967 5182 ’
1986 5208 1994 5223 .
2017 5170 2078 5224 libr.
2098 5167 2122 5224 7.
2143 5170 2172 5222 in
2190 5168 2247 5237 epi·

314 5232 342 5303 1)
360 5236 400 5289 De
418 5242 535 5305 corrept.
556 5241 584 5289 et
601 5243 671 5306 grat.
689 5252 711 5289 c.
730 5234 754 5299 2.
825 5236 856 5306 2)
876 5236 931 5294 Sic.
1271 5239 1332 5293 stol.
1350 5237 1385 5291 ad
1402 5237 1546 5291 Romanos.
1574 5236 1736 5308 Hieronym.
1754 5238 1817 5292 dial.
1837 5237 1862 5291 1.
1879 5236 1950 5291 inP
2010 5278 2017 5292 .
