4672 5842
1175 156 1181 189 1

164 323 226 384 881
529 320 619 386 LIB.
642 321 703 387 IV.
746 322 811 387 DIl
833 319 1070 387 exeamus
1091 320 1258 388 MEDIIS
1280 323 1345 388 AD
1368 321 1599 391 SALUTEM.
1644 321 1743 390 OAP.
1766 324 1810 391 X.
2114 332 2179 396 882

163 507 324 575 incumbit
350 508 569 590 apostolorum
595 510 744 575 doctrina
765 532 808 574 ne
830 511 923 574 novis
944 510 1144 575 observatio·
1197 512 1321 594 gustini
1346 512 1455 577 verbis
1484 512 1679 577 solutionem
1708 513 1852 577 afferam.
1898 512 1993 594 Quae
2021 522 2101 596 toto,
2124 520 2178 582 in-

165 596 262 661 nibus
284 601 463 658 onerentur
484 597 709 673 conscientiae,
732 603 792 661 aut
807 596 873 660 Dei
894 595 1001 661 cultus
1023 598 1144 662 nostris
1197 599 1276 679 quit,
1285 598 1311 681 ¹)
1327 605 1492 663 terrarum
1503 600 1581 664 orbe
1592 605 1774 676 servantur,
1793 599 1845 664 vel
1863 600 1903 664 ab
1922 600 2001 682 ipsis
2012 605 2175 683 apostolis,

163 680 408 746 inventionibus
436 683 685 746 contaminetur.
735 681 866 747 Deinde
894 684 920 747 si
949 703 1014 764 qua
1041 683 1144 747 histo-
1196 683 1250 749 vel
1282 684 1425 749 conciliis
1458 684 1679 767 generalibus,
1714 705 1854 766 quorum
1881 693 1931 751 est
1961 686 2177 754 saluberrima

164 767 436 848 riisvetustisque
448 769 672 833 monumentis
690 771 777 833 inest
793 767 884 845 fides,
904 768 1059 850 apostolis
1077 789 1145 832 non
1196 770 1231 833 in
1259 769 1395 835 eeclesia
1422 771 1595 848 autoritas,
1625 777 1748 834 statuta
1775 791 1845 838 esse
1874 771 2057 854 intelligere
2085 774 2176 856 lioot;

163 855 173 917 i
222 860 312 917 otum
324 851 429 928 modo,
448 852 505 917 sed
523 853 707 919 inauditum
724 855 786 918 fuit
803 854 889 936 quod
907 854 972 917 illis
983 854 1142 919 tribuunt.
1196 855 1291 920 sicuti
1319 855 1404 937 quod
1426 856 1562 920 Domini
1588 857 1696 938 passio
1723 863 1758 919 et
1774 859 1969 923 resurrectio
1991 860 2080 923 etin
2102 881 2176 925 eoe-

196 960 232 1004 ec
257 938 419 1021 garriant,
446 939 600 1021 pleraque
621 961 734 1005 eorum
756 940 877 1022 placita
897 962 961 1004 usu
983 947 1017 1003 et
1043 941 1142 1004 mori-
1196 941 1265 1005 lum
1292 962 1446 1006 ascensus
1474 951 1507 1005 ot
1534 941 1696 1006 adventus
1725 943 1858 1023 spiritus
1885 945 1990 1009 sancti
2022 946 2176 1011 anniver-

163 1026 225 1090 bus
243 1031 374 1106 recepta
392 1024 492 1089 fuisse
515 1046 598 1107 quae
620 1028 750 1109 scriptis
772 1025 894 1090 tradita
914 1047 980 1089 non
1006 1026 1142 1108 fuerant.
1196 1029 1283 1091 seria
1304 1027 1499 1091 solennitate
1522 1028 1742 1104 celebrantur,
1774 1035 1807 1090 et
1829 1030 1857 1092 si
1885 1029 1964 1111 quid
1991 1030 2081 1094 aliud
2110 1032 2175 1096 tale

163 1111 227 1174 llla
254 1110 377 1174 scilicet
402 1131 484 1192 quae
512 1111 645 1176 Christo
671 1111 777 1177 adhuc
804 1113 936 1176 vivente
957 1112 1143 1196 intelligere
1195 1115 1374 1178 occurrerit
1393 1113 1478 1196 quod
1501 1121 1650 1179 servatur
1672 1115 1712 1179 ab
1735 1115 1898 1192 univorsa,
1925 1135 2117 1198 quacunque
2139 1139 2175 1182 se

164 1218 231 1261 non
262 1204 421 1278 poterant,
455 1205 528 1278 post
560 1200 630 1262 eius
662 1206 771 1263 autem
805 1219 975 1262 ascensum
1009 1200 1143 1280 spiritus
1195 1198 1357 1276 diffundit,
1380 1199 1524 1264 eeclesia.
1570 1197 1682 1278 Quum
1708 1207 1775 1263 tam
1800 1221 1905 1282 pauca
1926 1211 2097 1265 enumeret
2116 1224 2175 1267 ex·

161 1283 268 1348 saneti
289 1282 487 1346 revelatione
509 1282 689 1348 didicerint.
733 1283 786 1349 De
808 1285 878 1348 eius
899 1283 962 1347 loci
983 1283 1143 1365 interpre-
1195 1285 1312 1367 empla,
1335 1286 1409 1366 quis
1431 1306 1497 1348 non
1519 1284 1630 1349 videat
1659 1305 1734 1349 cum
1764 1284 1805 1348 ed
1829 1294 1960 1350 autores
1981 1285 2046 1350 fide
2067 1303 2101 1352 et
2122 1311 2174 1353 re-

162 1371 286 1433 tatione
314 1367 390 1431 alibi
420 1369 530 1432 visum
552 1376 611 1433 est.
656 1368 753 1449 Quod
775 1369 816 1433 ad
838 1375 1045 1453 praesentem
1066 1388 1142 1435 eau—
1194 1371 1343 1435 verentia
1364 1370 1480 1454 dignos
1501 1371 1623 1434 referre
1644 1370 1787 1435 voluisse
1809 1371 1945 1436 usitatas
1966 1379 2043 1439 tunc
2064 1375 2175 1439 obser-

160 1476 234 1520 sam
261 1455 341 1518 satis
370 1466 433 1532 est,
461 1453 615 1520 ridiculos
642 1456 786 1538 profecto
813 1477 848 1520 se
876 1455 1016 1532 faciunt,
1041 1477 1143 1537 quum
1194 1457 1353 1534 vationes,
1376 1477 1445 1520 non
1463 1458 1526 1521 nisi
1546 1456 1708 1539 simplices
1730 1455 1803 1519 illas
1826 1463 1859 1520 et
1880 1477 1972 1522 raras
1994 1465 2027 1522 et
2048 1460 2175 1525 sobrias

162 1541 310 1623 ingentia
330 1539 387 1602 illa
408 1541 576 1622 mysteria,
599 1562 683 1623 quae
704 1549 798 1606 tanto
820 1547 967 1623 tempore
989 1542 1142 1623 apostolis
1195 1543 1312 1624 quibus
1330 1543 1484 1607 ecelesiae
1502 1541 1651 1606 ordinem
1669 1543 1832 1607 contineri
1853 1543 1933 1606 utile
1951 1543 2022 1608 est?
2059 1543 2174 1625 Quan-

162 1628 366 1708 ineomperta
393 1626 529 1704 hierint,
557 1629 678 1709 partim
709 1628 952 1692 observationes
980 1648 1051 1691 esse
1079 1629 1142 1691 fin-
1194 1635 1264 1692 tum
1285 1636 1396 1692 autem
1415 1628 1479 1693 hoo
1502 1628 1542 1692 ab
1564 1648 1603 1691 eo
1632 1628 1733 1692 distat
1759 1627 1847 1709 quod
1869 1649 2080 1694 romanenses
2102 1651 2173 1695 ma-

162 1708 247 1796 gun't
264 1714 289 1794 ¹)
312 1719 369 1774 aut
390 1711 535 1777 iudaicae
562 1721 620 1777 aut
648 1713 797 1795 gentiles,
827 1734 967 1795 quarum
992 1712 1069 1777 illae
1090 1715 1140 1777 in·
1195 1715 1289 1797 gistri
1312 1723 1505 1796 extorquere
1527 1713 1652 1791 volunt,
1675 1713 1830 1777 utnulla
1852 1714 1893 1778 sit
1916 1715 2002 1797 apud
2025 1737 2079 1780 eos
2101 1737 2174 1782 oae-

162 1812 213 1862 ter
240 1797 396 1876 Iudaeos,
428 1797 489 1862 hae
517 1819 594 1863 vero
616 1799 703 1880 apud
725 1810 840 1881 gentes
862 1819 974 1863 omnes
996 1799 1142 1880 promul·
1195 1800 1376 1864 remoniola
1396 1820 1479 1881 quae
1500 1820 1566 1863 non
1587 1820 1647 1881 pro
1669 1798 1845 1881 apostoliea
1867 1801 2062 1866 censeatur?
2137 1808 2142 1818 ‘

162 1892 259 1967 gatae
280 1883 384 1947 multe
406 1893 482 1947 ante
504 1885 649 1962 fuerant;
671 1885 794 1967 partim
815 1887 945 1967 ineptas
968 1885 1141 1967 gesticula
1280 1890 1329 1950 20.
1375 1885 1425 1949 Ne
1447 1886 1574 1968 longior
1595 1886 1667 1962 sim,
1694 1906 1801 1949 unum
1827 1892 1958 1949 tantum
1984 1888 2178 1970 exemplum

162 1972 268 2033 tiones
290 1981 323 2032 et
343 1970 458 2034 inanes
487 1970 747 2049 caeremoniolas,
776 1991 857 2052 quae
879 1971 996 2034 insulsi
1018 1972 1142 2035 sacrifi·
1193 1971 1365 2053 proferam.
1402 1968 1441 2036 Si
1463 1973 1536 2052 quis
1557 1993 1611 2036 eos
1629 1972 1809 2053 interroget
1829 1970 1916 2034 unde
1938 1993 2056 2054 aquam
2080 1995 2173 2039 suam

162 2055 237 2132 culi,
262 2055 316 2137 qui
340 2077 400 2120 nec
423 2076 502 2119 nare
525 2058 640 2133 sciunt,
663 2077 724 2121 nee
746 2057 868 2135 literas,
897 2077 1057 2139 perquam
1079 2058 1142 2121 rite
1192 2057 1362 2122 lustralem
1392 2057 1543 2135 habeant,
1573 2057 1721 2139 protinus
1751 2057 1956 2139 respondent,
1980 2059 2020 2122 ab
2044 2066 2173 2142 aposto·

160 2150 335 2226 peragunt,
357 2142 423 2204 imo
446 2161 526 2222 quas
548 2143 640 2223 pueri
659 2150 692 2205 et
709 2144 872 2207 moriones
895 2140 974 2207 adeo
996 2143 1142 2225 apposite
1193 2144 1242 2206 lis.
1280 2142 1383 2223 Quasi
1400 2164 1467 2207 non
1486 2143 1571 2208 hanc
1588 2143 1814 2207 inventionem
1836 2144 1943 2208 nescio
1966 2146 2017 2209 cui
2039 2166 2174 2210 romano

161 2228 333 2310 effingunt,
357 2234 396 2290 nt
416 2225 521 2291 videri
542 2229 645 2308 possit
661 2227 769 2293 nullos
791 2249 862 2292 esse
883 2229 989 2311 magis
1009 2229 1142 2293 idoneos
1195 2229 1508 2312 cpiscopotribuant
1527 2229 1690 2307 historiae,
1709 2229 1810 2310 quisi
1829 2230 1989 2311 apostolos
2007 2230 2174 2296 adhibuis-

161 2314 278 2377 talium
300 2333 469 2377 sacrorum
492 2314 662 2378 antistites.
708 2312 747 2378 Si
776 2313 887 2378 nullae
909 2323 1020 2378 essent
1041 2315 1142 2379 histo-
1195 2324 1246 2378 set
1273 2317 1308 2378 in
1336 2315 1522 2392 consilium,
1550 2336 1720 2396 nunquam
1749 2314 1891 2396 profecto
1920 2319 2175 2382 contaminasset

162 2401 240 2478 riae,
269 2422 309 2462 cx
328 2417 374 2461 ‘re
404 2405 515 2462 tamen
545 2401 616 2482 ipsa
645 2400 857 2464 aestimarent
883 2401 954 2463 sani
984 2401 1141 2477 homines,
1194 2400 1393 2484 baptismum
1425 2401 1530 2464 alieno
1565 2409 1598 2464 ct
1625 2401 1854 2483 intempestivo
1889 2401 2046 2485 symbolo.
2098 2403 2174 2468 Etsi

162 2507 230 2549 non
252 2484 358 2549 subite
381 2485 527 2567 erupisse
555 2485 592 2548 in
619 2485 791 2551 ecelesiam
813 2493 940 2550 tantam
962 2486 1088 2550 rituum
1110 2495 1144 2549 et
1194 2509 1255 2552 nee
1272 2487 1354 2551 mihi
1374 2486 1550 2552 verisimile
1567 2493 1625 2564 est,
1647 2493 1715 2549 tam
1736 2494 1900 2551 vetustam
1918 2509 1989 2552 esse
2007 2488 2078 2553 eins
2096 2510 2173 2554 con-

162 2570 425 2636 observationum
460 2573 656 2654 congeriem,
696 2570 753 2635 sed
793 2572 914 2636 sensim
953 2572 1143 2666 obrepsisse.
1196 2574 1386 2639 sacrationis
1404 2573 1564 2655 originem
1582 2592 1679 2654 quam
1700 2571 1767 2636 illie
1785 2570 1944 2636 scribitur.
1975 2572 2174 2654 Quodenim

162 2657 249 2722 Nam
271 2677 371 2739 quum
395 2658 574 2721 sanctiores
590 2656 639 2723 illi
661 2658 811 2741 episcopi,
835 2659 891 2738 qui
913 2658 1067 2740 apostolis
1089 2680 1143 2722 ae·
1196 2659 1276 2724 dicit
1297 2658 1515 2742 Augustinus,
1527 2657 1556 2742 ²)
1586 2657 1744 2739 quasdam
1767 2679 1825 2722 suo
1853 2667 1999 2740 tempore
2021 2659 2174 2725 ecclesias

161 2751 230 2808 tate
247 2743 390 2826 proximi
411 2744 553 2820 fuerunt,
577 2743 738 2808 nonnulla
754 2744 976 2808 instituissent
997 2765 1079 2825 quae
1102 2741 1143 2808 ed
1195 2745 1361 2809 solennem
1385 2743 1510 2808 Christi
1531 2744 1747 2807 imitationem
1769 2744 1804 2806 in
1831 2744 1952 2808 lotione
1977 2744 2099 2827 pedum
2120 2766 2173 2809 re-

161 2828 1015 2912 ordinemaodiseiplinamportinobant3subsequuti
1032 2840 1144 2911 postea
1194 2832 1326 2914 fugisse,
1338 2851 1381 2894 ne
1392 2829 1434 2894 ad
1446 2830 1645 2911 baptismum
1656 2829 1740 2893 ritus
1750 2829 1806 2893 ille
1817 2831 1982 2912 pertinere
1994 2830 2172 2909 videretur,

95 2912 98 2921 ’
162 2923 240 2978 sunt
262 2915 419 2992 homines,
444 2915 499 2979 alii
517 2923 591 2997 post
606 2913 696 2995 alios,
720 2936 826 2997 neque
844 2915 924 2981 satis
947 2915 1142 2980 considerati
1195 2916 1380 2981 subindicat
1411 2915 1540 2980 nullum
1566 2915 1666 2980 fuisse
1694 2914 1825 2980 lotionis
1853 2937 1956 2998 genus
1984 2916 2069 2998 quod
2097 2937 2173 2982 cum

162 3008 198 3064 et
225 3001 323 3064 nimis
350 3001 468 3065 curiosi
496 3023 534 3067 ac
561 3000 681 3085 cupidi,
703 3022 844 3083 quorum
866 3009 905 3065 ut
927 3003 1062 3084 quisque
1083 3021 1142 3084 po-
1195 3003 1355 3085 baptismo
1389 3001 1492 3066 ullam
1523 3001 1659 3066 haberet
1691 3000 1946 3065 similitudinem.
2004 3000 2173 3084 Quidquid

163 3086 280 3151 sterior
301 3096 386 3162 erat,
409 3086 457 3150 ita
483 3087 584 3152 stulta
606 3087 824 3152 aemulatione
846 3108 920 3151 eum
942 3088 1011 3152 suis
1033 3087 1143 3153 deces-
1195 3090 1246 3166 sit,
1270 3089 1333 3154 hoe
1351 3110 1371 3153 a
1387 3088 1504 3170 spiritu
1522 3087 1697 3170 apostolico
1716 3087 1898 3170 profectum
1914 3087 2015 3151 firisse
2037 3088 2174 3153 minime

163 3170 291 3235 sonibus
318 3174 456 3237 certavit
481 3194 523 3237 ne
549 3195 661 3237 rerum
691 3194 852 3238 novarum
878 3174 1068 3238 inventione
1090 3194 1142 3239 oe-
1194 3174 1385 3252 concedam,
1409 3181 1461 3252 ut,
1491 3173 1569 3237 dum
1591 3172 1779 3254 quotidiano
1807 3173 1901 3255 signo
1928 3173 2109 3255 baptismus
2136 3174 2173 3238 in
2214 3216 2227 3231 -

164 3256 264 3320 deret.
300 3258 346 3321 Et
363 3258 440 3339 quia
458 3259 640 3340 perieulum
657 3267 729 3324 erat
746 3259 893 3324 nebrevi
906 3260 1144 3325 obsolescerent
1194 3261 1387 3325 memoriam
1417 3258 1598 3336 reducitur,
1626 3257 1862 3340 quodammodo
1885 3265 2061 3341 repetatur.
2104 3260 2175 3324 Nee

164 3362 224 3406 sua
244 3344 387 3421 inventa,
415 3364 456 3407 ex
486 3343 603 3426 quibus
622 3344 755 3410 laudem
777 3345 819 3410 ad
840 3354 988 3428 posteros
1010 3347 1143 3411 affecta·
1195 3367 1304 3411 moror
1320 3343 1407 3428 quod
1428 3344 1505 3409 alibi
1528 3344 1599 3426 ipse
1620 3344 1708 3408 idem
1730 3345 1936 3428 Augustinus
1959 3344 2023 3409 aha
2044 3366 2173 3427 quoque

164 3428 258 3505 bant,
286 3430 323 3491 in
350 3430 512 3513 exigenda
538 3452 651 3495 eorum
678 3430 903 3496 observatione
923 3439 1018 3497 erant
1039 3432 1143 3496 multo
1195 3433 1347 3515 apostolis
1369 3430 1531 3497 adscribit.
1576 3431 1663 3495 Nam
1685 3451 1788 3511 quum
1820 3429 1904 3493 nihil
1937 3439 2068 3512 praeter
2096 3452 2173 3496 oon·

164 3513 345 3596 rigidiores.
396 3516 488 3581 Haeo
521 3521 679 3596 κακοζηλία
705 3518 825 3582 bonam
851 3518 990 3581 istorum
1018 3520 1144 3582 rituum
1194 3521 1336 3584 iacturas
1369 3518 1504 3594 habeat,
1542 3538 1609 3581 non
1642 3515 1740 3579 debet
1773 3516 1814 3580 ab
1842 3517 1921 3598 ipsis
1950 3516 1990 3581 de
2018 3537 2054 3581 re
2081 3524 2175 3582 tanta

164 3607 294 3682 partem
313 3600 406 3664 nobis
423 3603 558 3684 peperit,
578 3625 660 3685 quos
682 3604 737 3668 isti
757 3623 817 3684 pro
842 3604 1028 3685 apostolicis
1050 3604 1143 3669 nobis
1194 3605 1350 3669 iudicium
1371 3604 1451 3667 fiori.
1488 3603 1669 3680 Postrem0,
1692 3610 1731 3665 ut
1752 3602 1850 3666 etiam
1873 3602 1989 3667 demus
2010 3602 2069 3667 illa
2090 3624 2174 3685 quae

164 3685 346 3751 venditant.
390 3687 499 3769 Atque
520 3686 554 3750 id
575 3710 702 3771 quoque
723 3689 880 3754 historiae
901 3697 1073 3753 testantur.
1194 3696 1427 3756 commemorat
1443 3689 1484 3754 ab
1503 3697 1608 3753 aetate
1626 3687 1847 3771 apostolorum
1864 3689 2008 3765 fluxisse,
2032 3689 2173 3751 multum

255 3775 303 3834 19.
348 3771 399 3835 Ne
421 3775 566 3837 omnium
588 3775 773 3858 catalogum
801 3773 943 3839 texendo
966 3777 1068 3840 simus
1091 3775 1142 3839 ni·
1195 3783 1304 3840 tamen
1321 3776 1459 3840 interest
1474 3776 1671 3839 instituasne
1689 3773 1818 3855 aliquod
1835 3774 1965 3854 pietatis
1983 3772 2174 3836 exercitium

164 3857 269 3922 mium
302 3857 436 3940 prolixi,
472 3880 536 3923 uno
570 3861 720 3943 exemplo
748 3863 891 3925 contenti
920 3861 1051 3926 erimus.
1100 3861 1142 3925 In
1194 3884 1258 3945 quo
1280 3861 1384 3926 libera
1405 3862 1605 3927 conscientia
1626 3866 1761 3923 utantur
1782 3858 1903 3934 fideles,
1926 3859 1953 3920 si
1975 3864 2085 3920 autem
2107 3878 2174 3921 non

166 3964 268 4007 coena
277 3944 413 4007 Domini
428 3943 686 4010 administranda
697 3948 759 4010 fuit
770 3949 831 4013 sub
849 3947 1003 4030 apostolis
1021 3968 1143 4031 magna
1195 3951 1258 4013 erit
1274 3947 1340 4013 illis
1358 3947 1447 4012 utilis
1464 3967 1553 4024 usus,
1573 3944 1772 4022 abstineant;
1795 3964 1837 4007 an
1855 3943 1960 4025 legem
1982 3943 2068 4008 feras
2090 3964 2175 4026 qnae

165 4028 366 4112 simplicitas.
411 4030 559 4093 Proximi
580 4052 780 4098 successores
802 4032 843 4097 ad
865 4033 1047 4098 ornandam
1069 4055 1143 4117 my·
1195 4035 1410 4100 conscientias
1437 4033 1594 4097 servituto
1619 4030 1781 4112 illaqueet.
1824 4027 1921 4092 Nunc
1948 4049 2026 4093 vero
2053 4051 2174 4112 aquo-

166 4115 257 4179 sterii
280 4114 475 4198 dignitatem
496 4114 618 4198 aliquid
640 4117 836 4183 addiderunt
861 4119 947 4202 quod
970 4141 1036 4184 non
1058 4127 1144 4184 esset
1195 4141 1323 4202 cunque
1342 4127 1454 4183 autore
1471 4117 1664 4192 emanarint,
1687 4121 1857 4196 postquam
1874 4113 2024 4180 videmus
2045 4117 2081 4180 in
2102 4125 2175 4180 tan·

165 4200 426 4282 improbandum.
470 4198 538 4266 Sed
559 4210 672 4283 postca
698 4214 958 4285 supervenerunt
979 4205 1071 4271 stulti
1094 4206 1143 4270 illi
1195 4218 1267 4271 tum
1294 4205 1432 4269 abusum
1459 4201 1628 4284 prolapsas
1650 4222 1735 4277 esse,
1764 4199 1847 4263 nihil
1876 4200 1984 4265 obstat
2004 4203 2177 4283 quominus

166 4287 366 4366 imitatores,
405 4288 461 4369 qui
496 4288 586 4352 varia
618 4287 757 4353 frustula
788 4290 925 4355 subinde
958 4291 1143 4357 consuendo
1196 4294 1266 4357 sine
1295 4290 1363 4355 ulla
1390 4289 1459 4353 eius
1487 4286 1685 4351 contumelia
1707 4285 1914 4369 abrogemus;
1937 4287 2068 4368 quando
2090 4307 2176 4349 nun-

167 4371 255 4438 hune
282 4393 380 4455 quem
406 4373 441 4437 in
469 4374 569 4438 misse
596 4371 745 4437 videmus
774 4376 950 4441 sacerdotis
978 4379 1142 4456 vestitum,
1195 4398 1294 4461 quam
1315 4377 1361 4440 ita
1384 4383 1461 4439 sunt
1482 4372 1728 4438 commendatae
1755 4379 1793 4435 ut
1814 4380 1970 4455 perpetuo
1992 4371 2177 4436 immobiles

167 4457 248 4523 haec
266 4458 378 4523 alteris
395 4466 596 4536 ornamenta,
621 4458 680 4523 has
702 4460 965 4542 gesticulationes
985 4471 1019 4527 et
1040 4471 1144 4527 totam
1196 4485 1267 4529 esse
1289 4469 1443 4545 oporteat.

167 4563 281 4607 rerum
306 4544 475 4609 inutilium
501 4544 737 4626 supellectilem
767 4545 860 4610 nobis
882 4555 1143 4630 composuerunt
1283 4553 1333 4613 21.
1378 4549 1447 4612 Nee
1477 4565 1676 4628 magnopere
1705 4565 1759 4609 eos
1787 4545 1880 4609 iuvat
1907 4542 1993 4625 quod
2016 4541 2058 4607 ad
2078 4561 2176 4606 exou-

168 4629 270 4710 Atqui
288 4629 446 4695 obiiciunt
462 4632 561 4695 firisse
579 4630 664 4695 hano
686 4630 764 4694 olim
785 4633 1037 4712 persuasionem,
1061 4655 1144 4715 quae
1197 4634 1334 4701 sendum
1366 4654 1460 4699 suam
1492 4630 1702 4717 tyrannidem
1728 4637 1927 4712 praetexunt
1956 4628 2177 4711 apostolorum

168 4714 205 4776 in
235 4715 369 4780 ecclesia
397 4718 551 4783 universa
578 4737 643 4781 uno
673 4737 834 4782 consensu
855 4718 981 4796 fierent,
1003 4720 1044 4784 ab
1066 4720 1145 4803 ipsis
1197 4721 1393 4804 exemplum.
1445 4717 1608 4801 Apostoli,
1631 4716 1798 4799 inquiunt,
1826 4722 1860 4778 et
1887 4715 2031 4780 seniores
2052 4715 2176 4797 primae

169 4799 324 4882 apostolis
356 4802 522 4885 prodiisse.
570 4801 673 4867 (iuius
707 4803 756 4867 rei
788 4803 1012 4884 Augustinum
1044 4805 1146 4871 citant
1197 4807 1352 4873 ecelesiae
1370 4806 1536 4871 decretum
1578 4808 1685 4867 raeter
1704 4800 1829 4866 Christi
1847 4800 2040 4865 mandatum
2058 4821 2177 4864 sanxe-

169 4892 295 4949 testem.
335 4886 407 4971 Ego
428 4910 594 4954 veronen
616 4888 748 4954 aliunde
770 4909 868 4971 quam
890 4890 1056 4972 exipsius
1075 4893 1144 4957 Au·
1197 4902 1284 4971 runt,
1307 4915 1372 4976 quo
1394 4827 1636 4975 praecipiebant
1656 4886 1809 4971 gentibus
1839 4885 1998 4965 omnibus,
2021 4909 2056 4951 se
2077 4883 2177 4950 absti-

816 5015 822 5025 ·
1197 4999 1277 5044 nere
1299 4981 1339 5045 ab
1361 4977 1563 5061 idolothytis,
1585 4974 1752 5051 suffocato,
1775 4985 1809 5038 et
1830 4973 1990 5058 sanguine
2012 4974 2099 5057 (Act
2127 4976 2177 5051 15,

237 5174 267 5243 1)
288 5175 336 5232 sa
358 5177 417 5231 aaa.
442 5175 510 5231 1551
531 5185 557 5232 a
573 5176 640 5234 1511
659 5196 718 5236 aa
736 5180 945 5252 aequarem.
984 5179 1039 5235 aa
1055 5197 1145 5238 nee
1199 5155 1229 5161 '⁴

167 5245 252 5300 tiores
269 5254 370 5312 11111151,
388 5246 604 5316 quorqaormte
615 5251 799 5317 miserear,
820 5251 927 5318 opace
944 5256 1059 5305 constet
1269 5252 1297 5316 l)
1316 5251 1403 5319 Epist.
1423 5248 1474 5302 118
1492 5248 1548 5319 (54,
1569 5249 1607 5316 1).
1677 5245 1707 5312 2)
1727 5247 1815 5317 Epist.
1835 5247 1887 5301 118
1905 5248 1940 5301 ed
1957 5248 2014 5301 lan
2034 5243 2084 5312 (54
2099 5246 2171 5312 fia).

277 5331 388 5387 0111111111
399 5347 491 5400 opero.
531 5333 591 5390 Vol.
603 5332 647 5388 11.
1932 5342 1966 5388 ab
