4672 5842
161 297 243 360 1059
809 283 1074 353 ΙΝΒΤΙΤΠΤΙΟ
1097 287 1200 353 REL.
1224 282 1405 352 OHRIS'R
1430 289 1522 351 1559.
2089 286 2161 347 1065

159 484 226 564 ipae
252 500 337 545 55555
371 500 521 559 cerri-sque
554 478 707 542 5555115555
732 497 794 556 per
825 476 1018 555 sacrificium
1043 476 1375 556 555151115555515
1394 483 1446 551 ut,
1469 473 1540 538 5515
1584 482 1618 539 15
1646 475 1735 539 omni
1763 474 1902 538 humani
1929 494 2049 538 sensus
2072 472 2161 537 auda-

159 584 218 633 aot
241 564 446 629 recorrciliaas
473 564 554 641 Deo,
578 583 677 626 auram
704 582 773 626 5555
799 563 863 642 iprae
895 567 996 625 artaud
1018 562 1068 625 551
1090 562 1137 625 ob
1161 612 1164 653 i
1189 562 1248 639 eia,
1271 562 1306 624 in
1329 580 1367 624 eo
1386 559 1536 642 5515555
1581 562 1743 643 scriptura
1765 560 1866 625 tradit
1887 561 2095 624 haereamus.
2124 560 2161 623 Et

159 649 240 729 tale,
263 671 360 713 55555
385 652 418 713 ia
440 671 472 714 55
488 651 560 730 feeit
577 670 638 730 pro
660 647 774 728 551555
794 649 943 728 allectat,
967 669 1050 711 5555
1073 649 1137 728 1555
1161 670 1164 715 ι
1189 655 1276 711 55515
1299 646 1327 709 51
1349 647 1545 728 cogitamus,
1569 646 1714 723 Domini,
1737 668 1802 711 non
1826 647 2011 723 hominum,
2036 666 2161 710 coenam

158 741 201 816 est
223 737 278 818 pai
300 736 421 813 obtulit,
444 741 471 800 et
498 736 580 817 55511
607 734 722 799 obtulit.
767 734 807 797 In
838 733 979 798 eundem
1007 753 1135 815 555555
1189 755 1268 810 esse,
1288 754 1353 796 non
1372 740 1421 796 555
1439 754 1497 797 our
1514 732 1583 796 ulla
1600 733 1772 796 hominum
1794 732 1975 796 autoritate
1995 731 2159 796 55151155

159 844 293 888 sensum
316 821 462 903 15551155
484 821 748 904 Chrysostomus.
795 820 961 883 Honorem
985 841 1062 883 5555
1085 841 1135 883 sa·
1161 864 1164 895 ,
1188 841 1263 882 rum
1289 819 1544 900 praescriptione
1578 819 1743 899 patiamur
1765 840 1825 883 nos
1845 819 1886 883 ab
1908 817 1968 881 illa
1990 817 2047 882 vel
2068 817 2161 882 latum

159 907 294 974 eordotii
318 909 364 971 ita
386 906 519 971 Christo
543 906 734 979 vendicant,
757 915 795 970 55
816 905 1000 970 antichristi
1023 926 1135 969 vocem
1161 900 1164 917 '
1189 926 1334 987 unguem
1356 904 1523 967 dimoveri.
1554 904 1669 986 Itaque
1692 905 1868 986 apostolus,
1894 903 1976 966 dum
2000 904 2076 967 vult
2098 925 2159 967 eam

160 995 229 1059 loro
251 1000 392 1058 testetur
414 994 632 1075 Augustinus,
646 991 670 1073 ¹)
694 992 722 1055 si
745 993 816 1073 quis
839 991 1027 1073 episcopum
1049 993 1136 1054 inter
1188 990 1277 1054 vitiis
1298 989 1449 1054 omnibus
1477 1000 1654 1072 repurgare
1675 1011 1756 1071 5555
1778 992 1844 1054 iam
1862 989 1897 1052 in
1915 989 2160 1054 Corinthiorum

160 1080 272 1145 Deum
294 1089 328 1143 et
350 1078 498 1160 1151111555
521 1079 769 1142 intercessorem
792 1078 896 1141 faciat.
1161 1136 1164 1177 Ι
1189 1076 1358 1140 ecelesiam
1386 1077 1598 1157 irrepserant,
1621 1096 1703 1158 quae
1726 1075 1767 1140 ad
1789 1076 1822 1139 id
1841 1075 2094 1157 expeditissima
2114 1078 2160 1139 via

251 1169 298 1228 11.
343 1164 457 1246 Ν5555
491 1174 600 1227 tamen
643 1163 822 1227 diffitemur
850 1163 929 1244 quin
964 1164 1009 1226 ita
1043 1161 1136 1227 nobis
1161 1218 1164 1275 3
1189 1171 1268 1238 erat,
1290 1161 1331 1224 ad
1353 1163 1484 1226 unicam
1505 1161 1597 1226 illam
1619 1162 1859 1226 institutionem
1882 1161 2161 1243 revocaretur.

162 1256 348 1316 5155515555
379 1250 443 1314 illic
466 1249 590 1314 Christi
612 1249 804 1324 immolatio,
828 1258 866 1312 51
887 1248 993 1314 555515
1010 1262 1136 1330 speeta-
1193 1253 1246 1323 11,
1271 1248 1341 1328 20),
1374 1245 1464 1312 unde
1488 1256 1685 1329 perpetuam
1714 1268 1784 1312 esse
1811 1245 1991 1330 petendam
2022 1248 2162 1332 regulam

161 1336 272 1400 culum
290 1357 391 1418 paene
413 1335 453 1399 ob
473 1336 583 1400 oculos
601 1344 772 1399 statuatm·.
808 1333 960 1415 Qualiter
978 1334 1012 1397 in
1033 1335 1136 1400 oculis
1189 1331 1341 1396 ostendit.

162 1421 359 1487 Galatarum
382 1420 553 1485 Christum
572 1422 671 1485 fuisso
693 1421 886 1485 crucifixum
907 1420 986 1484 dicit
1007 1428 1136 1502 aposto·
1278 1423 1325 1481 13.
1379 1419 1529 1501 ¹)P0rro,
1558 1440 1599 1482 ne
1629 1419 1701 1501 5515
1730 1419 1856 1482 rixatur
1882 1440 1926 1482 ex
1953 1419 2107 1484 5555111511
2128 1439 2161 1484 ae

162 1508 213 1571 lus
241 1505 386 1590 (11513,
409 1509 457 1589 l),
481 1507 560 1570 dum
593 1506 658 1570 illis
685 1507 850 1588 proposita
877 1506 982 1570 555515
1009 1503 1136 1588 praedi·
1189 1502 1366 1569 sacerdotis
1396 1505 1582 1569 nominibus
1610 1506 1702 1568 nobis
1724 1524 1870 1587 pugnam
1892 1505 2012 1583 faciat,
2037 1504 2071 1568 id
2091 1524 2161 1586 555-

162 1594 247 1659 55515
274 1594 389 1656 luerat
435 1590 502 1657 Sed
526 1594 601 1674 quia
631 1605 758 1656 veteres
788 1613 914 1674 555555
942 1590 1015 1654 11155
1042 1591 1137 1655 video
1162 1642 1166 1697 Ι
1189 1611 1261 1671 que,
1285 1590 1341 1653 sed
1360 1589 1559 1673 compendio,
1582 1590 1763 1672 expediam,
1782 1589 1860 1672 quid
1877 1611 1939 1673 555
1961 1592 2159 1666 sacrificium,

162 1679 226 1743 alio
270 1678 355 1743 hauc-
403 1679 594 1742 memoriam
635 1677 823 1751 detorsisse,
868 1699 965 1760 quam
1005 1677 1137 1740 institu-
1190 1675 1268 1758 quid
1301 1698 1359 1759 per
1391 1673 1593 1740 sacerdotem
1632 1686 1701 1739 tota
1740 1675 1964 1757 disputatione
2005 1678 2160 1760 515511155-

161 1763 243 1828 11551
265 1763 402 1827 Domini
425 1764 638 1828 conveniebat
668 1762 768 1846 (qaod
791 1764 1017 1844 nescioquam
1046 1785 1138 1845 repe·
1162 1708 1166 1843 l
1191 1763 1302 1826 verim.
1349 1760 1415 1843 Qui
1443 1763 1594 1827 sacrificii
1622 1759 1815 1826 vocabulum
1845 1761 1887 1826 ad
1918 1783 2033 1828 sacras
2061 1784 2162 1826 omnes

161 1852 250 1927 11555,
264 1860 321 1914 aut
332 1849 447 1913 saltem
467 1858 643 1914 renovatae
660 1849 889 1915 immolationis
902 1849 1138 1913 faeiemeorum
1163 1853 1166 1913 ἶ
1191 1848 1410 1911 caeremonias
1439 1856 1474 1913 et
1500 1847 1668 1930 religiosas
1695 1848 1837 1912 actiones
1869 1847 2075 1926 extendunt,
2105 1869 2163 1929 qua

163 1957 265 2002 coena
287 1957 366 2018 prae
388 1958 423 2000 se
446 1935 600 2017 screbat),
629 1935 712 1998 nihil
735 1937 839 1999 tutius
865 1935 927 2017 piis
954 1934 1139 2016 pectoribus
1163 1942 1166 2011 l
1191 1935 1316 1998 ratione
1339 1933 1373 1996 id
1394 1934 1517 1998 faciant
1543 1954 1608 1998 non
1636 1933 1741 1997 video.
1786 1933 1855 1998 Nos
1877 1942 2042 2016 55555155
2071 1935 2162 2015 scrip

162 2022 261 2085 fuerit
297 2041 393 2103 quam
422 2022 456 2084 in
486 2042 570 2103 pura¹
601 2021 805 2103 simplicique
836 2021 902 2085 Dei
934 2020 1138 2084 ordinatione
1163 2034 1166 2143 5
1191 2030 1284 2083 turae
1306 2041 1368 2083 usu
1390 2020 1587 2084 sacrificium
1608 2019 1765 2102 appellari
1784 2021 1915 2098 seimus,
1939 2020 2030 2102 quod
2053 2021 2162 2086 Graeci

162 2108 382 2189 acquiescere,
418 2107 509 2171 cuius
537 2106 636 2169 etiam
664 2105 736 2170 ideo
759 2117 892 2172 vocatur
921 2116 1030 2184 555115,
1059 2127 1138 2189 555-
1163 2111 1538 2217 ι511115555155,11555
1567 2103 1759 2189 προςφοράν,
1787 2127 1875 2170 nune
1904 2105 2027 2184 1511155
2048 2107 2162 2170 dicunt

166 2193 255 2256 nium
283 2193 350 2257 sola
379 2192 432 2256 hic
461 2192 530 2255 eius
559 2193 715 2256 autoritas
749 2193 860 2275 vigere
887 2192 991 2257 debet.
1036 2193 1138 2274 11551-
1191 2189 1288 2271 Quod
1316 2191 1513 2274 generaliter
1540 2200 1723 2274 acceptum,
1751 2192 1984 2273 complectitur
2012 2189 2163 2274 quidquid

167 2279 244 2343 dem
276 2299 376 2360 quum
410 2279 501 2359 pium
533 2286 629 2359 51555
663 2276 881 2342 orthodoxum
911 2277 950 2342 de
981 2288 1048 2341 5555
1079 2278 1139 2342 hoc
1191 2278 1324 2341 omnino
1344 2278 1417 2342 Deo
1440 2277 1585 2341 51155155.
1616 2275 1729 2357 Quare
1753 2276 2001 2360 distinguamus
2027 2288 2162 2360 oportet:

166 2364 324 2447 mysterio
347 2384 478 2427 sensum
508 2364 680 2428 retinuisse
703 2386 758 2427 eos
779 2362 923 2436 videam,
949 2385 1054 2445 neque
1082 2363 1139 2427 de-
1164 2378 1167 2459 5
1192 2363 1238 2426 515
1266 2376 1377 2426 tamen
1406 2378 1443 2426 ut
1466 2362 1546 2429 haec
1568 2363 1734 2428 distinctio
1766 2383 1939 2447 anagogen
1960 2385 1982 2427 5
2004 2364 2163 2428 5551155115

167 2447 369 2532 preheudruu
391 2448 531 2512 voluisse
553 2450 650 2513 unico
672 2451 805 2513 Domini
828 2451 986 2514 5555111515
1003 2449 1056 2515 551
1077 2451 1139 2513 511-
1164 2468 1168 2495 ¹
1190 2449 1272 2532 legis
1294 2449 1455 2513 mosaicae
1477 2449 1606 2527 habeat,
1629 2448 1852 2530 5555555515
1884 2450 2014 2514 umbris
2036 2451 2162 2513 univer-

168 2535 296 2598 uimum
318 2534 483 2617 demgare,
508 2534 606 2598 ullius
628 2535 806 2618 impietatis
827 2535 983 2600 damnare
1001 2558 1055 2600 eos
1073 2558 1140 2599 non
1191 2557 1261 2599 sam
1290 2535 1520 2598 sacrificiorum
1547 2536 1721 2598 veritatem
1748 2534 1869 2618 populo
1890 2556 1950 2600 suo
1977 2557 2163 2617 repraesen-

168 2622 321 2686 sustiueo.
367 2620 527 2686 Excusari
550 2630 661 2684 55511511
683 2643 749 2684 555
771 2643 865 2704 posse
888 2624 1037 2696 arbitror,
1060 2623 1140 2704 quin
1192 2630 1262 2684 tare
1284 2621 1570 2685 voluitDominus.
1609 2619 1748 2684 Illorum
1770 2628 1882 2684 autem
1906 2642 2087 2703 quanquam
2105 2642 2163 2684 va·

60 2720 63 2725 '
168 2705 290 2788 aliquid
314 2706 349 2769 111
372 2705 626 2770 555-1551515555
653 2709 868 2788 peccaverint,
913 2708 1039 2772 Imitati
1061 2716 1140 2773 sunt
1192 2708 1259 2770 riae
1280 2707 1415 2770 fuerunt
1441 2707 1574 2784 formae,
1597 2715 1707 2770 tamen
1730 2705 1772 2770 ad
1794 2704 1861 2771 duo
1882 2705 2023 2770 membra
2044 2706 2162 2769 referri

167 2793 256 2856 enim
278 2792 412 2874 propius
440 2791 603 2856 iudaieum
636 2792 840 2857 sacrificandi
875 2814 1012 2870 morem,
1041 2815 1140 2876 quam
1164 2768 1168 2893 Ι
1192 2813 1305 2856 551555
1327 2800 1472 2874 possunt.
1517 2794 1587 2856 Aut
1608 2792 1698 2855 enim
1719 2813 1778 2874 555
1800 2803 1934 2874 5555515
1953 2790 2051 2856 fiebat
2071 2791 2162 2856 obla·

168 2888 223 2943 aut
251 2877 459 2942 ordinaverat
483 2876 650 2952 Christus,
674 2890 732 2942 aut
753 2879 916 2962 evangelii
945 2880 1028 2943 ratio
1056 2881 1140 2943 fere-
1192 2878 1238 2941 tio
1265 2877 1405 2960 quadam
1437 2878 1667 2943 satisfactionis
1699 2878 1821 2960 speeie,
1850 2901 1916 2960 qua
1942 2898 2029 2942 noxa
2054 2898 2163 2941 coram

167 2962 232 3028 bat
279 2962 356 3027 Sola
383 2964 485 3047 igitur
513 2974 561 3028 cst
589 2979 800 3047 praepostera
828 2964 886 3029 illa
913 2986 1075 3049 anagoge,
1103 2966 1139 3029 in
1191 2962 1265 3027 Deo
1287 2962 1522 3041 rethmebatur;
1545 2972 1603 3027 aut
1623 2963 1808 3048 symbolum
1837 2973 1910 3028 erat
1932 2963 2039 3028 divini
2059 2963 2162 3029 cultus

87 3118 91 3125 ,
168 3069 232 3131 555
254 3051 369 3113 1555155
391 3071 445 3113 555
468 3050 540 3133 5515
567 3049 757 3133 redarguat,
786 3050 871 3133 quod
900 3072 967 3115 non
994 3052 1140 3116 contenti
1192 3049 1424 3133 religionisque
1459 3051 1659 3128 testificatio;
1691 3069 1780 3112 nunc
1807 3050 1880 3114 5155
1910 3050 2161 3132 supplicationis

167 3133 307 3218 simplici
335 3157 371 3199 ae
401 3156 558 3216 gentiana
585 3135 711 3201 Christi
740 3138 960 3214 institutione,
989 3137 1030 3200 ad
1057 3138 1140 3221 legis
1192 3134 1233 3199 ad
1255 3136 1401 3199 favorem
1428 3134 1492 3199 Dei
1519 3133 1764 3218 postulandum3
1786 3157 1876 3200 nunc
1909 3137 2095 3219 gratiamm
2115 3157 2161 3200 ac·

168 3219 301 3285 umbras
323 3220 422 3284 nimis
443 3220 656 3286 deflexerunt
1192 3223 1299 3297 115515,
1319 3219 1361 3284 ad
1382 3221 1620 3304 gratitudinem
1641 3223 1741 3285 animi
1759 3243 1820 3304 pro
1836 3224 1982 3305 acceptis
2004 3222 2160 3288 beneficiis

258 3309 304 3368 12.
334 3304 372 3369 Si
394 3309 465 3387 quis
489 3306 664 3390 diligenter
685 3307 858 3391 expendat,
882 3308 944 3374 hoc
963 3307 1138 3374 discrimen
1191 3306 1390 3384 testandam
1413 3329 1500 3372 nunc
1522 3328 1581 3390 pro
1603 3307 1743 3390 simplici
1766 3309 1900 3390 pietatis
1921 3310 2159 3383 exercitatione,

165 3392 253 3456 inter
292 3393 432 3456 mosaica
472 3392 629 3458 5555111515
658 3408 689 3457 55
722 3395 953 3459 eucharistiam
994 3404 1140 3460 nostram
1164 3418 1168 3443 ι
1191 3391 1233 3456 ad
1255 3392 1475 3458 renovandam
1497 3392 1637 3458 loedoria
1669 3393 1879 3458 sanctionem.
1925 3394 1982 3458 Ad
2004 3394 2094 3478 quod
2112 3415 2160 3479 pe

166 3478 266 3541 verbo
297 3475 432 3539 Domini
467 3481 565 3542 statui
604 3478 802 3553 observabit,
835 3479 921 3562 quod
948 3503 1049 3563 quum
1082 3481 1140 3545 illa
1190 3479 1310 3543 sterius
1342 3477 1525 3542 membrum
1552 3479 1744 3544 holocausta
1764 3490 1798 3541 et
1819 3477 2012 3557 libamenta,
2035 3479 2160 3545 oblafio·

166 3560 305 3626 eandem
328 3563 442 3625 mortis
454 3562 579 3627 Christi
601 3565 777 3630 efficaciam
798 3568 917 3649 populo
938 3567 1065 3632 iudaice
1087 3589 1138 3631 re·
1191 3586 1259 3641 nes,
1281 3565 1456 3648 primitiae,
1480 3565 1632 3647 pacificae
1648 3566 1802 3630 5151111515
1829 3566 2057 3647 pertinebant.
2090 3566 2158 3631 Pis

165 3648 417 3731 praesentarint,
439 3670 522 3731 quae
545 3649 636 3714 nobis
658 3651 693 3715 in
715 3673 815 3716 coena
838 3652 934 3718 hodie
956 3653 1138 3731 exhibetur,
1163 3664 1167 3697 ¹
1190 3650 1267 3714 inde
1285 3661 1318 3714 et
1334 3672 1394 3715 nos
1410 3652 1446 3714 in
1464 3649 1528 3714 duo
1545 3672 1668 3734 genera
1688 3647 1933 3729 distribuamus,
1957 3672 1998 3717 ae
2020 3653 2157 3725 51151511,

165 3734 297 3799 diversa
318 3744 428 3797 tanren
450 3736 550 3798 luerit
571 3740 880 3819 repraesentationis
908 3740 1038 3822 species
1084 3737 1139 3803 Si·
1164 3706 1167 3829 l
1190 3735 1328 3801 docendi
1353 3756 1463 3814 causa,
1492 3758 1644 3801 vocemus
1672 3735 1860 3817 1155151αὸ5
1882 3748 1917 3801 51
1943 3737 2157 3820 5511155153)

164 3819 297 3905 quidem
313 3819 380 3883 illic
398 3818 581 3886 sacerdotes
603 3822 733 3901 levitici,
756 3823 842 3906 quod
859 3838 1051 3906 peracturus
1069 3834 1141 3887 erat
1164 3846 1167 3883 τ
1189 3824 1344 3905 quoniam
1378 3823 1588 3887 veneratione
1621 3822 1778 3904 cultuque
1803 3820 1869 3886 Dei
1897 3836 2049 3903 constat,
2075 3842 2158 3907 55551

165 3906 320 3971 Christus
342 3907 545 3983 sacrificium,
569 3909 766 3974 iubebantur
782 3912 939 3993 figurare:
963 3910 1140 3976 sistebatur
1164 3902 1167 3975 ἓ
1191 3909 1239 3971 1111
1261 3907 1374 3973 fideles
1396 3924 1430 3972 et
1452 3907 1573 3972 debent
1588 3919 1623 3972 et
1644 3907 1799 3985 reddunt3
1821 3908 1875 3971 551
1897 3911 1927 3974 51
1951 3909 2156 3988 1555151155-

165 3990 282 4067 555515,
301 4014 384 4074 quare
402 3993 506 4057 vicem
524 3995 626 4076 ipsius
638 3994 764 4060 Christi
780 3996 919 4077 5551555
938 4008 1008 4059 erat
1025 3997 1138 4076 altare,
1163 3980 1167 4013 ¹
1190 3993 1337 4077 amuda:
1366 3993 1629 4076 quandoquidem
1648 4016 1669 4058 a
1689 3993 1790 4059 nullis
1812 3994 1885 4059 Deo
1907 3996 2089 4063 exhibetur
2104 3992 2159 4060 1115Ι

165 4077 201 4141 15
222 4098 286 4159 555
308 4077 547 4157 irumolaretur3
570 4082 615 4145 sic
639 4081 777 4163 deniquo
798 4083 998 4164 gerebantur
1019 4085 1138 4163 omnia,
1164 4098 1167 4149 ἰ
1190 4081 1247 4162 qui
1275 4080 1444 4145 immensis
1471 4083 1543 4144 cius
1579 4078 1746 4146 beneficiis
1776 4081 1889 4145 onusti
1916 4104 1955 4146 ee
1983 4095 2070 4148 15155
2094 4100 2159 4147 eun

165 4180 205 4227 ut
226 4162 267 4228 ob
288 4162 397 4226 oculos
419 4178 596 4246 poneretur
623 4168 774 4232 5555111511
797 4168 930 4252 effigies,
958 4168 1044 4251 quod
1065 4168 1138 4234 Deo
1163 4172 1167 4263 ξ
1190 4166 1372 4229 actionibus
1400 4167 1468 4229 suis
1503 4165 1655 4232 omnibus
1682 4165 1732 4229 illi
1759 4165 1958 4248 rependunt.
2015 4169 2158 4234 Alteram

164 4249 199 4314 15
222 4249 408 4331 expiatione
431 4252 626 4315 offerendam
649 4260 724 4317 erut.
763 4256 959 4336 55551155)
981 4257 1139 4320 sacrificio
1163 4266 1167 4291 ⁴
1190 4252 1467 4334 propitiatorium,
1490 4253 1560 4316 sive
1586 4253 1791 4334 expiationis
1834 4252 1899 4317 Est
1920 4264 2035 4321 autern
2054 4255 2159 4339 exp}

164 4335 261 4400 aliam
284 4333 378 4399 nobis
402 4338 561 4400 1551555111
593 4338 758 4403 Dominus
780 4338 938 4404 instituit:
961 4363 1079 4424 nempe
1101 4355 1139 4405 ut
1163 4340 1167 4349 '
1191 4338 1289 4402 tionis
1310 4337 1516 4411 sacrificium,
1536 4339 1587 4402 cui
1610 4337 1812 4420 5155551555
1833 4350 1886 4402 551
1904 4339 1996 4405 iram
2011 4340 2080 4408 Dei

163 4421 308 4487 11555515
330 4420 429 4484 551551
454 4423 514 4486 5151
533 4444 553 4485 a
571 4423 638 4486 filio
655 4425 804 4489 sacrificii
823 4423 865 4489 ad
883 4427 1040 4509 populum
1058 4427 1137 4493 fide·
1163 4482 1167 4501 ,
1190 4446 1280 4502 care,
1301 4423 1405 4506 ipsius
1422 4423 1543 4488 iudicio
1566 4425 1767 4500 5555515515,
1789 4444 1892 4506 eoque
1918 4438 2060 4508 peccata

163 4507 227 4572 leur
251 4508 461 4571 transmittat.
507 4508 657 4572 11555515
685 4531 763 4593 ergo
786 4512 879 4575 nobis
907 4510 997 4577 dedit
1019 4515 1052 4578 in
1074 4537 1139 4597 qua
1163 4556 1166 4621 Ι
1190 4519 1299 4574 ercet
1322 4509 1525 4592 abstergam
1547 4522 1919 4592 555555555515515111
1942 4514 2100 4581 5515111111
2115 4532 2160 4579 rt·

162 4593 349 4697 epulemur;
372 4614 438 4656 non
461 4592 563 4657 aluere
585 4618 684 4678 saper
705 4596 793 4678 quod
814 4598 974 4662 offeratur
996 4602 1136 4665 victima.
1162 4628 1166 4679 l
1189 4606 1362 4680 purgabis,
1397 4605 1431 4660 51
1458 4596 1496 4659 15
1526 4597 1671 4661 iustitiae
1703 4595 1882 4679 puritatem
1914 4598 2161 4671 naetitxrtrm

162 4678 238 4743 1155
260 4677 442 4743 sacerdotes
469 4682 686 4755 5555555555,
709 4684 764 4764 551
788 4683 968 4763 immolent;
997 4685 1055 4750 sed
1076 4689 1137 4749 mi-
1163 4692 1166 4721 *
1188 4684 1330 4765 gratiam
1357 4703 1433 4748 5515
1455 4682 1528 4747 Dee
1553 4683 1624 4764 ipso
1650 4681 1772 4746 redeat
1816 4679 1875 4747 Sic
1908 4684 2162 4753 vocabanturir

161 4765 298 4840 11155555,
327 4764 383 4846 551
406 4784 534 4829 sacrum
556 4766 689 4848 epulum
709 4766 914 4833 distribuant
964 4771 1138 4850 15115555-
1163 4744 1166 4797 1
1189 4767 1261 4852 lege
1289 4769 1441 4833 victimae
1470 4789 1553 4850 quae
1581 4789 1641 4852 pro
1667 4768 1808 4852 55555115
1841 4771 2024 4852 expiandis
2057 4772 2162 4839 dut·

162 4851 273 4915 limius
296 4866 345 4912 est
367 4871 404 4913 ae
435 4853 579 4916 sancum
601 4854 811 4938 mysterium.
834 4876 873 4918 eo
896 4856 1079 4939 religiosius
1099 4879 1138 4922 ac

162 4939 284 5000 maium
306 4938 489 4999 reverentia
512 4939 646 5002 tractari
664 4942 827 5004 convenit
867 4942 958 5025 Ergo
979 4943 1062 5007 nihil
1085 4962 1137 5008 tu-
1191 4964 1218 4968 ··
1251 4963 1312 4968 ··“
1331 4963 1391 4967 ”·

1163 5146 1165 5163 ἶ
1232 5076 2166 5196 ,1151555555555515555ΜᾸΝ,

233 5211 261 5267 ll
280 5211 353 5262 Libr.
372 5208 399 5262 2.
416 5224 512 5262 murra
529 5209 620 5264 Parii.
638 5230 660 5265 c.
680 5211 706 5265 a
1188 5146 1367 5289 1.ῡὲοῇἔῖ
1368 5143 1702 5284 αὲοιέηῗηκὲνὲω
1795 5151 1804 5209 l
1828 5145 1877 5199 δ’(
1899 5164 1959 5202 '⁸
1983 5151 2112 5206 ΜΗ
2130 5148 2165 5203 ἀ.
