4672 5842
167 303 249 368 ron
736 278 742 285 “
767 361 771 370 ,
811 297 1077 364 nssrrrunro
1099 298 1203 364 uun
1227 295 1408 362 666666.
1433 301 1525 363 1559.
2088 301 2170 365 ron

250 492 301 551 24.
348 485 410 550 Sed
431 506 490 550 66666
507 491 606 567 potest
627 486 723 551 huius
744 488 900 551 mendacii
929 486 1067 566 66166616
1083 509 1138 568 pe·
1161 490 1165 575 1
1190 486 1255 549 tiae
1284 485 1349 549 Dei
1376 485 1558 567 pervertis?
1610 484 1754 550 Carnem
1788 485 1890 566 igitur
1923 507 2061 551 caruem
2099 509 2168 555 esse

164 577 250 640 nitus
271 573 405 654 absterpi
432 573 497 635 nisi
524 573 624 637 diluto
652 573 749 637 altero
775 575 911 637 crimine.
965 573 1034 637 Nos
1054 575 1137 636 enim
1162 589 1164 593 ·
1189 580 1330 652 oportet3
1360 573 1526 654 spiritum,
1564 572 1732 652 spiritum3
1766 571 2023 655 unumquodque
2057 593 2125 654 qua
2151 595 2199 639 u·

162 660 281 726 rationi
302 658 458 722 humanae
485 659 533 721 ita
562 659 702 722 addictos
733 680 797 723 esse
829 660 955 737 6661666,
982 665 1016 721 66
1037 658 1137 723 uitulo
1188 656 1260 720 Deo
1283 657 1355 739 lego
1384 666 1417 720 et
1444 657 1627 721 conditione
1654 666 1801 721 ereetum
1830 666 1888 722 est
1939 659 1992 721 Eu
2019 680 2099 724 vero
2123 668 2169 724 est

157 746 236 828 plus
257 743 434 808 tribuamus
456 743 520 808 Dei
535 745 692 823 potentiae
714 765 810 824 quam
833 751 963 808 natiuae
985 745 1061 808 ordo
1077 767 1137 825 pa
1188 743 1297 807 curnis
1324 743 1465 808 cnuditio
1493 754 1530 806 ut
1562 763 1628 807 uno
1666 752 1817 824 certoque
1846 743 1930 820 loeo,
1959 752 1998 807 ut
2026 766 2090 808 sua
2123 745 2169 809 di·

162 833 247 908 titur,
270 836 298 894 et
318 831 414 895 clidat
434 831 605 895 communis
625 850 742 893 6666666.
786 830 819 894 Α
841 836 905 895 tam
922 831 1072 911 inprobis
1088 851 1137 893 ca
1189 831 1377 906 mensione,
1406 838 1443 892 ut
1470 851 1530 893 666
1565 833 1671 893 torma
1705 838 1840 894 constet.
1896 831 1949 894 Ea
1981 830 2170 896 eonditione

163 917 296 982 16666666
316 936 448 996 prouoco
475 916 518 979 ad
546 917 649 994 ipsam
677 917 850 980 doctrinam
882 938 976 997 quom
1002 916 1138 980 tradidi:
1189 935 1322 978 carnem
1345 912 1451 979 induit
1472 914 1639 992 Christus,
1662 915 1729 992 oui,
1756 921 1829 980 teste
1856 915 2053 998 Aupnstino,
2069 918 2095 999 ¹)
2122 919 2168 981 in·

164 1023 244 1084 quae
270 1004 350 1066 sotis
382 1001 517 1065 dilucide
549 1002 686 1078 ostendit,
714 1024 761 1065 me
788 1003 843 1065 hoc
870 1004 1052 1082 mysterium
1080 1003 1137 1064 mi
1188 1002 1431 1082 corruptionem
1452 999 1585 1082 quidem
1608 1009 1641 1063 et
1662 1000 1800 1083 glorium
1823 1000 1931 1081 dedit,
1957 1011 2118 1067 naturum
2139 1012 2169 1067 et

49 1134 52 1144 ·
164 1089 248 1152 nime
274 1089 411 1152 rationis
438 1087 592 1150 hurnanae
622 1088 710 1150 mode
737 1090 854 1166 metiri,
877 1088 923 1152 oel
944 1094 1076 1152 naturae
1097 1088 1137 1151 le-
1188 1087 1361 1150 veritatem
1383 1109 1448 1149 non
1471 1086 1615 1150 abstulit.

160 1173 254 1258 pibus
281 1173 439 1238 subiicere.
492 1173 636 1251 Obsecro,
663 1195 706 1237 an
733 1195 770 1237 ec
786 1173 931 1256 physicis
957 1174 1163 1250 didicimus!
1276 1176 1324 1235 25.
1359 1172 1539 1251 Eae-ipiunt,
1557 1194 1590 1237 se
1606 1173 1730 1236 uerbum
1747 1172 1856 1237 habere
1874 1152 2066 1253 6661661666
2082 1175 2167 1254 facta

167 1258 328 1325 Christum
360 1259 493 1339 periculo
529 1260 656 1324 onirnas
689 1266 815 1324 nostras
849 1281 865 1323 6
900 1260 977 1323 66616
1006 1279 1137 1339 pascere
1161 1242 1163 1305 6
1188 1264 1232 1322 666
1248 1256 1312 1321 Dei
1332 1259 1490 1323 oolrirrtas:
1510 1279 1616 1340 riernpe
1636 1260 1666 1321 si
1687 1258 1756 1323 illis
1777 1260 1957 1336 conceditur,
1980 1259 2099 1324 donum
2120 1263 2166 1324 in-

163 1366 258 1410 carne
280 1366 340 1408 sua
362 1349 451 1424 atoue
479 1365 607 1423 corpora
630 1366 717 1425 pane
738 1350 767 1408 et
787 1347 858 1410 6166
880 1346 1034 1408 6166666νέ
1057 1346 1136 1408 unde
1160 1318 1163 1415 6
1188 1345 1416 1422 terpretationis
1438 1366 1475 1407 cc
1497 1344 1624 1409 ecclesia
1653 1344 1823 1426 proflipare
1849 1345 1929 1425 quod
1950 1345 2053 1409 lucem
2081 1348 2166 1412 uerbo

164 1431 239 1496 haec
259 1431 349 1495 carni
368 1431 470 1494 uirtus
488 1435 521 1494 ut
538 1432 665 1494 animas
681 1431 836 1510 vivificet?
858 1431 1057 1495 Naturaliter
1077 1452 1136 1493 66666
1160 1468 1163 1525 1
1187 1430 1307 1508 atterat.
1355 1429 1468 1493 Fateor
1495 1430 1566 1495 illos
1587 1429 1696 1494 trabere
1720 1431 1860 1494 uerbum:
1888 1432 1942 1495 sed
1970 1432 2066 1511 ortale
2093 1433 2165 1497 olim

161 1518 234 1598 lieri
263 1537 365 1580 omnes
396 1515 505 1579 6666666.
556 1516 723 1580 Humanae
756 1518 872 1580 rationi
906 1516 1003 1579 nihilo
1035 1517 1136 1597 mupis
1160 1542 1163 1641 1
1188 1515 1531 1595 Aruleropomorphitae,
1554 1537 1649 1596 quum
1676 1516 1780 1581 Deum
1807 1537 1987 1596 corporeum
2012 1518 2166 1600 facerent,-

158 1601 302 1686 mount,
321 1607 486 1681 penetrare
509 1602 552 1665 66
568 1624 624 1666 nos
638 1600 755 1666 Christi
777 1622 908 1679 6666666,
930 1608 964 1665 ut
985 1601 1073 1665 nobis
1095 1607 1136 1665 set
1160 1658 1162 1663 .
1187 1601 1279 1680 quale
1301 1599 1497 1664 6166666666
1518 1601 1713 1678 Manichaei,
1743 1624 1838 1682 quum
1863 1604 2016 1686 stuperent
2049 1601 2164 1669 Christi

165 1689 358 1752 alimentum.
394 1686 537 1768 Denique
559 1689 703 1768 quisquis
719 1689 892 1752 doctrinam
914 1694 1054 1752 instram
1080 1709 1136 1769 pu·
1160 1672 1521 1773 16661666666166616666,
1549 1689 1595 1752 ecl
1619 1687 1862 1767 plrardasticum.
1909 1686 2060 1753 Citabant
2086 1692 2163 1754 enim

163 1774 309 1851 staverit,
339 1774 483 1852 rapietur
505 1774 540 1836 in
561 1775 800 1838 admirationem
833 1795 969 1838 66666666
998 1773 1062 1836 Dei
1079 1796 1135 1853 pa
1160 1778 1162 1793 '
1187 1773 1383 1837 testimonia:
1399 1775 1528 1853 primus
1550 1773 1658 1837 Adam
1676 1795 1692 1837 e
1715 1779 1798 1837 terra
1819 1775 1985 1853 terrestris,
2010 1777 2163 1840 secundus

164 1859 285 1923 tentiae.
331 1858 392 1922 Isti
414 1864 517 1922 6666666
538 1859 609 1923 boni
630 1860 698 1924 eius
719 1860 831 1924 relatae
863 1859 1051 1924 miraculum
1075 1858 1135 1922 sibi
1188 1859 1297 1922 Admn
1325 1879 1341 1922 6
1367 1859 1444 1923 coelo
1471 1860 1613 1924 coelestis.
1670 1859 1765 1924 Item:
1801 1857 1967 1924 Christum
1992 1881 2025 1925 se
2061 1863 2163 1942 ipsum

161 1944 327 2027 fabricant,
358 1944 559 2024 annosublata
588 1947 741 2009 euanescit
770 1945 858 2009 Deus
885 1947 952 2025 ipse
978 1966 1047 2009 cunc
1075 1966 1136 2007 666
1187 1944 1362 2008 6666666666
1388 1945 1491 2024 sorim
1513 1947 1596 2009 seroi
1616 1950 1753 2024 accepta.
1777 1949 1804 2008 et
1824 1947 2037 2012 similitudine
2066 1968 2164 2029 reper-
2209 2007 2211 2015 ,

158 2032 308 2113 potentia.
359 2030 500 2095 Lectores
532 2032 644 2095 iterum
670 2033 843 2095 admonitos
867 2033 973 2111 cupio,
1000 2036 1033 2095 ut
1059 2031 1136 2111 quid
1188 2036 1238 2094 tas
1259 2035 1293 2092 at
1319 2030 1414 2094 homo.
1476 2030 1590 2095 Verum
1618 2033 1719 2096 crassi
1746 2036 1923 2096 comestores
1950 2032 2077 2097 nullam
2104 2033 2162 2098 Dei

162 2116 247 2197 ferat
268 2122 375 2180 nostro
394 2118 536 2181 66666166
557 2116 717 2198 (liliputer
737 2118 904 2193 aestiment,
922 2118 1094 2196 pendeatne
1116 2139 1137 2180 a
1161 2106 1356 2195 lpatentiam
1386 2137 1451 2180 esse
1483 2118 1676 2194 existimant,
1710 2118 1776 2181 nisi
1808 2124 1942 2182 66666666
1971 2119 2008 2182 in
2036 2120 2163 2183 cerebris

163 2222 259 2266 sensu
284 2203 453 2280 comniuni,
476 2224 520 2267 ou
542 2224 611 2266 oero
631 2202 707 2282 fidei
735 2204 812 2281 alis,
838 2209 984 2283 superato
1012 2202 1136 2280 66666616,
1188 2201 1257 2264 suis
1283 2202 1435 2282 lubriculo
1463 2208 1616 2267 6666666666
1644 2203 1989 2282 66166666666666666,Ι
2012 2206 2096 2285 quod
2111 2225 2162 2285 pe

164 2288 378 2352 transscendat
400 2290 434 2350 in
452 2289 553 2352 coeloe.
584 2287 731 2352 Dicimus
755 2287 914 2353 Christum
932 2295 996 2353 66666
1013 2294 1137 2353 66666666
1189 2289 1253 2351 tices
1282 2294 1326 2351 est
1353 2287 1457 2352 Deum
1489 2289 1752 2366 circumscribere,
1781 2289 1834 2352 ubi
1865 2290 2024 2372 dpmentis
2052 2293 2162 2355 icastris

165 2373 299 2455 syuibolo
321 2395 416 2454 quam
443 2375 560 2456 spiritu
583 2395 639 2437 suo
660 2376 702 2439 ad
726 2395 780 2438 aas
801 2375 993 2452 descendere,
1016 2379 1048 2436 nt
1070 2395 1138 2438 »6666
1162 2340 1368 2454 l'uppetimus
1394 2376 1532 2455 66166666
1551 2375 1629 2455 auid
1651 2376 1762 2456 possit.
1806 2374 1861 2438 En
1882 2397 1941 2456 quo
1964 2378 2050 2441 enim
2078 2377 2162 2442 aerbo

168 2459 342 2523 substantia
354 2460 547 2524 6666666666
565 2466 592 2524 et
613 2461 781 2543 sonpuiuis
798 2462 850 2524 sui
866 2462 993 2524 animas
1014 2465 1138 2524 nostras
1163 2452 1165 2499 1
1190 2464 1402 2539 sumpserunt,
1431 2482 1543 2540 corpus
1573 2458 1692 2524 Christi
1715 2462 1749 2523 in
1771 2461 1848 2525 coelo
1870 2461 1995 2527 risibile
2022 2482 2098 2541 esse,
2122 2462 2162 2526 la

166 2545 306 2625 vivificet.
352 2544 395 2609 In
416 2546 468 2609 his
483 2548 600 2628 paucis
626 2546 727 2610 uerbis
755 2547 809 2626 oui
834 2539 906 2610 6666Ι
920 2547 1012 2611 sentit
1040 2546 1251 2648 6666611666
1279 2551 1382 2610 autem
1418 2545 1577 2610 invisibile
1604 2548 1639 2610 in
1666 2553 1752 2610 terra
1780 2545 1837 2611 sub
1864 2549 2041 2612 innumeris
2064 2549 2163 2630 panis

165 2631 288 2696 subesse
309 2632 472 2709 miracrda,
489 2632 679 2712 plusquam
700 2633 845 2711 stupidus
866 2637 927 2696 est:
948 2633 1071 2713 61666666
1091 2633 1139 2694 61-
1164 2670 1166 2687 ι
1189 2631 1363 2711 frustulis?
1405 2631 1517 2694 Dicent
1539 2634 1747 2697 neccessitatem
1769 2633 1823 2696 hoc
1841 2634 1994 2716 dap-itare,
2015 2637 2050 2696 ut
2072 2632 2163 2697 Chri-

166 2717 212 2781 hil
233 2717 335 2800 mapis
357 2723 485 2798 praeter
506 2724 668 2796 6666666666,
692 2739 786 2798 quam
807 2724 842 2781 nt
864 2719 960 2781 666666
987 2719 1139 2797 spirituu-
1164 2736 1167 2807 1
1191 2717 1233 2780 sti
1265 2738 1378 2795 corpus
1411 2718 1501 2781 detor-r
1528 2718 1563 2781 iu
1589 2739 1689 2783 66666.
1748 2719 1867 2797 11166666
1900 2720 1971 2800 auio
2000 2717 2160 2782 6666616666

81 2852 87 2869 ,
167 2805 226 2870 1666
247 2807 273 2866 el
294 2803 448 2867 coelestem
469 2805 593 2867 animae
626 2805 1278 2884 666666666666666661666666-1666666
1310 2824 1348 2865 ec
1382 2800 1499 2868 Christi
1531 2804 1632 2867 6661666
1665 2805 1770 2868 elicere
1801 2804 1906 2883 libuit,
1934 2823 1988 2869 suo
2018 2804 2161 2884 ipsorum

165 2891 269 2973 pinem
297 2910 389 2953 6666666
411 2912 426 2953 6
448 2895 532 2954 terra
558 2891 684 2970 accepit,
709 2896 736 2953 66
757 2912 835 2970 quae
863 2893 954 2953 morti
981 2890 1044 2969 fuit
1071 2890 1140 2953 snb·
1164 2879 1384 2969 ipraeimlicio
1414 2890 1672 2969 66666166666666666
1699 2890 1869 2953 imbuerunt
1900 2891 2057 2973 orputiam
2084 2889 2165 2954 lianc

168 2978 254 3039 iectu
300 2975 392 3039 Nihil
413 2977 516 3058 mopis
542 2976 719 3040 incredibile
745 2997 841 3056 auam
867 2998 917 3039 res
938 2981 996 3040 toto
1017 2975 1089 3039 coeli
1112 2981 1140 3039 66
1165 2948 1167 3041 6
1191 2975 1347 3050 excindere,
1369 2976 1419 3038 cui
1437 2976 1585 3039 reclamat
1605 2981 1668 3039 tota
1685 2978 1851 3057 scriptura.
1896 2977 2075 3057 Quidquam
2096 2995 2165 3041 vero

167 3066 266 3125 terrae
288 3062 390 3140 spatio
411 3063 543 3127 dissitas
560 3084 596 3127 ac
615 3068 755 3139 remotas,
778 3063 811 3124 in
833 3067 918 3126 666666
941 3064 1076 3126 locorum
1093 3061 1140 3123 di
1164 3060 1167 3143 j
1192 3083 1213 3122 a
1235 3061 1321 3123 nobis
1342 3061 1488 3124 imminui
1506 3063 1543 3126 66
1555 3064 1694 3141 potentio
1713 3063 1785 3139 Dei,
1804 3083 1902 3143 usqrie
1920 3083 1954 3127 eo
1970 3061 2093 3143 salsum
2114 3065 2165 3139 est,

166 3147 286 3212 startia
307 3166 365 3208 non
392 3147 492 3211 solum
519 3149 676 3229 coniunpi,
699 3149 753 3212 sed
775 3149 877 3226 sarriri,
900 3154 934 3211 ut
960 3148 1139 3212 alimentum
1164 3162 1166 3215 1
1194 3152 1226 3209 66
1250 3151 1355 3210 nostra
1384 3148 1523 3211 electrina
1550 3150 1694 3229 apprime
1721 3147 1923 3230 utaperihcum
1947 3149 1989 3212 sit
2016 3150 2086 3213 eius
2112 3148 2165 3213 eto

160 3233 341 3313 percipiant
373 3234 499 3297 animae
520 3256 558 3297 66
580 3255 672 3298 carne
702 3233 829 3297 Christi.
885 3234 1042 3298 1166666666
1070 3253 1139 3314 erpo
1165 3269 1167 3315 1
1190 3233 1286 3314 pium.
1314 3233 1374 3296 Sed
1385 3235 1461 3312 onia
1478 3253 1597 3312 semiper
1614 3254 1668 3297 nos
1685 3235 1880 3312 insimulant,
1897 3233 2055 3314 fraudari
2065 3234 2166 3300 Deum

159 3320 358 3398 praeposteri
384 3318 521 3382 1666666666
554 3321 838 3399 6666166661666666
865 3320 1026 3384 calumnia
1053 3318 1392 3407 661666166661666666,
1422 3319 1499 3382 dum
1527 3321 1705 3399 respuimus
1732 3322 1812 3401 quod
1840 3321 2012 3385 secundum
2038 3340 2166 3386 66666666

165 3405 283 3485 facere,
311 3406 398 3467 acsi
422 3404 458 3467 de
485 3405 636 3469 imme-nso
665 3406 728 3469 Dei
750 3407 890 3487 potentia
917 3407 1054 3487 mohpne
1081 3404 1863 3485 616166666666666161166666666661666,16666
1881 3427 1934 3470 ore
1958 3403 2081 3472 Christi
2099 3427 2166 3489 pro

167 3490 244 3570 quid
264 3491 526 3571 restriuperemus.
571 3491 642 3570 Ipsi
663 3493 745 3555 enim
767 3492 819 3557 vel
841 3493 938 3557 nimis
967 3491 1066 3555 stulte
1088 3513 1139 3554 er-
1165 3524 1167 3579 3
1191 3491 1325 3553 arissam
1341 3492 1453 3571 fecerit:
1480 3493 1591 3556 iterum
1618 3493 1784 3571 respornleo
1813 3493 1896 3572 quod
1917 3511 2037 3572 nuper,
2059 3513 2117 3558 nos
2135 3494 2167 3556 in

167 3582 252 3652 runt,
264 3575 318 3640 vel
329 3575 465 3654 improbe
481 3578 696 3640 mentiuntur.
712 3579 734 3656 ι1
769 3577 845 3641 Non
862 3578 952 3641 enim
970 3577 1023 3641 hie
1041 3598 1140 3658 quae·
1165 3603 1168 3663 1
1190 3576 1265 3655 {idei
1291 3577 1448 3657 mysteriis
1472 3598 1598 3642 66666666
1625 3597 1814 3643 6666666666
1841 3597 1902 3641 non
1923 3578 2098 3658 eorisulere,
2118 3576 2166 3644 sod

166 3662 253 3725 ritur
274 3659 352 3744 quid
374 3661 466 3726 Deus
488 3664 643 3744 potuerit,
667 3662 724 3727 sed
746 3661 825 3745 quid
847 3663 994 3728 voluerit.
1039 3664 1140 3727 Affir-
1166 3686 1168 3727 1
1186 3662 1318 3741 placida
1339 3664 1494 3727 docilitate
1515 3669 1543 3727 ct
1563 3664 1680 3743 spiritu
1702 3663 1963 3741 6666666666ίηὶ6,
1986 3685 2081 3745 quem
2098 3684 2166 3730 eom·

166 3769 296 3811 memus
313 3756 424 3811 eutem
439 3747 473 3811 id
488 3750 612 3812 fectum
630 3771 699 3812 esse
717 3749 803 3830 quod
819 3749 868 3812 illi
886 3749 1042 3831 placitum
1060 3758 1139 3814 eret.
1166 3746 1168 3797 1
1193 3749 1317 3812 66666666
1348 3749 1480 3814 Iacobus
1502 3750 1554 3832 (1,
1575 3750 1641 3832 21),
1669 3751 1824 3830 suscipere
1849 3750 2023 3831 profectum
2051 3773 2068 3815 e
2094 3748 2165 3815 66616

166 3834 298 3899 Placuit
320 3840 444 3911 autem,
469 3834 639 3900 Christum
660 3836 816 3900 funeribus
837 3857 897 3916 per
919 3837 1029 3898 omnia
1050 3836 1140 3899 simi-
1166 3802 1169 3935 1
1194 3834 1373 3899 doctrinam.
1427 3834 1487 3900 Sed
1515 3838 1550 3899 in
1578 3856 1638 3915 quo
1664 3837 1730 3917 ipsi
1752 3835 1930 3915 perniciose
1959 3843 2085 3916 errant,
2116 3854 2166 3900 nus

166 3919 233 3983 lem
253 3920 334 3996 fieri,
357 3929 491 4002 excepto
513 3931 652 4003 peccato.
696 3920 812 4001 Qualis
835 3929 885 3984 est
907 3934 1019 3985 nostru
1041 3921 1140 3986 cero?
1167 3943 1169 4007 1
1193 3920 1300 3983 utilem
1320 3921 1557 3985 moderationem
1588 3923 1676 4002 sequi
1696 3942 1759 3986 66666
1779 3920 1923 4007 diffiteor.
1969 3917 2034 3988 Illi
2052 3922 2168 3987 auditis

167 4026 276 4069 nonne
298 4027 380 4086 quae
399 4018 488 4071 corte
507 4029 566 4071 sue
585 4008 788 4073 dimensione
810 4016 947 4084 constat,
971 4028 1053 4089 quae
1072 4007 1141 4071 loeo
1167 4020 1170 4109 1
1197 4004 1316 4069 Christi
1341 4006 1456 4084 uerbis,
1479 4007 1532 4070 hoc
1559 4013 1602 4070 est
1626 4027 1737 4089 corpus
1766 4027 1882 4084 66666666,
1912 4008 2102 4074 miraculum
2128 4005 2166 4071 ob

167 4091 369 4169 continetur,
393 4114 477 4174 quae
510 4095 670 4178 tangitur,
700 4114 782 4176 quae
810 4092 962 4158 videtur?
1007 4094 1053 4156 Et
1074 4115 1141 4167 cur,
1167 4112 1170 4231 1
1194 4092 1262 4154 eius
1282 4098 1381 4155 incerte
1402 4095 1643 4157 remotissimum
1662 4093 1886 4175 irnapinantur.
1929 4089 1994 4159 Ubi
2014 4099 2113 4159 autem
2129 4113 2168 4157 ee

166 4177 333 4258 inquiunt,
357 4198 423 4241 non
444 4179 543 4243 faciut
565 4179 657 4245 Deus
679 4188 716 4242 ut
737 4199 812 4243 cero
835 4178 949 4244 eudem
975 4179 1071 4260 plura
1093 4179 1141 4242 di·
1167 4234 1170 4259 ,
1194 4177 1248 4241 hoo
1271 4183 1431 4241 corremento
1453 4185 1609 4261 ernerpunt
1629 4180 1736 4260 foulae
1757 4177 1982 4257 absurditates,
2008 4182 2084 4262 puio
2105 4180 2168 4244 iam

166 4283 325 4345 versaque
348 4262 418 4329 loeu
440 4273 582 4346 occupet,
607 4277 644 4330 ut
667 4265 756 4329 nullo
779 4265 848 4330 loeo
871 4266 1086 4343 contineatur,
1106 4272 1143 4329 ut
1167 4264 1170 4364 1
1188 4264 1359 4344 praecipiti
1377 4264 1574 4343 festinatione
1594 4266 1720 4345 laqueos
1742 4265 1919 4343 induerunt,
1941 4265 2125 4351 dernerpunt
2140 4285 2170 4332 se

165 4349 262 4413 modo
285 4357 318 4413 et
339 4350 445 4430 speeie
468 4351 595 4414 carent?
641 4352 777 4431 Insane,
801 4351 878 4433 quid
901 4375 921 4416 a
941 4353 1006 4416 Dei
1028 4360 1142 4434 poten·
1167 4368 1170 4443 1
1194 4350 1229 4412 lu
1250 4350 1396 4430 abyssum
1422 4352 1656 4430 omnipotentiae
1677 4350 1759 4428 Dei,
1781 4355 1815 4414 ut
1837 4350 1891 4415 hoc
1912 4353 2006 4416 modo
2033 4353 2170 4419 venare

165 4435 214 4500 tia
235 4435 383 4518 postulas
405 4447 442 4500 ut
463 4457 595 4501 earnem
615 4438 713 4502 faciut
735 4437 832 4502 simul
850 4458 921 4502 csso
939 4446 971 4501 et
988 4459 1055 4501 non
1072 4459 1142 4502 esse
1167 4455 1170 4519 1
1195 4437 1291 4500 lacem
1313 4437 1516 4518 enslinpuant.
1562 4437 1648 4501 Hinc
1667 4439 1810 4519 [astuosa
1831 4436 1890 4500 illo
1920 4441 2110 4506 morositas:
2124 4459 2170 4504 ne

165 4520 322 4587 earnem?
378 4521 521 4586 Perinde
544 4543 581 4586 ae
603 4524 630 4587 si
657 4524 758 4588 instes
789 4531 825 4586 ut
846 4523 952 4586 lucem
979 4523 1077 4588 faeiat
1099 4524 1141 4587 si·
1167 4524 1170 4621 1
1194 4522 1298 4585 lunius
1319 4523 1399 4585 scire
1420 4524 1569 4602 quomodo
1588 4522 1746 4605 subpone
1768 4521 2038 4604 lahatChristue
2056 4526 2115 4591 hae
2130 4526 2173 4607 ip-

165 4609 234 4672 mu]
264 4628 335 4672 esse
363 4607 471 4673 lucem
497 4616 530 4672 et
552 4608 712 4674 tenebras.
769 4610 816 4673 At
837 4608 944 4673 lueem
972 4609 1046 4673 vult
1071 4631 1142 4673 esse
1194 4608 1263 4672 sius
1291 4628 1359 4671 6666
1385 4610 1531 4672 cademi:
1557 4609 1611 4674 hoe
1632 4616 1676 4673 est
1698 4629 1808 4690 corpus
1835 4628 1946 4672 66666666.
1997 4610 2070 4677 Nos
2099 4631 2171 4691 nero,

165 4693 287 4771 lueem;
311 4694 474 4771 tenebras,
498 4693 668 4774 tenebrus3
691 4717 840 4774 curnem,
868 4717 1008 4759 earnem.
1054 4693 1142 4759 Ceu·
1167 4670 1170 4807 1
1195 4698 1229 4756 66
1251 4695 1286 4757 ia
1307 4699 1368 4757 tota
1388 4696 1564 4773 scriptura,
1587 4716 1700 4760 sonam
1726 4695 1822 4758 huius
1850 4694 1908 4759 loa
1936 4696 2173 4782 intellipentian

166 4788 273 4845 vertet
295 4779 426 4859 quidem
448 4802 549 4862 quum
570 4781 658 4845 volet
678 4783 830 4848 tenebras
851 4782 888 4844 in
909 4781 1016 4846 lucem
1038 4788 1071 4844 et
1092 4781 1142 4844 lu·
1196 4800 1256 4842 non
1278 4781 1396 4844 minore
1418 4780 1588 4845 obedientia
1609 4802 1705 4863 qnam
1726 4801 1803 4846 euro
1824 4783 1973 4862 6666666666
2000 4785 2174 4862 studemus,⁸

166 4888 238 4930 oem
260 4865 296 4927 in
324 4865 490 4945 tenebram
517 4865 575 4931 sed
602 4890 704 4950 quum
731 4869 836 4952 exigis
854 4877 891 4931 ut
912 4868 971 4930 lux
994 4873 1027 4930 et
1053 4878 1142 4931 tene·
1198 4887 1293 4945 ireque
1314 4874 1515 4946 praepostero
1541 4867 1662 4948 feruore
1695 4873 1804 4931 temere
1845 4868 2031 4949 arripimus
2060 4878 2089 4937 et
2115 4873 2174 4938 stu

166 4950 246 5016 brae
263 4972 330 5015 non
348 4949 510 5032 differant,
530 4953 608 5036 quid
626 4953 714 5019 aliud
732 4975 831 5037 quem
848 4953 996 5020 ordinem
1016 4954 1143 5036 sapien·
1169 5016 1172 5083 1
1197 4951 1314 5016 delectu
1335 4954 1414 5034 quod
1429 4955 1575 5033 primum
1597 4975 1629 5018 se
1649 4953 1798 5062 6666661666
1826 4954 1945 5017 nostris
1969 4956 2109 5041 inperii,-
2130 4954 2176 5023 sed

240 5223 269 5286 l)
286 5222 342 5276 Hic
360 5225 506 5280 incidimus
523 5228 554 5280 in
572 5227 595 5292 ξ.
614 5225 655 5279 27.
1170 5193 1173 5265 i
1271 5225 1299 5291 l)
1318 5227 1404 5293 Epist.
1424 5227 1459 5276 nd
1478 5226 1639 5279 Dardanum.
