4672 5842
143 304 208 366 aas
788 293 1056 360 msrmerro
1076 295 1181 359 11111.
1204 258 1385 358 1111111.
1414 296 1503 356 ress.
2095 292 2158 354 aas

150 488 257 556 subita
273 495 378 549 morte
396 491 528 565 praeter
548 505 639 564 spem
658 484 805 546 omniurn
824 485 928 566 abripi
946 483 1125 565 antarpot?
1179 484 1349 565 baptizate,
1374 482 1527 545 docentes
1545 500 1677 544 servare
1699 501 1910 563 quaecunque
1928 481 2082 563 praecepi
2103 502 2159 543 vo-

149 574 248 642 01111
275 581 325 635 cst
353 570 488 633 Domini
518 570 708 651 promissio,
742 571 927 651 quicunque
957 572 991 634 in
1020 570 1127 633 filium
1179 571 1237 635 bis.
1287 569 1374 649 Qrtod
1396 569 1477 631 idem
1499 569 1719 630 annotavimus
1750 568 1785 630 in
1811 567 1870 630 itta
1899 565 2161 630 0111111111(-

150 656 297 735 credidit,
320 677 386 719 non
406 657 553 719 visurum
572 669 721 732 mortem,
742 676 801 718 nec
820 657 853 719 in
872 656 1029 721 iudicium
1047 679 1127 720 ven·
1151 640 1154 669 ¹
1179 658 1224 720 tta
1246 655 1382 736 quaeda
1404 676 1502 734 oquae
1529 659 1557 716 at
1585 655 1718 734 spiritus
1746 656 1973 734 repererotroac
1994 674 2099 732 111111
2121 654 2162 715 ci-

149 752 278 818 turum,
309 742 364 805 scd
393 743 562 805 transiisse
591 764 610 805 a
636 752 740 804 morte
769 743 804 804 in
834 744 950 820 vitam;
980 742 1126 806 nondum
1180 743 1336 821 1111111111.
1384 741 1470 803 Nom
1498 741 1525 802 si
1548 740 1593 802 ita
1614 739 1811 821 intelligitur
1833 748 1869 802 ut
1889 739 2077 821 postulant,
2095 738 2162 801 illic

149 831 351 911 baptizatum
379 829 496 891 nullibi
519 826 691 892 damnasse
721 831 927 908 comperitur.
973 828 1069 908 Quod
1092 829 1126 890 11
1180 835 1256 892 certe
1268 828 1408 908 priorem
1425 826 1587 907 spirituali
1607 826 1852 908 regeneratione
1873 827 2074 907 baptismum
2091 846 2162 888 csse

149 938 223 982 eam
245 936 265 977 a
286 936 339 977 me
361 922 488 996 partem
511 915 613 994 accipi
636 913 719 989 nolo,
743 913 877 995 perinde
896 937 933 978 ac
955 917 981 979 si
1006 915 1128 996 baptis·
1181 914 1362 991 conveniet,
1385 912 1514 994 quando
1534 913 1642 993 priore
1660 911 1729 974 loco
1748 912 1945 976 nominatur.
1977 912 2056 974 Non
2074 912 2163 974 enim

150 1023 243 1066 mum
271 1001 436 1065 contemni
462 1001 596 1080 impune
623 1020 717 1080 posse
744 1001 917 1063 innuerem
946 1001 1026 1083 (qno
1051 1022 1128 1064 con·
1182 1022 1241 1064 nos
1264 1021 1305 1062 ex
1328 1000 1448 1082 spiritu
1466 1010 1497 1061 et
1523 1019 1616 1078 aqua,
1639 997 1696 1060 sed
1715 1019 1756 1061 ex
1774 1019 1859 1079 aqua
1875 1008 1908 1062 et
1930 998 2050 1079 spiritu
2069 1017 2163 1079 rege·

151 1095 279 1170 tamptu
303 1087 459 1150 violatum
482 1087 522 1148 iri
544 1086 680 1148 Domini
700 1085 812 1149 foedus
831 1088 972 1150 alliano:
999 1095 1128 1149 tantum
1181 1085 1343 1149 nerandos
1364 1085 1457 1148 docet
1479 1085 1643 1148 Christus.

151 1175 244 1239 abest
266 1181 303 1236 ut
325 1194 480 1236 excusare
500 1171 711 1253 sustineam);
736 1180 866 1240 tantum
890 1174 1039 1236 etinccrc
1062 1173 1128 1236 sul'·
1269 1177 1320 1236 28.
1365 1172 1437 1233 Iam
1449 1171 1655 1252 aliquantum
1674 1190 1831 1234 concussa
1849 1169 1980 1234 videtur
1997 1171 2162 1251 inexpug-

149 1259 227 1336 ficit,
251 1281 316 1322 non
340 1280 409 1322 esso
439 1257 518 1319 adeo
548 1260 783 1335 necessarium,
814 1269 851 1321 ut
872 1260 1007 1339 periisse
1030 1260 1129 1340 proti·
1182 1258 1301 1321 nabilis
1324 1258 1403 1320 hacc
1426 1258 1524 1332 ratic,
1554 1278 1618 1337 qua
1640 1264 1808 1337 tantopere
1831 1254 2018 1333 conlidunt3
2047 1277 2162 1319 verum

149 1368 213 1410 nus
243 1345 447 1409 existimetur
475 1344 527 1407 cui
556 1344 625 1407 eius
655 1342 822 1407 obtinendi
851 1345 1003 1425 adempta
1031 1346 1130 1408 1111111
1181 1347 1257 1426 quia
1279 1345 1359 1407 satis
1380 1344 1480 1407 habet
1500 1343 1535 1405 in
1555 1342 1763 1423 simplicitate
1784 1342 1934 1424 praesidii
1959 1343 2094 1418 veritas,
2117 1342 2163 1405 le-

150 1432 299 1496 facultas.
351 1429 454 1510 Atqui
491 1430 518 1491 si
553 1451 666 1493 eorum
703 1441 886 1494 commento
921 1432 1128 1507 assentimur,
1181 1430 1276 1493 vibus
1304 1429 1464 1493 eiusmodi
1492 1428 1631 1510 argutiis
1660 1429 1744 1491 elabi
1774 1429 1857 1492 nolo.
1910 1426 2062 1492 Solidam
2084 1449 2163 1509 ergo

151 1538 207 1582 eos
242 1538 353 1579 omnes
382 1516 465 1578 eitra
494 1517 719 1597 exceptionem
747 1515 973 1581 damnabimus
1002 1538 1081 1597 quos
1111 1539 1129 1579 1
1182 1517 1427 1598 responsionem
1446 1514 1506 1579 sibi
1528 1514 1677 1578 babeant.
1715 1513 1929 1579 Potissimum
1950 1514 2003 1576 hic
2022 1535 2044 1576 a
2066 1513 2164 1578 Chri-

150 1602 311 1684 baptismo
347 1623 442 1665 casus
484 1601 602 1682 aliquis
630 1602 846 1683 prohibuerit,
880 1598 1157 1684 (111111111111111ι
1183 1612 1232 1666 sto
1259 1602 1298 1665 de
1326 1600 1545 1683 praedicando
1573 1600 1744 1682 cvangelio
1772 1599 1869 1664 datur
1890 1599 2090 1664 mandatum
2113 1601 2163 1663 cui

151 1690 275 1769 alioqui
298 1686 361 1750 lide
383 1686 562 1768 praeditos,
590 1710 649 1769 per
672 1709 770 1769 quam
793 1689 945 1752 Christus
967 1691 1036 1770 ipse
1055 1710 1130 1770 pos·
1183 1688 1367 1770 baptizandi
1385 1688 1615 1762 ministerium,
1640 1687 1745 1750 instar
1763 1686 2162 1768 appendicissubnectit.

153 1775 287 1840 sidctur.
341 1773 479 1855 Insuper·
510 1775 652 1837 infantes
688 1795 801 1838 omnes
830 1786 984 1838 aeternae
1015 1777 1130 1839 nicrtis
1183 1773 1313 1838 Deinde
1341 1795 1407 1837 non
1429 1775 1523 1836 alitor
1546 1773 1586 1836 dc
1607 1772 1768 1854 baptismo
1791 1794 1897 1837 sermo
1920 1770 2077 1850 babetur,
2102 1773 2164 1834 nisi

152 1882 225 1925 reos
248 1871 419 1942 peragrmt,
443 1861 784 1940 quibus,baptismnm
809 1870 938 1943 negant,
963 1882 1022 1924 sua
1044 1862 1130 1943 ipso·
1183 1872 1345 1942 quatenus
1357 1859 1494 1923 docendi
1514 1860 1671 1923 functioni
1693 1861 1762 1922 eius
1781 1857 2022 1923 administratio
2042 1857 2161 1922 subest.

152 1969 228 2011 rum
250 1947 451 2010 confessione
474 1946 514 2008 ad
538 1945 675 2010 salutem
704 1949 933 2010 necessarium.
978 1947 1132 2010 Viderint
1184 1947 1359 2028 Apostolos
1383 1947 1469 2008 enim
1493 1945 1595 2008 mittit
1617 1944 1771 2009 Christus
1794 1945 1834 2008 ad
1857 1944 2069 2027 evangelium
2092 1944 2164 2007 uni-

152 2054 240 2096 nunc
264 2053 362 2113 quam
384 2031 467 2094 belle
491 2031 551 2095 sibi
574 2053 648 2095 eum
673 2030 797 2096 Christi
821 2034 928 2096 verbis
947 2035 1129 2109 conveniat,
1184 2035 1288 2097 versis
1315 2032 1401 2096 orbis
1432 2032 1618 2096 nationibus
1640 2030 1934 2114 promulgandum,
1959 2039 1997 2093 ut
2020 2029 2165 2111 undique

152 2118 269 2200 quibus
292 2138 431 2199 regnum
454 2117 616 2180 coelorum
634 2118 682 2180 illi
702 2120 800 2181 aetati
820 2118 1033 2183 adiudicatur.
1070 2121 1130 2182 At-
1183 2121 1217 2183 in
1254 2140 1391 2202 regnum
1425 2140 1522 2181 suum
1555 2117 1699 2198 perditos
1734 2127 1810 2180 ante
1839 2116 1987 2181 homines
2017 2116 2165 2180 (11111111

152 2210 269 2286 queut
291 2202 1129 2286 1111111111111111111111111,(1111111111111111111
1184 2205 1298 2268 salutis
1331 2204 1495 2286 colligant.
1552 2202 1643 2282 Qtros
1675 2214 1785 2267 autem
1818 2203 1906 2279 illos,
1937 2211 1997 2266 aut
2030 2201 2163 2285 quales?

152 2290 215 2353 loci
238 2289 490 2371 intelligentiam
512 2291 637 2364 attinet,
662 2290 743 2352 nihil
762 2300 870 2354 tamen
890 2290 967 2353 inde
990 2291 1129 2364 elicient,
1184 2291 1334 2367 Certum,
1364 2290 1490 2353 nullam
1517 2290 1579 2353 nisi
1609 2288 1649 2353 de
1672 2290 1711 2353 iis
1734 2289 1790 2371 qui
1811 2287 1979 2352 doctrinae
2002 2289 2164 2370 recipien-

153 2377 216 2439 nisi
240 2377 331 2457 prius
354 2374 439 2455 quod
462 2376 528 2437 iarn
551 2377 763 2439 constitutum
792 2384 841 2440 est
861 2400 881 2441 a
901 2377 993 2440 nobis
1012 2377 1130 2459 dogma
1184 2378 1244 2441 dae
1266 2398 1361 2459 pares
1384 2377 1459 2453 sint,
1483 2397 1553 2439 esse
1575 2377 1786 2438 mentionem.
1831 2375 1913 2439 Post
1934 2374 2095 2457 adiungit,
2115 2382 2163 2436 ta-

153 2461 194 2525 de
216 2462 391 2524 infantium
414 2463 659 2543 regeneratione
682 2463 869 2526 everterint.
1183 2463 1244 2539 les,
1268 2463 1323 2526 1111
1354 2463 1498 2526 instituti
1526 2461 1663 2534 fuerint,
1694 2482 1764 2525 csse
1792 2459 2019 2542 baptizandos,
2050 2460 2164 2524 addita

240 2552 289 2609 27.
327 2545 393 2610 Sed
412 2548 690 2629 propugnaculum
709 2550 856 2611 omnium
875 2550 1131 2613 munitissimum
1184 2549 1408 2632 promissione,
1431 2548 1487 2629 qui
1509 2546 1707 2610 crediderint
1725 2554 1759 2610 et
1776 2546 1930 2628 baptizati
1952 2546 2075 2609 luerint
2097 2546 2164 2610 sal-

152 2634 187 2697 in
215 2635 286 2715 ipsa
317 2633 466 2714 baptismi
496 2634 701 2696 institutione
731 2656 765 2697 se
794 2634 915 2698 hahere
937 2635 1130 2715 gloriantur,
1184 2657 1243 2700 vos
1270 2637 1348 2698 fore.
1393 2635 1450 2697 An
1478 2633 1518 2697 de
1547 2633 1727 2697 infantibus
1755 2643 1824 2696 toto
1853 2632 1909 2695 illo
1936 2653 2083 2696 sermone
2106 2632 2159 2693 vel

152 2740 250 2801 quam
285 2741 325 2781 ex
359 2721 463 2801 capito
500 2719 662 2783 Matthaei
694 2718 808 2782 ultimo
838 2721 883 2804 (v.
921 2725 973 2804 la)
1005 2731 1129 2802 petunt.
1184 2744 1252 2785 una
1275 2729 1325 2784 est
1347 2719 1494 2804 syllaba?
1529 2719 1622 2799 Quae
1649 2721 1751 2801 igitur
1774 2719 1864 2797 haec,
1889 2738 1948 2800 qua
1968 2738 2028 2780 nos
2049 2717 2157 2797 impe·

151 2805 216 2872 Ubi
236 2804 397 2882 Christus,
418 2805 580 2887 apostolos
599 2806 733 2868 mittens
754 2806 794 2869 ad
817 2816 932 2889 gentes
951 2810 1130 2885 universas,
1184 2815 1270 2881 tunt,
1290 2806 1582 2889 argumentationis
1604 2806 1667 2869 erit
1685 2805 1844 2869 formula?
1876 2803 1940 2884 Qui
1956 2802 2158 2867 adultasunt

153 2890 192 2956 de
221 2891 286 2954 illis
315 2890 468 2955 docendis
497 2893 654 2973 primum,
684 2893 824 2955 alterum
855 2894 894 2956 do
926 2895 1131 2975 baptizandis
1185 2903 1300 2968 aetate,
1325 2902 1401 2956 ante
1423 2892 1617 2955 instituendi
1636 2899 1721 2965 sunt,
1746 2901 1784 2954 ut
1802 2891 1946 2967 credant,
1964 2910 2062 2970 quam
2078 2887 2161 2970 bap·

152 2978 344 3041 mandatum
373 2977 436 3040 dat.
488 2979 573 3041 Tum
604 2990 636 3040 ct
664 3000 705 3040 cx
732 2979 836 3043 Marci
867 2979 982 3042 ultimo
1005 2980 1051 3062 (v.
1078 2982 1131 3060 lb')
1185 2979 1314 3043 tizandi.
1360 2980 1568 3060 Baptismum
1592 2999 1668 3060 ergo
1697 2977 1877 3041 infantibus
1904 2995 2094 3040 comesuram
2114 2976 2164 3057 fo·

152 3064 241 3127 istud
265 3074 457 3127 annectunt:
489 3066 543 3145 qui
568 3063 741 3129 crediderit
763 3073 796 3127 ct
818 3065 1001 3147 baptizatus
1023 3067 1130 3143 t'uerit,
1184 3086 1249 3130 care
1271 3065 1363 3129 nefas
1386 3074 1443 3128 est.
1489 3065 1580 3141 Non,
1602 3065 1629 3126 si
1658 3084 1692 3127 se
1715 3073 1887 3145 rumpant,
1918 3061 2009 3125 aliud
2037 3083 2078 3124 ex
2102 3062 2163 3124 hoc

153 3149 265 3213 salvus
289 3150 358 3211 erit.
397 3148 485 3228 Quid
509 3150 603 3229 ultra,
626 3151 788 3230 inquiunt,
811 3154 1007 3233 quaerimus,
1030 3174 1131 3234 quum
1184 3152 1254 3215 loco
1283 3150 1470 3228 ostendent,
1500 3151 1563 3213 nisi
1591 3158 1667 3213 ante
1690 3147 1946 3231 praedicandum
1968 3169 2040 3212 esse
2063 3167 2163 3211 evan·

154 3235 255 3301 verba
278 3235 414 3298 Domini
437 3247 547 3317 aperte
569 3246 694 3311 sonent,
719 3238 809 3317 prius
827 3238 1010 3302 docendum
1033 3260 1130 3321 quam
1184 3239 1307 3321 galium
1335 3238 1374 3300 iis
1401 3237 1456 3318 qui
1483 3242 1561 3300 sunt
1582 3235 1737 3299 audiendi
1761 3255 1903 3316 capaces,
1935 3256 2035 3316 quam
2056 3233 2163 3315 bapti·

154 3320 398 3403 baptizandum,
431 3332 464 3383 et
493 3323 654 3402 baptismo
682 3323 861 3386 secundum
890 3347 909 3388 a
936 3324 1001 3387 fide
1023 3325 1131 3389 locum
1185 3333 1315 3402 zentur;
1338 3322 1467 3405 quando
1491 3321 1531 3385 de
1554 3323 1619 3384 illis
1640 3321 1735 3385 modo
1758 3323 1875 3403 agitur.
1921 3318 2015 3396 Inde,
2039 3321 2067 3383 si
2090 3341 2163 3401 pos-

155 3406 345 3488 assignont?
383 3406 484 3470 Cuius
507 3407 630 3471 ordinis
654 3410 819 3489 specimen
846 3411 1010 3473 Dominus
1032 3411 1131 3474 etiam
1184 3418 1275 3484 sunt,
1311 3409 1436 3473 obicem
1473 3415 1605 3472 struant
1629 3406 1844 3489 impediendis
1873 3429 1892 3470 1
1920 3407 2087 3489 baptismo
2113 3407 2163 3469 in-

153 3492 247 3556 Iesus
275 3494 309 3555 in
338 3514 372 3555 se
400 3494 570 3573 praebuit,
607 3494 664 3574 (1111
693 3515 778 3556 anno
807 3495 938 3559 demum
967 3497 1130 3561 tricesimo
1183 3497 1336 3561 lantibus.

153 3578 314 3660 baptizari
338 3578 449 3641 voluit.
495 3579 560 3642 Hie
582 3601 659 3643 vcro
682 3593 761 3659 quot
784 3581 898 3660 modis,
922 3581 1004 3646 bone
1028 3584 1129 3659 Deus,
1271 3587 1319 3644 211.
1366 3583 1412 3645 At
1450 3601 1549 3658 vero,
1586 3601 1649 3662 quo
1687 3580 1789 3643 caecis
1823 3599 1949 3660 quoque
1983 3577 2161 3660 palpabiles

154 3673 187 3728 et
215 3687 249 3729 sc
277 3664 462 3745 implicant,
491 3673 524 3728 et
547 3667 708 3729 inscitiam
732 3689 825 3730 suam
848 3669 999 3749 produnt.
1043 3669 1131 3732 Nam
1183 3669 1251 3733 sint
1273 3689 1385 3731 eorum
1412 3667 1574 3743 fallaciae,
1603 3686 1658 3729 eas
1681 3664 1857 3728 admodum
1878 3666 2054 3746 perspicua
2075 3665 2161 3728 simi·

153 3752 335 3815 insciam
358 3751 549 3832 plusquam
572 3751 741 3832 pueriliter
764 3753 933 3831 labuntur,
957 3754 1041 3835 quod
1064 3757 1131 3836 pri·
1183 3755 1322 3818 litudine
1343 3752 1502 3818 indicabo.
1550 3751 1587 3816 'si
1615 3751 1688 3834 quis
1715 3750 1881 3813 alimentis
1908 3749 2091 3831 privandos
2112 3751 2159 3812 in·

152 3859 240 3901 mam
277 3836 432 3917 baptismi
462 3838 699 3901 institutionem
728 3839 804 3902 inde.
833 3839 998 3915 derivant,
1033 3862 1130 3921 quem
1183 3842 1288 3904 fantes
1317 3841 1505 3914 cavilletur,
1535 3839 1595 3902 hoc
1624 3846 1799 3920 praetextu
1828 3835 1913 3918 quod
1936 3836 2106 3917 apostolus
2126 3835 2158 3917 (2

153 3923 194 3987 ab
228 3923 360 3986 exordio
394 3924 645 4005 praedicationis
678 3945 755 3988 suae
788 3926 942 4007 apostolis
976 3925 1130 3990 Christus
1183 3926 1297 3990 Thess.
1312 3930 1340 4002 3,
1357 3926 1410 4007 lo)
1424 3947 1490 3988 non
1507 3925 1678 4007 permittit,
1696 3931 1734 3986 ut
1746 3921 1845 3985 edant
1855 3923 1919 3985 nisi
1931 3923 1988 4003 qui
2000 3921 2157 3996 laborant,

99 4052 105 4074 t
154 4007 451 4072 administrandum
485 4009 707 4074 mandaverat.
753 4012 829 4075 Non
863 4021 912 4075 est
940 4012 1043 4093 igitur
1071 4033 1131 4075 eur
1183 4033 1293 4075 nonne
1312 4010 1430 4093 dignus
1442 4011 1513 4073 ‘crit
1530 4012 1583 4090 qui
1605 4009 1644 4073 ab
1662 4009 1813 4072 omnibus
1832 4007 2057 4090 conspuatur?
2091 4006 2159 4070 Cur

154 4093 260 4177 legem
296 4115 333 4157 ac
367 4095 514 4177 regulam
547 4097 701 4177 baptismi
730 4118 770 4160 ex
800 4099 873 4161 istis
899 4097 1024 4161 duobus
1050 4098 1130 4161 loeis
1183 4097 1250 4161 ita?
1289 4096 1385 4176 Quia,
1408 4096 1492 4178 quod
1511 4095 1551 4160 de
1569 4103 1658 4160 certo
1681 4115 1802 4176 genere
1819 4095 1992 4157 hominum
2012 4116 2051 4159 ac
2072 4106 2160 4157 certa

154 4179 328 4265 petendam
357 4181 570 4258 contendant,
600 4203 638 4245 ac
666 4184 693 4246 si
721 4184 860 4264 primam
891 4184 1130 4247 institutionem
1183 4192 1289 4247 aetate
1312 4182 1437 4247 dictum
1459 4184 1580 4259 luerat,
1609 4179 1651 4245 ad
1679 4201 1792 4244 omncs
1813 4181 2043 4244 indifferenter
2065 4180 2158 4262 rupit.

154 4267 369 4332 continerent.
426 4267 499 4331 Hoc
537 4281 575 4330 ut
611 4268 676 4332 illis
713 4269 943 4352 indulgeamus
976 4280 1129 4345 erratum,
1183 4269 1295 4334 Nihilo
1316 4270 1455 4332 istorum
1475 4268 1510 4330 in
1539 4267 1705 4350 praesenti
1729 4288 1828 4330 causa
1849 4267 1953 4329 maior
1975 4274 2027 4331 cst
2051 4266 2161 4330 dexte-

153 4373 251 4434 quam
291 4374 430 4417 nervosa
467 4364 576 4417 tamen
613 4363 664 4417 est
704 4355 829 4418 isthaec
862 4356 1128 4437 argumentatio?
1183 4358 1272 4419 ritas.
1325 4354 1424 4434 Quod
1456 4354 1544 4417 enim
1582 4353 1624 4418 ad
1657 4352 1803 4416 adultam
1826 4352 1990 4415 duntaxat
2017 4363 2160 4417 aetatem

111 4477 117 4494 ι
153 4439 317 4520 Equidem
339 4440 367 4501 si
390 4439 599 4521 tergiversari
620 4439 734 4515 libeat,
756 4461 823 4502 non
846 4441 979 4520 latebra,
1004 4443 1060 4506 sed
1083 4443 1130 4506 la·
1183 4443 1348 4525 pertinere
1375 4461 1471 4504 nemo
1494 4461 1561 4503 non
1582 4440 1688 4511 videt,
1718 4437 1760 4502 ad
1781 4440 1924 4502 infantes
1946 4438 2105 4514 trahunt3
2127 4450 2163 4501 ut

153 4525 299 4589 tissimus
334 4546 470 4606 campus
498 4525 539 4587 ad
568 4526 790 4608 effugiendum
818 4548 852 4590 se
880 4530 992 4608 aperit.
1044 4529 1131 4592 Nam
1184 4528 1264 4593 haec
1291 4549 1416 4609 quoque
1445 4535 1536 4590 aetas
1563 4526 1729 4590 subiaceat
1755 4524 1889 4608 regulae
1916 4544 2001 4605 quae
2030 4524 2161 4588 nonnisi

153 4611 282 4694 quando
310 4612 356 4673 ita
383 4610 547 4675 mordicus
569 4613 745 4676 verborum
767 4611 874 4675 ordini
895 4614 1065 4690 insistunt,
1093 4622 1131 4677 ut
1184 4614 1412 4698 grandioribus
1445 4613 1550 4694 posita
1582 4614 1697 4675 fuerat.
1754 4611 1926 4691 Quantum
1958 4609 2001 4674 ad
2037 4609 2162 4675 Christi

153 4696 664 4781 quonia1ndietumcst(Marc.
692 4702 740 4772 lb,
767 4700 834 4782 tal:
865 4701 917 4776 ite,
947 4700 1131 4782 praedicate
1183 4700 1369 4782 exemplum
1393 4700 1518 4777 attinet,
1541 4720 1654 4762 eorum
1676 4718 1809 4762 causam
1830 4716 2040 4778 nequaquam
2062 4696 2163 4761 fulcit.

153 4791 187 4848 et
216 4784 391 4864 baptizatc;
414 4784 506 4846 item:
531 4784 588 4866 qui
617 4783 791 4848 crediderit
818 4792 851 4848 et
873 4783 1055 4867 bapt-inatus
1079 4786 1130 4849 fu-
1183 4787 1258 4850 Non
1277 4796 1354 4850 ante
1371 4787 1573 4850 tricesimum
1591 4805 1716 4848 annum
1733 4791 1783 4847 est
1805 4782 1996 4865 baptizatus
2034 4783 2165 4848 Verum

154 4871 231 4931 erit:
271 4868 526 4949 praedicandum
560 4871 651 4951 prius
683 4892 781 4951 quam
816 4870 1062 4954 baptizandum,
1099 4878 1132 4936 et
1183 4871 1217 4936 id
1239 4872 1379 4954 quidem,
1404 4871 1460 4936 scd
1481 4874 1516 4935 in
1537 4880 1691 4954 promptu
1714 4870 1798 4934 ratio
1827 4876 1885 4947 cst,
1914 4869 2089 4949 quietum
2112 4890 2165 4933 so·

153 4953 354 5018 credendum
382 4956 593 5038 priusquam
620 4955 816 5037 baptismum
840 4957 1058 5040 appetendum
1077 4980 1131 5022 11-
1182 4958 1285 5022 lidum
1308 4957 1463 5041 baptismi
1489 4956 1739 5021 fundamentum
1767 4976 1829 5020 sua
1849 4953 2097 5038 praedicatione
2119 4956 2166 5018 ia·

152 5039 368 5117 tiocinentur,
405 5063 463 5104 cur
491 5064 558 5106 non
588 5050 621 5106 et
653 5064 712 5107 nos
744 5043 889 5108 vicissim
921 5043 1130 5126 excipiamus,
1183 5065 1256 5109 cere
1283 5043 1475 5108 instituebat
1503 5043 1600 5126 (Luc.
1626 5047 1660 5118 3,
1684 5041 1757 5126 23),
1784 5040 1838 5106 vel
1865 5040 1975 5123 potius
2003 5040 2166 5119 stabilire,

153 5123 386 5204 baptizandum
409 5135 584 5207 antequam
608 5127 1131 5212 (11111111111111111111101111-
1183 5130 1268 5212 quod
1290 5129 1388 5213 paulo
1410 5136 1486 5193 ante
1509 5129 1549 5192 ab
1572 5129 1698 5193 Ioanne
1720 5129 1842 5191 iactum
1863 5128 1982 5190 fuerat.
2028 5127 2167 5210 Baptis-

153 5216 226 5275 stus
244 5211 413 5277 mandarit
430 5212 714 5279 observationem?
727 5235 855 5296 nempe
873 5237 975 5298 quum
993 5217 1131 5296 dicatur,
1183 5237 1276 5280 mum
1298 5236 1376 5298 ergo
1397 5236 1498 5296 quum
1521 5235 1581 5278 sua
1602 5213 1751 5280 doctrina
1768 5214 1941 5280 instituere
1962 5212 2077 5293 vellet,
2100 5234 2167 5297 quo
