4672 5842
158 294 222 357 855
806 284 1073 352 INSTI'PU'PIO
1093 285 1198 350 RDL.
1221 282 1402 350 cflmsr.
1430 286 1521 347 1559.
1807 303 1809 307 ·
2109 281 2175 345 856

161 480 265 564 (Ilph.
285 485 313 556 4,
340 477 392 560 11)
416 476 525 553 55555,
549 475 720 540 Christum
743 475 869 540 dedisse
892 475 1063 557 apostolos,
1086 495 1142 556 pa·
1168 504 1171 589 q
1195 473 1252 539 sed
1274 474 1330 556 qui
1352 474 1484 556 propria
1505 470 1699 554 loquuntur,
1721 471 1802 536 falso
1824 469 1918 534 illum
1940 469 2177 553 praetendunt;

164 575 267 631 stores
300 571 396 644 atquc
429 560 591 641 doctores,
625 583 667 625 no
701 561 842 644 amplius
875 561 1143 625 circumferamur
1167 600 1170 651 l
1196 567 1233 624 ut
1254 559 1407 623 Christus
1429 580 1496 622 non
1519 579 1538 620 a
1560 579 1594 621 55
1618 559 1687 639 ipso
1710 557 1797 639 loqui
1820 578 1854 622 se
1879 557 2076 632 testabatur,
2099 557 2178 637 quia

164 649 307 735 quolibet
330 657 427 712 vento
450 646 632 725 doctrinae,
657 655 714 711 aut
735 651 776 711 ab
799 647 987 711 hominibus
1010 645 1142 711 551555·
1168 694 1170 723 ,
1195 647 1329 728 exlege
1352 644 1546 726 loquebatur
1569 652 1602 707 et
1624 644 1801 726 prophetis,
1824 644 1872 707 ita
1894 642 2022 725 siquid
2045 652 2181 724 praeter

122 728 129 738 ”
164 756 252 811 mnr;
276 733 333 797 sed
356 755 435 797 vcra
455 734 514 797 5111
536 732 600 798 Ι)51
623 733 807 816 cognitione
833 733 1008 796 illuminati
1030 754 1143 796 omnes
1196 732 1403 814 evangelium
1437 729 1499 794 sub
1525 730 1619 794 titulo
1648 731 1782 812 spiritus
1811 728 2012 806 obtruditur,
2041 749 2083 791 ne
2107 749 2177 791 cre·

164 821 260 885 simul
282 841 491 885 occurramus
514 821 550 882 in
566 821 644 884 fidei
663 819 830 882 unitatem.
866 817 962 899 Quod
981 840 1059 901 ergo
1077 841 1143 881 non
1196 818 1325 882 damus:
1360 817 1437 899 quia
1472 817 1556 881 sicut
1582 814 1737 880 Christus
1764 816 1847 899 legis
1874 826 1908 879 et
1940 813 2179 897 prophetarum

164 907 387 988 exstinguitur
408 907 443 968 in
465 905 590 969 mundo
612 906 733 969 veritas
755 903 812 969 sed
835 905 926 969 salva
948 914 1086 987 perstat,
1110 902 1144 966 id
1168 894 1171 991 Ι
1195 903 1341 985 impletio
1363 911 1427 972 est.
1458 903 1504 965 ita
1526 902 1660 982 spiritus
1682 902 1852 984 evangelii.
1887 901 1979 965 Haec
2002 900 2065 963 ille.
2103 900 2179 964 Iam

164 995 203 1057 fit
219 991 305 1074 quod
324 991 423 1055 fidam
441 991 541 1055 habet
551 990 718 1055 custodem
736 990 916 1067 ecclesiam,
935 992 1027 1054 cuius
1045 1010 1145 1073 opera
1168 996 1171 1083 l
1195 989 1346 1072 colligere
1369 991 1403 1051 in
1425 1001 1579 1070 promptu
1602 998 1652 1051 ost
1673 1009 1771 1069 quam
1790 1009 1961 1070 perperam
1980 987 2100 1049 faciant
2118 1008 2179 1049 no-

165 1089 199 1142 55
216 1079 399 1142 ministerio
421 1077 609 1141 sustinetur.
655 1077 757 1157 Atqui
786 1077 814 1138 si
837 1077 917 1141 5555
939 1076 1087 1141 custodia
1109 1077 1143 1138 in
1168 1107 1171 1175 q
1196 1077 1256 1141 stri
1284 1074 1476 1149 adversarii,
1510 1074 1565 1154 551
1594 1095 1658 1136 555
1688 1073 1750 1137 5115
1777 1076 1843 1137 fine
1870 1074 1995 1138 iactant
2022 1071 2178 1155 spiritum

165 1165 346 1228 ministerio
368 1162 557 1245 prophetico
579 1170 613 1225 ct
635 1161 810 1243 apostolico
832 1163 894 1226 sita
916 1171 975 1238 555,
999 1164 1144 1244 5555155
1169 1184 1171 1219 ι
1196 1173 1361 1237 sanctum,
1394 1161 1458 1223 nisi
1491 1172 1529 1223 ut
1561 1161 1751 1242 peregrinae
1777 1167 1811 1222 et
1832 1168 2005 1222 extraneas
2034 1180 2054 1221 5
2076 1158 2178 1222 verbo

165 1257 268 1314 totam
290 1249 367 1313 inde
384 1246 534 1330 pendere,
557 1248 584 1311 si
602 1247 739 1311 verbum
757 1248 892 1311 Domini
910 1247 1050 1312 fideliter
1068 1269 1145 1313 oon-
1169 1230 1172 1337 l
1197 1246 1260 1311 Dei
1289 1246 1452 1310 doctrinas
1479 1246 1549 1309 eius
1577 1246 1673 1309 titulo
1702 1244 1940 1309 commendent:
1976 1266 2077 1326 quum
2106 1245 2178 1325 ipse

147 1345 318 1400 -eervotur
340 1355 496 1415 suamque
518 1334 696 1415 puritatem
717 1335 866 1397 retineat.
1169 1342 1172 1427 l
1196 1332 1365 1396 individuo
1383 1353 1470 1395 nexu
1491 1352 1566 1396 cum
1584 1330 1684 1394 verbo
1702 1331 1766 1395 Dei
1785 1332 1977 1395 coniunctus
1995 1352 2066 1394 esse
2084 1331 2177 1409 velit,

258 1425 304 1484 13.
349 1422 457 1501 Atque
491 1429 528 1482 ut
561 1419 677 1483 melius
710 1419 900 1502 intelligant
929 1420 1080 1491 lectores,
1097 1421 1145 1489 ,in
1169 1434 1172 1487 Ι
1196 1419 1293 1501 15555
1310 1417 1349 1481 55
1372 1438 1409 1480 eo
1426 1419 1618 1499 profiteatur
1640 1416 1801 1494 Christus,
1825 1417 1904 1481 dum
1926 1417 2080 1481 ecclesiae
2099 1439 2179 1482 5555

166 1528 230 1589 555
248 1506 454 1588 potissimum
471 1504 605 1569 cardine
622 1514 772 1569 versetur
791 1506 871 1570 haec
890 1506 1047 1587 quaestio,
1066 1505 1144 1587 quid
1169 1516 1172 1586 5
1197 1526 1273 1568 555
1301 1504 1470 1585 promittit.
1523 1501 1578 1567 Sic
1609 1511 1658 1566 est
1689 1524 1776 1567 sane.
1829 1502 1938 1584 Quam
1965 1502 2178 1567 sobrietatem

168 1592 334 1676 postulent
362 1591 464 1654 nostri
488 1589 681 1669 adversarii,
711 1600 745 1654 et
767 1593 802 1653 in
825 1612 887 1672 quo
911 1593 991 1674 ipsis
1013 1593 1144 1655 resista-
1169 1604 1172 1679 J
1197 1590 1296 1654 semel
1315 1590 1469 1653 ecclesiae
1488 1611 1566 1653 5555
1585 1589 1796 1671 praescripsit
1813 1588 1987 1663 Dominus,
2011 1609 2084 1652 eam
2104 1611 2179 1671 per-

168 1699 249 1754 mus,
269 1677 381 1759 paucis
399 1697 569 1758 exponam.
600 1676 697 1756 Quod
714 1677 763 1740 illi
781 1686 905 1759 negant
925 1697 1034 1741 errare
1052 1699 1145 1759 posse
1196 1688 1295 1758 petuo
1327 1675 1399 1738 vult
1419 1673 1594 1739 observari.
1640 1675 1757 1739 Vetuit
1778 1686 1888 1739 autem
1911 1674 2053 1757 nequid
2077 1676 2178 1739 verbo

167 1763 350 1839 ecclesiam,
385 1762 451 1826 huc
484 1769 625 1844 spectat,
662 1771 758 1844 atque
791 1763 838 1826 155
870 1764 1143 1845 interpretantur:
1169 1696 1172 1835 1
1197 1784 1255 1825 555
1278 1759 1421 1838 adderet,
1445 1782 1485 1824 nc
1509 1760 1649 1842 quidex
1672 1783 1709 1824 eo
1732 1760 1928 1827 detraheret.
1974 1762 2048 1825 Hoc
2071 1762 2179 1825 invio·

167 1847 297 1931 qnando
325 1849 442 1930 spiritu
469 1846 533 1911 Dei
561 1849 778 1930 gubernatur,
806 1856 876 1913 tute
904 1849 1052 1913 incedere
1074 1849 1145 1913 sine
1170 1842 1173 1933 ξ
1196 1847 1294 1912 labile
1312 1861 1363 1911 555
1376 1848 1440 1911 Dei
1458 1869 1494 1911 ac
1512 1847 1647 1929 spiritus
1665 1847 1769 1911 sancti
1783 1846 1959 1925 decretum,
1978 1847 2064 1930 quod
2083 1848 2179 1912 abro-

167 1933 267 2000 vorbo
294 1955 403 2016 posse;
432 1954 623 2015 quocunque
651 1943 780 2016 pergat,
809 1956 874 1998 non
903 1956 997 2016 posse
1025 1936 1146 1998 sentire
1170 1940 1173 1959 '
1197 1953 1275 2016 gare
1297 1941 1457 1998 conantur
1479 1933 1584 1997 nostri
1602 1932 1779 1997 adversarii
1798 1955 1898 2015 quum
1918 1935 2090 1999 ecclesiam
2109 1935 2179 1999 sine

168 2028 226 2085 aut
258 2020 344 2101 loqui
378 2019 442 2083 nisi
466 2040 596 2095 verum;
631 2019 782 2102 proinde,
812 2020 840 2083 si
868 2020 945 2102 quid
974 2030 1068 2085 extra
1090 2033 1147 2084 aut
1198 2020 1298 2083 verbo
1320 2020 1391 2102 regi
1413 2041 1432 2082 5
1454 2021 1570 2101 spiritu
1593 2021 1731 2101 fingunt.

167 2113 299 2190 praeter
331 2103 397 2168 Dei
423 2105 561 2169 verbum
593 2107 758 2182 statuerit,
789 2105 822 2168 id
856 2105 1041 2170 habendum
1076 2127 1174 2203 5555Ι
1288 2109 1334 2168 14.
1364 2105 1429 2170 Hic
1449 2105 1570 2169 iterum
1594 2104 1853 2180 obmurmurant,
1876 2107 2058 2187 oportuisse
2075 2107 2179 2171 ecclc-

168 2214 235 2256 non
257 2191 319 2255 alio
349 2191 418 2256 loco
440 2211 539 2272 quam
566 2201 692 2255 certum
714 2192 778 2255 Dei
806 2191 983 2256 oraculum.
1028 2192 1096 2256 Nos
1119 2193 1147 2254 si
1199 2192 1281 2255 siam
1305 2191 1464 2255 nonnulla
1486 2191 1604 2255 addere
1628 2192 1757 2273 scriptis
1779 2192 2010 2274 apostolorum,
2033 2191 2085 2256 vel
2105 2192 2179 2256 illos

148 2277 284 2342 ·demus
305 2276 386 2339 illud
410 2278 562 2358 primum,
585 2298 694 2341 errare
717 2299 782 2341 non
806 2299 899 2359 posse
920 2278 1090 2343 ecclesiam
1113 2278 1146 2340 in
1171 2236 1175 2391 Ι
1199 2278 1286 2359 ipsos
1314 2277 1467 2360 supplere
1493 2288 1606 2359 postea
1633 2278 1709 2341 vira
1735 2298 1813 2341 voce
1840 2277 1926 2359 quod
1954 2280 2064 2341 minus
2090 2278 2179 2344 clare

168 2362 266 2427 rebus
288 2361 330 2425 ad
352 2362 491 2426 salutern
512 2363 717 2439 necessariis,
741 2363 794 2427 hio
817 2385 932 2428 sensus
954 2373 1066 2427 noster
1088 2376 1145 2437 est,
1172 2398 1174 2437 ι
1199 2362 1426 2439 tradidissent;
1467 2385 1583 2444 nempe
1616 2385 1718 2444 quum
1756 2362 1821 2427 illis
1853 2362 1974 2427 dixerit
2005 2362 2176 2429 Christus:

169 2448 241 2512 ideo
264 2448 326 2512 hoc
348 2467 428 2524 esse,
451 2446 538 2528 quod
565 2448 714 2513 abdicata
736 2451 825 2513 omni
853 2471 912 2514 sua
945 2450 1106 2531 sapientia
1128 2470 1147 2512 a
1172 2446 1175 2545 l
1198 2449 1303 2513 multa
1325 2448 1429 2513 habeo
1451 2450 1544 2512 vobis
1566 2448 1717 2524 dicenda,
1747 2470 1829 2530 quae
1851 2471 1917 2512 non
1944 2451 2079 2531 potestis
2102 2472 2177 2531 por·

209 2534 287 2597 iritn
320 2543 431 2596 sancto
464 2531 569 2596 doceri
603 2555 638 2597 se
668 2556 725 2616 per
754 2536 892 2599 verbnm
920 2536 984 2599 Dei
1012 2535 1144 2617 patitur.
1199 2534 1538 2609 taremodolloann.
1563 2535 1701 2616 16,12);
1731 2544 1828 2617 atque
1857 2534 1937 2600 haec
1964 2557 2034 2599 esse
2055 2536 2178 2616 placita

205 2641 243 2684 oc
270 2619 370 2702 igitur
392 2627 443 2682 est
465 2617 654 2684 discrimen:
683 2620 732 2683 illi
761 2621 915 2686 ecclesiae
937 2621 1146 2685 autoritatem
1199 2642 1280 2702 quae
1309 2621 1378 2685 sine
1407 2622 1583 2702 scriptura,
1612 2641 1675 2684 usu
1698 2620 1860 2684 duntaxat
1882 2631 1916 2685 55
1936 2621 2091 2696 moribus,
2122 2644 2175 2685 re-

169 2712 264 2770 extra
295 2705 432 2768 verbum
465 2704 529 2767 Dei
563 2705 736 2785 collocant;
771 2728 829 2771 nos
858 2715 967 2771 autem
995 2708 1147 2771 volumus
1172 2766 1174 2789 ,
1199 2715 1292 2788 cepta
1313 2708 1453 2770 fuerunt.
1484 2707 1529 2770 At
1552 2727 1714 2788 quaenam
1735 2706 1860 2770 isthaec
1882 2718 1931 2771 555
1946 2705 2172 2786 impudentia?

168 2790 268 2855 verbo
295 2811 474 2866 annexam,
502 2812 562 2855 nec
592 2791 632 2855 ab
662 2813 699 2856 eo
731 2793 876 2873 separari
904 2794 1056 2874 patimur.
1102 2794 1147 2856 Et
1172 2798 1175 2897 l
1199 2792 1312 2856 Rudes
1335 2792 1450 2868 adhuc,
1473 2793 1585 2867 fateor,
1608 2806 1642 2856 55
1664 2813 1763 2874 prope
1786 2792 1940 2858 indociles
1960 2799 2052 2855 erant
2073 2788 2173 2856 disci·

169 2877 245 2959 quid
277 2877 413 2953 mirum,
454 2876 481 2940 si
515 2898 634 2959 sponsa
671 2899 708 2942 ac
741 2878 899 2960 discipula
932 2878 1057 2943 Christi
1089 2901 1148 2943 suo
1200 2878 1268 2960 puli
1290 2900 1392 2960 quum
1415 2876 1503 2942 istud
1525 2900 1545 2941 a
1568 2878 1710 2942 Domino
1738 2878 1899 2956 audirent,
1926 2898 2040 2942 verum
2067 2876 2175 2942 hacne

169 2983 288 3046 sponso
315 2964 536 3045 magistroque
563 2963 747 3039 subiicitur,
776 2973 813 3027 ut
834 2966 874 3029 ab
897 2965 967 3029 eius
989 2985 1045 3029 ore
1067 2967 1147 3029 assi-
1172 2904 1175 3045 1
1199 2962 1354 3028 tarditate
1385 2977 1457 3028 tum
1490 2965 1588 3028 etiam
1616 2963 1825 3041 tenebantur,
1860 2985 1961 3047 quum
1993 2963 2178 3027 doctrinam

170 3047 233 3113 due
255 3068 293 3111 55
315 3047 427 3112 555515
449 3047 612 3129 pendeat?
643 3048 736 3113 Haec
753 3051 842 3114 enim
864 3058 914 3114 est
932 3050 1046 3115 domus
1066 3050 1147 3115 bene
1173 3048 1176 3147 l
1200 3070 1294 3114 suam
1323 3052 1451 3132 scriptis
1480 3049 1760 3129 commendarent,
1790 3059 1827 3114 ut
1855 3060 1967 3133 postea
1994 3049 2072 3114 5155
2098 3070 2179 3114 voce

170 3133 366 3216 compositae
399 3134 498 3212 ratio,
532 3146 574 3201 ut
602 3135 713 3199 mariti
742 3136 879 3217 imperio
906 3159 989 3201 uxor
1022 3137 1147 3201 obtem·
1200 3136 1353 3218 supplere
1381 3156 1511 3200 neccsse
1539 3136 1727 3217 habuerint,
1761 3136 1847 3218 quod
1877 3137 1914 3200 in
1947 3136 2077 3218 scriptis
2110 3137 2181 3200 suis

170 3226 275 3301 peret;
310 3217 390 3283 haec
417 3219 546 3284 scholae
574 3222 655 3284 bene
682 3230 828 3286 moratae
857 3223 985 3306 regula,
1018 3231 1057 3286 ut
1078 3245 1148 3286 ma·
1173 3262 1177 3307 1
1201 3222 1404 3304 ignorantiae
1427 3223 1505 3285 vitio
1526 3221 1725 3286 omiserant?
1772 3220 1810 3287 Si
1832 3242 1909 3286 vero
1931 3223 1998 3286 iam
2020 3243 2040 3285 a
2062 3223 2179 3304 spiritu

172 3304 266 3389 gistri
299 3304 398 3369 solius
432 3304 580 3371 doctrina
614 3307 681 3370 illio
709 3307 869 3371 audiatur.
924 3307 1149 3389 Quamobrem
1202 3308 1350 3372 veritatis
1373 3306 1461 3372 ducti
1484 3309 1521 3370 in
1543 3328 1672 3372 55555
1695 3309 1868 3372 veritatem
1890 3329 1950 3372 sua
1971 3308 2094 3389 scripta
2111 3307 2179 3371 edi·

173 3410 240 3454 non
267 3411 308 3454 ex
330 3412 365 3454 so
398 3391 503 3472 sapiat
524 3392 673 3469 ecclesia,
703 3414 767 3457 non
794 3415 835 3457 ex
858 3416 893 3458 se
914 3396 1035 3477 cogitet
1055 3394 1149 3477 quid·
1202 3393 1331 3470 derunt,
1354 3392 1431 3474 quid
1452 3392 1555 3456 obfuit
1575 3395 1750 3475 quominus
1771 3395 1948 3476 perfectam
1969 3394 2181 3478 evangelicae

173 3495 284 3557 qnam;
303 3475 360 3540 sed
378 3477 558 3558 sapientiae
580 3499 658 3542 suae
680 3480 858 3543 terminum
875 3488 1007 3557 5555555,
1026 3479 1081 3544 551
1103 3481 1150 3544 lo-
1203 3479 1367 3545 dootrinae
1389 3480 1609 3561 cognitionem
1631 3480 1791 3562 complexi
1814 3480 1880 3545 sint
1901 3480 1981 3557 illio,
2005 3481 2179 3563 consigna·

171 3560 292 3643 quendi
313 3563 413 3625 finem
435 3561 490 3626 ille
510 3563 630 3627 fecerit.
664 3564 706 3627 In
728 3564 816 3631 hunc
837 3566 972 3631 modum
994 3574 1028 3631 et
1046 3568 1150 3641 omni·
1203 3574 1334 3646 tamque
1356 3564 1569 3647 reliquerint?
1607 3563 1674 3629 Sed
1697 3588 1766 3649 age,
1791 3563 1905 3630 demus
1926 3566 1993 3630 illis
2015 3564 2102 3648 quod
2124 3587 2180 3648 pe-

173 3646 235 3711 bus
256 3648 394 3712 rationis
416 3669 494 3712 suae
515 3650 657 3713 inventis
679 3649 819 3730 diffidet3
842 3653 878 3716 in
900 3653 1017 3735 quibus
1039 3661 1150 3716 autem
1202 3660 1289 3715 tunt:
1319 3651 1493 3734 designent
1514 3651 1609 3715 modo
1637 3674 1675 3715 ea
1698 3673 1781 3734 quae
1803 3652 1942 3717 revelari
1965 3653 2036 3716 sinc
2059 3653 2179 3734 scripto

173 3732 272 3798 verbo
294 3731 358 3796 Dei
380 3734 510 3811 nititur,
540 3735 631 3799 nulla
653 3735 834 3801 diffidentia
856 3747 914 3802 aut
935 3739 1150 3803 haesitatione
1203 3737 1394 3802 debuerunt
1439 3737 1479 3801 Id
1500 3738 1527 3801 51
1551 3748 1678 3801 tentare
1700 3738 1855 3814 audeant,
1884 3759 1980 3822 agam
2002 3759 2078 3803 cum
2099 3738 2177 3819 ipsis

173 3819 353 3895 vacillabit,
377 3819 434 3883 sed
456 3842 490 3884 m
558 3822 794 3887 acertitudine
815 3825 976 3906 firmaque
998 3834 1150 3890 constan-
1202 3825 1381 3907 Augustini
1398 3825 1420 3905 ¹)
1448 3822 1564 3887 verbis.
1616 3823 1689 3886 Hoc
1717 3833 1779 3888 est:
1814 3846 1914 3906 quum
1938 3824 2100 3888 Dominus
2126 3837 2175 3884 ta-

173 3905 220 3968 tia
247 3906 459 3986 conquiescet
531 3907 562 3973 ic
589 3909 688 3973 etiam
710 3930 825 3973 earum
851 3931 932 3992 quas
955 3911 1054 3974 habet
1075 3931 1151 3993 pro-
1203 3911 1320 3986 cuerit,
1348 3910 1419 3990 quis
1447 3920 1596 3973 nostrum
1621 3906 1722 3986 dicat,
1750 3910 1808 3974 illa
1832 3910 1882 3974 vel
1905 3909 1962 3973 illa
1992 3907 2089 3974 sunt?
2117 3916 2176 3971 aut

86 4034 90 4045 .
172 3990 363 4054 missionum
392 3992 606 4074 amplitudine
633 3997 755 4059 confisa
783 3994 917 4060 habehit
939 3996 1025 4060 unde
1052 3995 1151 4060 fidem
1203 3997 1231 4060 si
1261 3994 1367 4058 dicere
1401 3994 1531 4070 audeat,
1568 3994 1655 4059 undo
1688 3995 1824 4077 probat?
1876 3994 1943 4060 Sed
1970 3995 2048 4077 quid
2072 3995 2112 4058 de
2141 4016 2179 4059 re

172 4095 267 4139 suam
294 4078 460 4157 praeclare
483 4081 658 4156 sustineat,
681 4093 719 4144 ut
740 4080 824 4144 nihil
846 4080 1030 4160 addubitet,
1053 4082 1150 4164 spiri-
1203 4101 1405 4164 supervacua
1432 4078 1613 4144 contendo?
1659 4081 1745 4145 Nam
1774 4082 1826 4146 vel
1854 4102 1955 4164 puero
1983 4092 2096 4146 notum
2118 4089 2180 4159 est,

172 4170 244 4225 tum
272 4170 419 4226 sanctum
449 4165 511 4228 sibi
538 4186 668 4247 semper
692 4166 819 4243 adesse,
853 4169 1013 4249 optimum
1042 4178 1150 4232 rectae
1203 4169 1236 4231 in
1259 4166 1388 4248 scriptis
1415 4167 1598 4247 apostolicis
1619 4188 1701 4248 quao
1723 4168 1778 4231 1551
1805 4168 1922 4232 555115
1944 4166 2182 4250 quodammodo

173 4247 246 4311 viae
280 4247 413 4327 ducem3
445 4249 503 4313 sed
537 4253 694 4315 memoria
726 4252 826 4317 simul
852 4254 976 4318 tenebit
1003 4275 1100 4335 quem
1132 4275 1150 4317 e
1203 4261 1237 4317 et
1258 4249 1392 4316 dimidia
1413 4252 1546 4327 faciunt,
1568 4253 1714 4317 fructum
1735 4264 1863 4318 exstare
1884 4254 1954 4318 eius
1972 4254 2183 4318 revelationis

167 4354 232 4398 suo
254 4335 371 4416 spiritu
399 4357 497 4400 usum
524 4338 647 4419 percipi
669 4338 760 4404 Deus
782 4334 871 4404 55115
917 4338 1076 4421 Spiritus,
1100 4341 1150 4404 in·
1204 4359 1303 4421 5555
1323 4346 1403 4402 tunc
1425 4339 1471 4402 eis
1493 4338 1655 4403 Dominus
1677 4338 1895 4421 promittebat.

172 4420 258 4502 quit,
291 4440 389 4502 quem
412 4443 431 4484 a
452 4429 546 4503 patre
575 4423 719 4500 mittam,
753 4423 850 4489 ducet
872 4446 930 4490 vos
957 4426 993 4488 in
1021 4447 1151 4490 omnem
1292 4429 1339 4487 15.
1385 4421 1496 4503 Qrud‘l
1532 4424 1700 4506 inquiunt,
1734 4447 1843 4490 annon
1870 4433 1964 4490 extra
1991 4438 2182 4490 controver-

171 4506 345 4570 veritatem
368 4505 497 4589 (Ioann.
521 4511 568 4583 14,
589 4512 682 4571 26et
702 4512 750 4586 16,
772 4510 836 4594 13).
877 4510 944 4576 Sed
966 4511 1149 4594 quomodo?
1203 4512 1285 4576 siam
1305 4509 1415 4592 posuit
1437 4509 1590 4575 (15515555
1612 4510 1768 4593 55155515
1791 4511 1885 4577 docet
1906 4533 1943 4577 ac
1961 4511 2110 4577 decernit
2129 4533 2182 4575 ec-

172 4592 249 4673 qnia
270 4602 432 4675 suggeret,
454 4593 576 4675 inquit,
600 4595 710 4660 omnia
731 4616 812 4678 quae
833 4595 902 4660 dixi
924 4596 1025 4662 vohis.
1058 4597 1152 4661 Nihil
1203 4596 1309 4673 515515,
1339 4616 1440 4678 quum
1466 4595 1556 4661 iubet
1578 4597 1713 4680 (Matth.
1740 4601 1788 4675 18,
1815 4598 1868 4682 17)
1889 4597 2004 4661 haberi
2026 4618 2085 4679 pro
2107 4597 2181 4659 555-

34 4701 59 4727 ·-
171 4697 250 4759 srgo
280 4678 354 4759 plus
377 4700 418 4743 ex
452 4700 510 4743 suo
537 4679 657 4761 spiritu
687 4681 859 4746 denuntiat
885 4682 1150 4765 exspectandum,
1202 4684 1276 4748 nico
1294 4691 1328 4748 55
1344 4681 1518 4764 publicano
1536 4684 1593 4765 qui
1610 4683 1832 4751 contradicere
1854 4682 1993 4748 audeat?
2033 4682 2183 4747 Primam

171 4783 274 4910 quam
292 4778 330 4827 55
351 4772 479 4829 mentes
501 4774 632 4864 nostrae
649 4766 823 4865 illuminet,
847 4768 897 4868 ad⁴
910 4769 1152 4869 percipiendam
1202 4769 1270 4866 allio
1291 4790 1353 4834 coa
1372 4768 1410 4849 fit
1431 4768 1587 4867 55551555
1605 4771 1726 4847 meo,
1748 4769 1803 4835 ced
1823 4774 1945 4867 5555555
1968 4770 2111 4834 carcaria
2130 4788 2184 4868 55-

194 4856 341 4913 octrmao
363 4872 443 4915 suae
464 4859 646 4916 veritatem.
686 4853 831 4918 Proinde
854 4862 1024 4920 sorhssrme
1041 4854 1150 4939 (1555-
1203 4859 1319 4918 seratur
1345 4876 1407 4921 rua
1435 4860 1590 4920 55555555
1616 4856 1660 4920 aa
1681 4856 1863 4939 cornpeado
1891 4861 1980 4932 5555,
2003 4875 2041 4919 ne
2058 4876 2092 4919 ce
2113 4874 2184 4919 etas

172 4941 347 4999 sostomus:
363 4937 387 5018 ¹)
410 4936 516 5015 multi,
538 4937 654 5020 inquit,
673 4940 825 5023 spiritum
844 4950 995 5008 sanctum
1012 4942 1150 5021 1555555
1203 4941 1321 5006 iudicio
1354 4947 1511 5023 55555555
1542 4942 1598 5022 qai
1625 4942 1778 5006 admoniti
1802 4942 1849 5007 ael
1869 4941 2024 5026 55555551
2050 4941 2182 5022 fuerint

241 5207 272 5273 1)
289 5208 375 5262 Sem.
395 5210 428 5263 de
446 5218 541 5264 canoto
559 5219 588 5264 et
604 5212 744 5268 adorando
761 5216 867 5284 spiritu.
1272 5215 1419 5282 5115555
1437 5215 1465 5267 in
1484 5214 1574 5268 lounn.
1594 5213 1635 5280 96,
1655 5214 1678 5267 1.
