4672 5842
227 262 291 353 raa
877 278 1269 350 nasammonas.
1293 277 1474 345 onerer.
1500 281 1592 344 1559.
2180 281 2242 341 rai

234 476 312 562 gine
333 477 367 539 in
390 496 449 538 nos
472 472 628 555 derivari)
651 472 748 538 simul
771 480 882 537 tamen
900 479 933 537 et
950 472 1119 554 proprium
1137 470 1211 535 uni·
1264 472 1323 533 tem
1344 472 1484 535 caecitati
1517 476 1545 534 et
1575 489 1626 534 cor
1645 468 1802 550 pravitati
1834 467 1993 533 maroam
2019 485 2091 530 csse.
2139 466 2242 547 Atque

232 563 349 644 cuique
372 559 496 624 asserit.
541 559 587 622 Et
609 559 772 639 apostolus
790 560 860 641 ipse
882 558 1094 623 disertissime
1112 565 1211 621 testa·
1263 556 1390 620 tertiam
1410 557 1492 621 {aaa
1513 556 1557 621 aa
1580 555 1739 620 Romarm
1765 559 1859 634 caput
1876 553 1959 618 rriiil
1976 551 2067 617 alind
2083 557 2129 617 est
2145 572 2242 633 qaam

234 657 290 714 tur
312 648 421 727 (Rom.
443 649 471 723 5,
493 643 563 728 12),
593 643 665 707 ideo
691 653 831 710 mortem
858 645 895 708 in
917 666 1029 708 omnes
1051 665 1211 726 pervagar
1265 642 1434 722 oripinalis
1454 644 1574 723 peccati
1603 642 1776 720 descriptio.
1831 639 1873 706 Ia
1894 659 1933 704 ea
1961 640 2157 704 renovatione
2179 639 2242 703 cla·

234 742 304 799 tarn
325 731 410 814 quod
432 751 544 794 ornnes
563 730 737 812 peccarint,
762 731 796 794 id
817 737 875 807 eat,
899 729 1037 794 involuti
1061 731 1126 794 sint
1147 729 1211 792 ori-
1264 729 1335 792 rias
1351 733 1448 807 patet.
1494 728 1581 792 Nam
1603 728 1746 809 spiriac,
1760 727 1938 807 quiveteri
1961 725 2080 789 leontini
2101 729 2129 788 a
2150 723 2244 788 carni

235 818 337 904 ginali
369 823 502 899 peccato
535 823 568 879 et
599 816 669 879 eius
707 817 844 882 maculis
875 816 1046 898 inquinati.
1102 816 1212 897 Atque
1264 815 1447 895 opporim,
1482 835 1544 878 vion
1576 815 1665 878 modo
1696 814 1835 895 qratiam
1856 816 1951 875 notat
1981 832 2044 891 qna
2076 811 2244 893 corripitur

232 904 307 969 idea
329 904 472 967 infantes
500 923 626 984 qnoque
653 901 731 983 ipsi,
763 902 841 966 dum
870 924 964 967 suam
986 923 1096 967 secum
1120 900 1212 965 dam·
1265 900 1398 980 inferior
1414 921 1498 980 pars
1526 902 1654 964 animae
1680 900 1728 963 vet
1753 898 1925 974 senacalis,
1953 898 2007 962 sed
2027 897 2159 976 plenam
2180 916 2244 960 orn

234 991 401 1056 nationem
429 1010 449 1051 a
472 989 586 1053 matris
613 995 705 1050 utero
734 989 892 1064 afferunt,
922 1009 988 1052 non
1011 987 1131 1064 alieno,
1155 985 1212 1050 sed
1264 986 1354 1048 niam
1387 987 1533 1067 partiam
1576 985 1825 1067 reformationem
1868 984 2083 1064 complectitor.
2138 983 2245 1062 Atque

242 1099 302 1142 suo
333 1076 479 1158 ipsorum
507 1073 589 1139 vitio
622 1080 700 1138 sunt
739 1074 895 1139 obstricti.
953 1074 1040 1137 Nam
1080 1072 1212 1137 tametsi
1265 1071 1332 1136 ideo
1358 1070 1483 1137 Pontus
1515 1071 1615 1154 (Eph.
1635 1077 1665 1146 4,
1685 1069 1741 1152 23)
1766 1090 1828 1134 rien
1856 1073 1976 1133 tantam
2002 1088 2126 1132 naseos
2151 1089 2245 1149 appe

235 1183 314 1228 suae
331 1160 513 1243 iniquitatis
533 1158 657 1224 fructus
681 1159 826 1224 nondum
848 1159 1059 1243 protnlerint,
1089 1158 1213 1222 habent
1265 1158 1340 1221 titas
1362 1157 1398 1221 ia
1418 1157 1554 1222 advitam
1576 1157 1690 1239 redipi,
1717 1156 1772 1221 sed
1793 1175 1850 1219 nos
1877 1156 1996 1234 spirita
2023 1156 2135 1219 mentis
2155 1174 2244 1219 reno·

235 1255 347 1312 tamen
373 1247 409 1311 in
431 1267 465 1310 se
486 1244 648 1310 inclusum
670 1267 797 1323 semen,
827 1247 893 1310 imo
921 1253 991 1310 tota
1019 1266 1131 1309 eorum
1154 1264 1212 1308 na—
1265 1243 1336 1308 vari
1358 1244 1455 1323 ialvet3
1486 1245 1567 1307 sicat
1594 1243 1689 1308 etiam
1720 1241 2064 1325 victitaverint)
2092 1240 2244 1321 transfor·

235 1342 311 1399 tura
337 1331 500 1415 quoddam
527 1340 577 1395 est
603 1332 726 1414 peccati
754 1352 881 1410 semem
910 1331 982 1396 ideo
1009 1352 1077 1394 non
1102 1329 1213 1394 odiosa
1264 1329 1349 1393 mari
1370 1350 1426 1394 nos
1443 1330 1525 1394 inbet
1541 1331 1577 1393 in
1594 1330 1726 1394 novitate
1743 1329 1861 1392 mactis.
1901 1326 1987 1392 lande
2004 1328 2152 1408 seqnitm,
2164 1347 2245 1407 par-

237 1431 271 1486 et
292 1416 517 1483 abominabilis
538 1418 610 1481 Deo
638 1439 709 1482 esse
737 1439 802 1483 non
830 1426 947 1501 potest
1000 1416 1086 1482 Unde
1113 1417 1214 1498 seqni-
1265 1416 1583 1496 accidentiaque
1600 1415 1736 1478 manime
1753 1414 1885 1496 resnlpct
1901 1414 2028 1478 animae
2043 1413 2244 1493 praenomia

236 1511 303 1581 tar,
325 1505 456 1585 proprie
483 1523 586 1567 coram
615 1502 683 1567 Deo
710 1505 825 1569 verset
853 1509 1014 1586 peccatam
1043 1503 1120 1583 qaia
1152 1522 1213 1565 vion
1265 1501 1468 1580 amnicos,
1490 1523 1550 1565 riva
1568 1502 1657 1566 modo
1674 1500 1869 1564 adamatam
1887 1519 1959 1577 esse,
1977 1499 2031 1563 sed
2054 1501 2100 1564 ita
2117 1518 2245 1580 cormcp

236 1596 313 1658 esset
335 1596 441 1654 reatus
478 1587 593 1668 absque
621 1590 722 1670 calpa.
771 1590 923 1654 Alterum
951 1589 1061 1655 vavae
1089 1588 1212 1665 accedit,
1265 1592 1337 1664 tam,
1360 1593 1395 1650 nt
1414 1608 1474 1651 vion
1497 1589 1586 1651 morlo
1608 1586 1734 1663 sanari,
1763 1586 1817 1650 sed
1839 1605 1951 1651 novam
1971 1604 2073 1666 prope
2094 1588 2244 1649 naturam

237 1674 323 1760 quod
346 1675 425 1739 haec
447 1675 645 1756 perversitas
667 1696 835 1757 nunquam
854 1677 887 1738 in
911 1676 1004 1740 nobis
1022 1684 1136 1752 cessat,
1156 1672 1213 1737 sed
1266 1673 1394 1737 induere
1422 1693 1501 1753 opas
1527 1672 1644 1736 lrabeat.
1693 1672 1852 1752 ρωαεαιιιε
1873 1677 1902 1735 et
1921 1675 2050 1735 mentem
2076 1675 2177 1734 etcor
2196 1690 2243 1735 oo-

235 1783 338 1828 novos
366 1759 494 1825 assidue
520 1761 646 1825 fructus
672 1762 772 1842 parit:
802 1781 841 1826 ea
867 1761 998 1838 scilicet,
1027 1782 1110 1843 quae
1137 1769 1213 1823 ante
1265 1765 1354 1839 apat
1370 1764 1539 1839 praecativa,
1561 1779 1633 1822 mov
1655 1757 1835 1822 videbimus.
1880 1757 1945 1820 Hic
1972 1761 2093 1820 tantvm
2113 1755 2244 1820 brevitor

237 1847 476 1928 descripsimus,
501 1865 600 1928 opera
617 1848 740 1924 carnis;
759 1869 825 1911 non
848 1869 940 1912 secus
963 1855 1059 1929 atque
1080 1847 1213 1910 incensa
1266 1847 1416 1927 attirpere
1436 1845 1531 1922 volni,
1554 1849 1649 1909 totum
1666 1842 1820 1908 hominem
1842 1843 1936 1923 qnasi
1959 1843 2079 1907 dilavio
2100 1862 2123 1906 a
2143 1843 2244 1923 capite

236 1933 353 1998 fornax
383 1933 550 1996 flammam
576 1938 609 1996 et
640 1933 798 1998 scintillas
826 1934 930 2009 efflat,
965 1943 1022 1997 aut
1049 1933 1213 2014 scaturigo
1266 1931 1310 1996 od
1321 1931 1417 2011 pedes
1433 1930 1479 1995 sic
1498 1931 1600 2012 faisse
1617 1929 1773 2007 obrutam,
1801 1934 1837 1992 at
1863 1929 1954 1994 anila
1971 1948 2053 2010 pars
2080 1950 2102 1992 a
2117 1934 2244 2010 peccato

237 2040 356 2102 aquam
376 2018 446 2081 sine
468 2019 534 2081 fine
552 2019 664 2100 egerit.
709 2017 821 2098 Quare
843 2020 899 2101 qni
920 2028 1090 2100 peccatum
1112 2017 1213 2100 origi·
1266 2018 1309 2081 sit
1331 2018 1498 2096 immorata
1527 2037 1564 2081 aa
1584 2017 1721 2098 proinde
1748 2015 1902 2096 quitquid
1927 2014 1967 2079 al>
1992 2035 2026 2079 co
2039 2015 2181 2096 procedit
2207 2015 2244 2077 ia

237 2105 312 2169 nale
335 2103 532 2167 definierunt
553 2105 731 2168 carentiam
753 2105 896 2169 iustitiae
918 2104 1095 2188 originalis,
1119 2124 1214 2184 qaam
1263 2108 1422 2184 peccatam
1444 2103 1606 2184 imputari.
1654 2102 1742 2168 Siact
1763 2102 1840 2167 dicit
1864 2101 1989 2165 Paulus
2016 2100 2126 2183 (Rom.
2147 2105 2177 2176 8,
2197 2100 2241 2183 7),

236 2192 338 2255 inesse
359 2189 446 2253 vvobis
467 2190 628 2268 oportebat,
657 2211 844 2273 quanquam
866 2191 899 2255 id
920 2199 1026 2255 totum
1054 2189 1213 2272 complec-
1267 2209 1370 2252 anias
1391 2189 1520 2269 affectas
1537 2189 1652 2266 carnis,
1674 2189 1722 2252 vel
1742 2188 1947 2270 capitationes,
1969 2206 2035 2251 esse
2055 2188 2243 2251 inimicitias

237 2283 355 2340 tuntnr
374 2274 460 2356 quod
481 2276 516 2339 in
538 2297 573 2338 re
596 2284 654 2353 est,
677 2297 742 2340 non
763 2286 873 2341 tamen
892 2277 971 2342 satis
990 2278 1214 2361 significanter
1267 2276 1419 2339 adamatis
1441 2272 1554 2352 Deam,
1576 2279 1604 2338 et
1624 2274 1694 2338 ideo
1714 2278 1849 2338 mortem
2124 2269 2128 2279 ¹

239 2361 305 2425 vim
330 2368 427 2442 atque
445 2361 612 2443 energiam
629 2362 730 2443 ipsius
748 2371 988 2445 expresserunt.
1033 2362 1109 2426 Non
1127 2362 1215 2425 eninr
1358 2365 1404 2424 10.
1449 2360 1540 2424 Eaut
1567 2380 1655 2424 nnnc
1683 2360 1738 2442 qni
1766 2360 1878 2424 Deum
1906 2359 1974 2424 suis
2006 2358 2095 2423 vitiis
2127 2358 2244 2424 insari-

238 2453 359 2511 natura
380 2455 492 2511 nostra
512 2447 589 2510 boni
611 2455 738 2511 tantum
767 2448 861 2532 inops
884 2461 917 2513 et
939 2469 1042 2514 vacua
1064 2457 1127 2525 est,
1158 2445 1216 2511 sed
1268 2447 1344 2512 bere
1366 2445 1496 2521 audent,
1525 2447 1601 2527 qnia
1627 2445 1764 2510 dicimus
1793 2444 1987 2509 naturaliter
2013 2444 2146 2509 vitiosas
2173 2466 2244 2510 asse

239 2532 401 2596 malorum
431 2533 576 2596 omnium
606 2532 686 2597 adeo
714 2534 830 2598 fertilis
859 2544 893 2598 et
915 2534 1023 2611 ferax,
1057 2545 1094 2598 ut
1113 2533 1216 2597 otiosa
1269 2532 1425 2596 homines.
1482 2529 1577 2614 Opus
1608 2532 1673 2595 Dei
1702 2552 1873 2613 perperam
1905 2531 1940 2594 in
1972 2551 2034 2595 sua
2064 2530 2245 2612 pollutione

240 2638 310 2682 esse
332 2639 399 2681 non
421 2620 531 2700 possit
566 2616 632 2698 Qui
651 2619 806 2684 dixerunt
823 2642 894 2685 esse
911 2620 1214 2701 concupiscentiam,
1269 2627 1467 2693 scrutantur,
1490 2617 1576 2700 qued
1598 2618 1633 2680 in
1655 2617 1712 2681 illa
1733 2619 1863 2700 integra
1880 2616 1988 2682 adhuc
2005 2624 2039 2680 et
2055 2617 2245 2698 inconupta

242 2724 310 2768 non
331 2703 430 2768 nimis
453 2704 559 2768 alieno
579 2706 679 2770 verbo
701 2707 753 2771 usi
775 2714 860 2783 sunt,
879 2707 908 2769 si
928 2705 1024 2769 modo
1041 2705 1217 2769 adderetur
1269 2704 1362 2769 Adae
1389 2714 1508 2769 natura
1534 2702 1700 2785 requirere
1730 2703 1917 2768 debuerant
1963 2704 1995 2767 A
2024 2703 2132 2767 earnis
2164 2722 2244 2785 ergo

243 2788 344 2873 (quod
372 2791 507 2854 minime
537 2790 723 2855 conceditur
748 2813 769 2856 a
794 2791 972 2875 plerisque)
1002 2788 1158 2873 quidquid
1180 2790 1216 2853 in
1268 2797 1400 2855 nostrae
1417 2790 1522 2872 culpa,
1540 2811 1606 2853 non
1624 2790 1727 2853 aDeo
1744 2798 1857 2854 nostra
1873 2787 2013 2872 perditio
2030 2795 2096 2866 est;
2113 2787 2244 2870 quando

243 2874 375 2940 homine
397 2884 456 2953 est,
479 2877 519 2940 ab
538 2876 707 2942 intolleetu
735 2878 777 2941 ad
798 2877 1015 2954 voluntatem,
1045 2878 1086 2942 ab
1108 2877 1217 2940 anima
1269 2896 1334 2941 non
1357 2876 1423 2940 alia
1443 2877 1570 2941 ratione
1591 2876 1759 2959 periimus,
1789 2877 1853 2941 nisi
1874 2874 1952 2957 quia
1974 2873 2246 2960 degeneravimus

242 2960 284 3025 ad
312 2983 444 3025 carnem
471 2983 588 3044 usque,
623 2962 684 3026 hac
715 2964 977 3045 concupiscentia
1008 2964 1217 3046 inquinatum
1269 2982 1290 3025 a
1322 2963 1427 3044 prima
1458 2970 1570 3026 nostra
1602 2961 1796 3026 conditione.
1846 2961 1960 3044 Neque
1994 2961 2047 3025 hic
2079 2961 2247 3042 obstrepat

241 3048 461 3129 refertumque
484 3069 567 3125 esse3
592 3057 656 3125 aut,
680 3055 717 3112 nt
738 3049 871 3115 brevius
890 3049 1086 3127 absolvatur,
1110 3055 1218 3113 totum
1269 3049 1440 3130 quispiam,
1462 3047 1606 3130 potuisse
1623 3049 1733 3112 Deum
1756 3055 1887 3113 nostrae
1904 3046 2004 3112 saluti
2029 3045 2147 3110 melius
2169 3067 2245 3127 pro-

242 3130 408 3195 nominem
429 3154 494 3196 nen
516 3131 605 3197 aliud
627 3155 668 3197 ex
690 3155 725 3199 ae
747 3135 816 3216 ipso
838 3156 1026 3218 essequam
1047 3136 1217 3217 cancupis-
1270 3135 1393 3218 spicere
1405 3135 1433 3199 si
1444 3131 1538 3198 Adae
1550 3133 1656 3216 lapsui
1674 3134 1878 3199 occurrisset
1922 3133 2009 3198 Nam
2027 3132 2162 3197 obiectio
2179 3131 2246 3195 ista

240 3218 390 3283 centiam.
1269 3240 1345 3284 eum
1366 3221 1406 3285 cb
1435 3220 1534 3285 nimis
1560 3219 1717 3286 audacem
1744 3220 1964 3284 curiositatem
1989 3218 2052 3301 piis
2078 3218 2246 3284 mentibus

329 3307 357 3366 9.
412 3302 614 3384 thmbran
645 3305 717 3370 aar·
747 3310 872 3371 atridas
903 3309 1029 3372 animae
1055 3310 1165 3388 partes
1196 3302 1223 3370 a'
1270 3304 1488 3371 abominanda
1511 3316 1573 3382 est,
1596 3314 1667 3370 tum
1689 3305 1731 3370 ad
1752 3303 2058 3388 praedestinationis
2086 3323 2247 3368 arcanum

236 3393 362 3471 peccato
382 3389 483 3470 faisse
494 3410 674 3470 possessae,
701 3411 740 3455 ev
761 3412 822 3472 qno
845 3414 866 3455 a
882 3394 967 3474 forne
1001 3393 1141 3457 institiae
1168 3393 1218 3457 de
1269 3392 1403 3472 attinet,
1437 3391 1525 3475 quod
1552 3413 1610 3457 suo
1638 3392 1708 3457 loeo
1738 3399 1850 3474 pastea
1883 3391 2086 3456 tractabitur.
2131 3388 2246 3471 Quare

241 3473 470 3571 scivitlAdam.
518 3475 626 3556 Neque
647 3478 729 3541 enim
757 3480 915 3559 appetitas
941 3483 1063 3543 tantam
1085 3479 1218 3559 inferior
1269 3479 1400 3542 ruinam
1424 3486 1575 3551 nostram
1603 3486 1740 3542 naturae
1763 3476 1990 3559 depravationi
2015 3474 2245 3559 imputandam

241 3560 440 3657 enmnilieait,
459 3560 513 3625 sed
530 3581 633 3625 arcem
650 3563 755 3643 ipsam
770 3566 882 3629 nantis
899 3567 1059 3645 componit
1079 3564 1218 3645 vinoritia
1269 3565 1523 3642 meminerimus,
1545 3585 1588 3628 ne
1610 3565 1645 3628 in
1666 3562 1778 3627 Deum
1804 3565 1912 3646 ipsum
1932 3572 2070 3628 natrnae
2096 3572 2245 3627 autorem

240 3650 401 3743 irapinas,
428 3650 456 3710 et
485 3645 528 3710 od
548 3667 600 3711 cor
622 3649 768 3713 imimam
791 3652 968 3730 penetrant
988 3649 1152 3730 snperoia;
1183 3654 1218 3713 at
1269 3651 1469 3734 stringamus
1492 3650 1739 3715 accusationem.
1784 3649 1932 3714 Haerere
1953 3648 2086 3732 quidem
2112 3647 2244 3714 exitiale

238 3731 393 3815 [rapidam
414 3733 456 3796 sit
477 3751 514 3796 ae
542 3733 684 3811 natam,
708 3737 929 3816 corruptelam,
957 3756 1037 3816 quae
1056 3737 1130 3801 inde
1151 3757 1217 3800 ma-
1269 3736 1350 3800 illud
1372 3736 1493 3801 vulnus
1516 3737 1550 3800 in
1577 3744 1696 3799 natura
1716 3757 1831 3800 verum
1853 3748 1917 3814 est3
1944 3734 2002 3801 sed
2028 3735 2170 3799 multum
2192 3754 2245 3798 re-

240 3819 338 3895 navit,
360 3817 738 3896 casanatensem,
764 3827 800 3885 at
820 3827 941 3899 vocant,
971 3828 1071 3887 ntotres
1092 3823 1218 3886 restria
1269 3822 1332 3886 fert
1359 3823 1574 3887 accesseritne
1603 3819 1750 3900 aliunde,
1785 3843 1828 3886 an
1857 3821 1898 3886 ab
1921 3821 2046 3905 origine
2078 3819 2243 3886 insederit

238 3923 317 3986 pere,
340 3909 395 3967 aut
413 3904 553 3986 fertitem
573 3925 682 3970 vocare
703 3907 758 3985 qai
780 3908 880 3971 solam
896 3914 1022 3988 partem
1048 3929 1127 3989 qaae
1148 3908 1217 3973 illis
1270 3906 1408 3973 Constat
1429 3916 1539 3972 autern
1561 3928 1620 3990 per
1641 3917 1810 3988 peccatum
1833 3909 1994 3974 inflictum
2013 3908 2122 3972 fuisse.
2167 3905 2245 3970 Non

241 3990 435 4054 senaialitas
455 3996 500 4054 est
520 3992 562 4055 ad
578 3996 740 4072 peccatam
762 3994 894 4072 alliciat,
917 3996 1025 4059 canta
1047 4015 1084 4059 ac
1101 3994 1216 4058 trahat.
1269 4003 1320 4058 est
1352 3993 1455 4077 igitur
1493 4015 1552 4058 aur
1580 4013 1828 4074 conqueramur,
1861 3994 1927 4060 nisi
1954 3992 1995 4058 de
2027 3993 2122 4058 nobis
2154 3993 2245 4076 ipsis,

242 4073 284 4137 In
303 4094 362 4155 qao
380 4094 522 4139 crassam
540 4078 698 4142 inscitiam
714 4077 825 4143 deecit
846 4079 961 4145 Panis
972 4079 1176 4156 Lornlvarclas,
1192 4078 1216 4163 ¹)
1269 4077 1357 4162 qnod
1389 4078 1564 4162 diligenter
1600 4080 1773 4144 annotavit
1807 4081 1977 4162 scriptura
2033 4080 2125 4144 Dicit
2156 4078 2246 4143 enim

240 4160 296 4241 qni
317 4161 419 4224 sedem
448 4181 598 4241 quaerens
626 4166 833 4248 donimane
860 4165 937 4230 dicit
964 4168 1000 4230 in
1025 4185 1118 4230 carm
1141 4185 1215 4242 esse,
1269 4164 1482 4231 Ecclesiastes
1508 4164 1553 4247 (7,
1573 4165 1643 4247 29):
1678 4164 1740 4231 hoo
1773 4167 1855 4244 scio,
1889 4165 1976 4248 quod
2011 4167 2125 4231 fecerit
2151 4164 2245 4229 Deus

238 4250 311 4311 teste
340 4244 458 4325 Ponto,
488 4268 550 4312 vnit
576 4251 700 4329 quidem
715 4252 937 4332 propriassit
963 4253 1040 4332 qvia
1068 4252 1103 4314 in
1122 4269 1217 4315 aaron
1270 4251 1434 4316 hominem
1463 4260 1604 4330 rectum;
1630 4252 1692 4334 ipsi
1721 4262 1831 4317 autem
1857 4252 2068 4334 quaesierunt
2095 4251 2159 4315 sibi
2186 4249 2244 4313 ad·

238 4335 344 4416 napis
370 4338 508 4414 apparet.
561 4336 661 4414 Qsiasi
688 4356 758 4401 vero
790 4342 911 4401 tantam
938 4343 1065 4417 partein
1090 4337 1216 4401 arvinae
1268 4337 1473 4402 inventiones
1495 4337 1624 4402 multas.
1669 4337 1807 4402 Homini
1829 4345 1960 4403 tantum
1986 4359 2083 4403 suum
2105 4337 2244 4402 exitirun

239 4418 378 4503 desipnet
401 4418 540 4498 Paulas,
563 4440 600 4484 ao
621 4443 682 4486 non
709 4427 802 4487 totam
828 4428 978 4488 naturam
1006 4443 1085 4503 qaae
1105 4443 1214 4503 asper·
1268 4421 1518 4488 adscribendum
1541 4434 1685 4506 apparet,
1709 4445 1810 4506 quum
1831 4424 1897 4490 Dei
1920 4423 2122 4508 benignitate
2150 4423 2245 4488 recti·

238 4506 382 4570 natrcrali
401 4508 525 4589 qratiae
546 4509 720 4589 opponitm.
765 4507 817 4593 Et,
834 4492 960 4574 Paulas
987 4529 1107 4574 ornnem
1127 4509 1216 4573 dubi·
1268 4508 1413 4575 tudinem
1443 4508 1594 4592 adeptus,
1628 4532 1690 4575 sua
1715 4510 1785 4592 ipse
1813 4508 1978 4575 dementia
2005 4510 2039 4574 in
2061 4509 2244 4575 vanitatem

238 4593 384 4656 tatiornm
405 4594 499 4671 tollit,
527 4594 753 4675 corruptionem
781 4594 891 4659 doceis
919 4615 981 4659 raon
1003 4596 1039 4659 ia
1059 4616 1125 4660 arra
1146 4599 1215 4658 tan·
1267 4594 1418 4677 delapsus
1440 4597 1491 4660 sit

237 4681 304 4741 tam
318 4684 413 4758 parte
433 4679 605 4757 anaidem,
634 4679 688 4743 sed
716 4679 800 4745 nihil
821 4702 842 4744 a
867 4681 1032 4761 mortifera
1058 4683 1126 4747 eins
1147 4680 1215 4744 tabe
1357 4687 1403 4747 ll.
1447 4682 1598 4747 Dicimus
1620 4701 1698 4763 ergo
1720 4680 1864 4744 naturali
1881 4681 2048 4746 hominem
2067 4680 2242 4747 vitiositate

232 4783 353 4842 puram
380 4783 457 4841 mse,
489 4770 545 4828 ant
570 4767 733 4830 nncervm.
780 4766 869 4831 Nom
897 4766 935 4831 de
963 4769 1078 4833 enimse
1098 4770 1215 4831 natura
1266 4777 1464 4850 corruptum,
1488 4767 1547 4833 sed
1568 4787 1652 4850 quae
1672 4787 1693 4829 a
1715 4775 1833 4831 natura
1854 4789 1921 4831 non
1942 4768 2083 4833 fluxerit
2126 4768 2159 4831 A
2180 4787 2242 4830 na·

237 4847 414 4928 disputans,
436 4869 497 4912 non
523 4855 645 4914 tardam
666 4852 876 4931 inordinatos,
898 4855 954 4933 qni
975 4857 1137 4936 apparent,
1159 4872 1216 4934 ap-
1266 4862 1342 4918 tura
1361 4855 1496 4919 fluxisse
1512 4873 1685 4935 negamus,
1712 4860 1752 4915 ut
1779 4852 2001 4935 significemus
2027 4852 2243 4919 adventitiam

232 4935 389 5013 pvervm
409 4939 509 5000 motas
530 4935 667 5015 damna,
690 4939 745 5002 sal
759 4940 933 5021 praecipue
953 4941 1105 5006 mandit
1132 4958 1215 5003 men·
1266 4941 1372 5023 magis
1393 4961 1464 5007 ease
1486 4938 1675 5020 qualitatem
1697 4958 1780 5019 qnae
1802 4938 1929 5004 homini
1948 4938 2117 5017 acciderit,
2143 4960 2243 5021 quam

1266 5024 1516 5092 substantialem
1551 5021 1785 5104 proprietatem
1822 5046 1906 5106 quae
1938 5026 1979 5091 ab
2008 5025 2104 5089 initio
2135 5023 2243 5089 indita

1265 5111 1373 5178 fuant
1417 5110 1582 5175 Vacemus
1604 5113 1715 5173 tamen
1732 5110 1926 5190 naturalem,
1942 5114 1993 5176 ire
2009 5113 2082 5193 quis
2100 5111 2141 5176 ab
2159 5131 2242 5176 uno-

303 5205 332 5274 1)
350 5207 424 5262 Liar.
443 5206 469 5263 2.
487 5207 549 5261 dist.
567 5207 609 5261 31.
1265 5219 1392 5283 qnoque
1412 5215 1517 5279 prava
1537 5195 1773 5261 consuetudine
1801 5198 1983 5280 comparari
2003 5203 2111 5281 putet,
2138 5219 2243 5280 qutun
