4672 5842
98 315 180 397 l'lt¹
290 346 294 355 .
479 313 570 380 LIB.
591 313 637 378 11
681 315 745 381 DE
767 313 1055 381 COGNI'PIONE
1077 315 1161 381 DEI
1182 314 1529 382 REDEMPTORIS.
1575 316 1725 384 CARI.
2045 326 2108 393 us

95 501 235 566 dulitate
256 499 446 583 propendet
476 499 550 581 Quo
572 503 681 567 minus
698 503 821 566 mirum
838 511 896 581 est,
920 503 974 569 hic
992 504 1072 569 adso
1126 524 1232 586 aqua
1253 504 1443 569 excidimus.
1476 504 1561 586 Quis
1583 506 1638 570 ille
1661 509 1834 572 creationis
1856 519 1988 577 nostrae
2005 514 2104 579 finis?

94 587 279 672 perniciose
301 587 400 651 fuisse
422 608 441 650 a
463 589 607 651 maxima
636 589 806 653 hominum
828 601 920 671 parte
943 589 1073 654 aberra·
1126 592 1158 654 A
1185 609 1249 671 quo
1281 591 1414 671 penitus
1446 592 1553 655 aversi
1583 613 1711 671 sumus,
1741 603 1779 657 ut
1806 596 1944 661 miserae
1972 608 2105 666 nostrae

95 682 176 738 tum.
223 673 310 737 Nam
332 694 435 754 quum
452 674 496 736 sit
516 674 681 757 ingenitus
699 676 862 739 universis
882 677 1074 741 mortalibus
1126 675 1224 740 sortis
1245 677 1386 757 pertaesi
1402 677 1658 759 ingemiscamus
1664 702 1671 758 ;
1695 679 1947 762 ingemiscenda
1970 684 2012 748 ad
2030 707 2104 767 per·

94 761 171 909 glus
188 780 287 841 quam
305 780 419 824 caecus
437 759 489 822 sui
507 780 612 836 amor,
630 759 844 826 libentissime
862 762 922 826 sibi
940 784 1074 844 persue-
1126 760 1229 826 ditum
1261 761 1351 826 illam
1385 761 1578 845 dignitatem
1611 765 1823 846 suspiremus.
1880 767 1949 832 Nos
1982 778 2103 848 autem,

120 857 184 924 ent,
203 844 290 909 nihil
311 846 417 910 inesse
435 844 498 909 sibi
519 844 604 927 quod
626 848 742 911 merito
765 846 882 911 debeat
892 869 962 912 esse
984 848 1074 913 odio-
1126 868 1230 929 quum
1252 847 1390 913 dicimus
1412 848 1497 911 nihil
1519 850 1554 913 in
1576 870 1611 913 se
1629 859 1777 932 oportere
1796 853 1962 918 hominem
1980 856 2104 920 intueri

95 954 179 998 sum.
234 931 289 994 Ite
321 932 391 995 sine
425 931 531 995 alieno
564 933 743 1014 patrocinio
778 933 956 998 vanissima
993 934 1074 999 haec
1127 931 1213 1015 quod
1245 932 1352 1015 ipsum
1386 935 1572 999 animosum
1604 935 1734 1010 reddat,
1771 938 1987 1021 intelligimus
2020 942 2104 1006 nihil

94 1017 205 1100 opinio
232 1016 331 1081 fidem
358 1017 480 1099 passim
509 1017 648 1095 obtinet,
673 1018 839 1082 hominem
863 1019 923 1083 sibi
947 1019 1075 1085 abunde
1127 1040 1198 1082 esse
1230 1041 1331 1100 penes
1364 1020 1473 1102 ipsum
1505 1021 1601 1084 cuius
1636 1020 1757 1087 fiducia
1784 1021 1901 1091 debeat
1925 1027 2101 1108 superbire.

95 1104 246 1169 sufficere
268 1103 310 1167 ad
332 1102 414 1167 bene
436 1102 592 1187 beateque
614 1104 800 1168 vivendum.
847 1103 944 1185 Quod
967 1107 993 1170 si
1018 1107 1074 1187 qui
1127 1103 1239 1185 Quare
1261 1107 1288 1168 si
1310 1104 1397 1183 libet,
1419 1127 1520 1188 quam
1542 1106 1639 1170 homo
1661 1107 1714 1170 sui
1733 1108 1886 1174 notitiam
1903 1110 2025 1176 habere
2048 1113 2103 1177 de·

95 1189 275 1254 modestius
297 1189 420 1253 sentire
438 1188 562 1267 volunt,
584 1198 750 1273 utcunque
767 1189 889 1272 aliquid
905 1193 977 1255 Deo
998 1212 1075 1256 con·
1127 1190 1197 1269 bet,
1226 1192 1273 1255 ita
1300 1192 1500 1274 partiamur,
1529 1201 1568 1255 ut
1589 1193 1694 1274 primo
1716 1193 1804 1272 loco,
1828 1216 1925 1278 quem
1947 1198 1982 1260 in
2003 1199 2105 1262 finem

95 1275 223 1353 cedant,
246 1297 288 1339 ne
310 1275 371 1339 sibi
390 1296 544 1358 arrogare
561 1277 672 1340 omnia
689 1274 872 1355 videantur,
895 1277 942 1343 sic
962 1285 1075 1341 tamen
1127 1285 1255 1341 oreatus
1288 1278 1345 1354 sit,
1380 1286 1413 1340 et
1439 1276 1532 1341 donis
1563 1299 1629 1342 non
1657 1279 1905 1344 contemnendis
1934 1282 2105 1365 praeditus

95 1362 287 1445 partiuntur
306 1370 344 1425 ut
364 1362 532 1443 potissima
558 1369 592 1426 et
613 1361 735 1445 gloriae
757 1370 791 1426 et
811 1360 950 1428 fiduciae
972 1372 1074 1428 mate·
1126 1370 1271 1445 reputet;
1299 1385 1365 1445 qua
1392 1364 1591 1445 cogitatione
1619 1363 1660 1428 ad
1685 1364 1789 1428 divini
1817 1366 1925 1431 cultus
1952 1370 2104 1452 vitaeque

96 1449 149 1513 ria
169 1467 298 1529 semper
320 1447 409 1529 apud
429 1469 464 1511 se
485 1446 634 1512 resideat.
680 1448 800 1512 Iamsi
821 1448 1073 1528 acceditoretio,
1126 1449 1256 1513 suturae
1284 1449 1528 1513 meditationem
1557 1451 1729 1528 excitatum
1750 1451 1774 1534 ¹)
1804 1450 1921 1516 deinde
1949 1475 2024 1519 suae
2056 1456 2105 1520 fa·

95 1555 180 1617 quae
201 1542 318 1617 sponte
340 1534 541 1614 prurientem
562 1534 597 1598 in
620 1533 762 1598 hominis
786 1533 939 1599 medullis
961 1557 1074 1618 super·
1127 1535 1278 1613 cultatcs,
1312 1535 1366 1599 vel
1393 1543 1480 1599 certe
1517 1536 1711 1600 facultatum
1744 1537 1888 1620 inopiam
1925 1539 2104 1621 expendam

94 1621 184 1686 biam
216 1619 286 1684 suis
318 1618 480 1683 illecebris
509 1619 636 1698 titillet,
665 1620 748 1684 nihil
777 1627 827 1684 est
854 1621 940 1702 quod
968 1622 1074 1704 magis
1128 1618 1193 1703 qua
1214 1631 1392 1702 perspecta,
1415 1643 1481 1684 non
1504 1641 1596 1685 secus
1615 1630 1712 1704 atque
1729 1622 1765 1685 in
1785 1622 1924 1687 nihilum
1942 1625 2104 1705 redactus,
2135 1667 2138 1684 .

95 1703 247 1771 arrideat
282 1704 426 1770 Proinde
447 1714 485 1768 ut
506 1706 729 1788 unusquisque
751 1705 915 1770 humanae
937 1716 1075 1772 naturae
1126 1707 1162 1770 in
1185 1714 1333 1771 extrema
1354 1707 1543 1771 confusione
1565 1707 1676 1771 iaceat
1700 1707 1776 1772 Huc
1793 1707 1899 1771 tendit
1920 1710 2009 1791 prior
2027 1731 2106 1776 con·

94 1791 332 1875 praestantiam
370 1791 603 1874 benignissime
641 1813 701 1856 suo
740 1792 912 1874 praeconio
945 1793 1073 1871 extulit,
1127 1791 1294 1869 sideratio,
1325 1802 1362 1855 ut
1384 1792 1479 1874 quale
1507 1792 1550 1855 sit
1578 1792 1722 1857 officium
1743 1814 1840 1857 suum
1863 1802 2034 1877 agnoscat;
2057 1795 2105 1859 al-

94 1879 141 1942 ita
162 1897 287 1959 magno,
304 1877 508 1941 saeculorum
535 1898 636 1959 prope
658 1878 805 1941 omnium
833 1878 992 1960 applausu
1013 1880 1076 1942 tuit
1126 1886 1207 1954 tera,
1230 1877 1308 1960 quid
1330 1877 1372 1942 ad
1394 1878 1503 1960 ipsum
1524 1877 1758 1959 praestandum
1781 1879 1896 1944 valeat.
1942 1882 1994 1945 De
2015 1889 2106 1945 utra·

95 1970 262 2047 exceptus.
309 1960 376 2028 Sed
399 1964 486 2026 enim
509 1982 720 2045 quaecunque
742 1963 818 2028 talis
839 1972 889 2028 est
910 1965 1074 2028 humanae
1126 1984 1199 2045 que,
1222 1974 1320 2046 prout
1342 1964 1442 2028 series
1465 1962 1601 2029 docendi
1623 1975 1742 2046 poscet,
1767 1967 1898 2030 anobis
1916 1966 2104 2032 disseretur.

95 2048 308 2116 excellentiae
331 2048 584 2125 commendatio,
614 2070 697 2131 quae
719 2049 886 2113 hominem
907 2051 942 2113 in
965 2072 1000 2115 se
1022 2051 1074 2114 acss
1213 2055 1242 2113 4.
1298 2050 1383 2130 Quia
1404 2070 1474 2114 cero
1496 2071 1559 2114 uon
1580 2049 1642 2114 leve
1668 2051 1828 2129 delictum,
1858 2052 1912 2117 sed
1933 2053 2107 2117 detestabile

117 2136 263 2201 uiescere
285 2133 406 2208 doceat,
430 2135 513 2198 nihil
536 2135 626 2199 aliud
642 2156 741 2216 quam
759 2136 920 2200 suavitate
936 2136 994 2200 illa
1016 2158 1075 2201 sue
1125 2135 1226 2216 secisse
1248 2136 1347 2201 scelus
1368 2140 1499 2216 oportet,
1523 2134 1604 2216 qued
1625 2139 1690 2199 mm
1711 2157 1812 2201 severe
1833 2137 1920 2201 uitus
1942 2143 1986 2202 est
2006 2138 2106 2217 Deus,

95 2158 228 2287 delicias
259 2217 353 2298 lacit3
387 2220 421 2283 et
447 2221 493 2286 sic
521 2220 653 2302 quidem
681 2218 804 2300 illudit,
827 2230 865 2285 nt
887 2221 943 2304 qui
964 2243 1075 2287 assen-
1126 2222 1241 2301 specus
1262 2222 1336 2301 ipsa
1353 2223 1473 2302 petam
1495 2223 1531 2285 in
1553 2221 1647 2300 lapsu
1664 2222 1757 2286 Adae
1774 2223 2001 2288 consideranda
2018 2224 2107 2288 nobis

95 2310 242 2384 tiuntur,
266 2327 320 2371 eos
342 2306 483 2388 pessimo
505 2306 605 2370 exitio
627 2305 751 2388 perdat
797 2305 963 2387 Quorsum
985 2309 1074 2372 enim
1127 2313 1180 2384 est,
1203 2328 1283 2387 quae
1303 2305 1485 2372 lecrribiiem
1507 2306 1571 2371 Dei
1593 2307 1764 2372 uindictam
1792 2309 1931 2373 ucceruiit
1952 2309 1987 2371 iu
2009 2314 2108 2372 totum

94 2395 253 2477 pertinet,
282 2413 370 2456 vana
391 2393 481 2457 omni
502 2392 623 2457 fiducia
644 2392 744 2457 fretos
768 2391 957 2471 deliberare,
980 2395 1074 2457 insti·
1127 2392 1299 2456 buniunum
1323 2413 1428 2474 genus.
1480 2391 1608 2457 Puerile
1634 2398 1679 2457 est
1707 2394 1790 2474 qued
1816 2395 1854 2459 de
1878 2395 1971 2476 gudae
1999 2395 2108 2458 interu·

94 2490 202 2558 tuere,
234 2485 378 2555 tentare,
401 2477 510 2542 moliri
533 2498 616 2561 quae
640 2487 796 2559 putamus
817 2477 951 2543 adrem
973 2481 1075 2562 perti·
1123 2479 1213 2559 peric
1234 2479 1324 2561 culpa
1344 2483 1500 2558 receptum
1519 2479 1591 2560 fuit.
1640 2479 1740 2559 Quasi
1768 2501 1838 2544 uero
1861 2500 1985 2544 summa
2007 2485 2035 2544 et
2056 2500 2107 2544 cu·

95 2587 189 2643 nere,
212 2575 246 2629 et
267 2563 362 2629 defici
384 2564 515 2646 quidem
538 2587 575 2629 ac
598 2564 731 2628 destitui
754 2573 824 2627 tum
852 2585 934 2628 sana
954 2565 1075 2630 intelli·
1122 2569 1184 2645 put
1215 2565 1367 2628 uirtutum
1399 2565 1539 2628 annium
1568 2566 1603 2627 in
1630 2565 1819 2629 statuentia
1855 2567 1952 2630 unius
1985 2570 2108 2629 mitum

95 2651 216 2736 gentis,
240 2658 311 2714 tum
332 2670 412 2715 vera
434 2650 556 2715 virtute
577 2650 665 2714 inter
686 2650 809 2732 primos
831 2658 979 2728 conatus,
1001 2673 1075 2733 Per·
1127 2651 1251 2731 fruetus
1279 2651 1390 2728 suerit,
1421 2671 1519 2731 quum
1546 2651 1684 2731 undique
1718 2651 1881 2731 affluerent
1907 2671 2109 2732 quaecuuque

95 2759 173 2821 gere
194 2743 306 2801 temen
338 2756 467 2815 secure,
501 2735 603 2800 donec
630 2736 668 2800 in
696 2736 834 2800 exitium
862 2736 1074 2802 corruamus?
1128 2734 1307 2815 expetibiles
1334 2741 1423 2800 aaut
1449 2736 1592 2815 deliciae,
1619 2741 1712 2815 utque
1733 2737 1769 2799 iu
1800 2737 1889 2800 beata
1920 2737 1979 2802 illa
2006 2742 2108 2800 terrae

95 2823 200 2905 Atqui
222 2843 290 2885 non
312 2821 407 2886 aliter
429 2818 602 2888 succedere
619 2822 660 2887 iis
677 2830 793 2905 potest,
817 2822 873 2904 qui
895 2844 930 2887 se
952 2821 1076 2905 aliquid
1127 2821 1335 2904 foecunditate
1357 2843 1418 2886 nen
1439 2827 1560 2886 tautum
1585 2823 1675 2901 copia
1696 2821 1739 2885 ad
1760 2821 1903 2886 lautdias
1924 2825 2107 2902 suppeteret,

95 2929 193 2992 posse
213 2909 344 2990 propria
371 2907 496 2973 vincte
520 2908 696 2975 confidunt.
743 2907 879 2973 Talibus
906 2929 984 2991 ergo
1005 2929 1076 2972 ma
1128 2907 1183 2971 sed
1209 2909 1304 2971 dmm
1330 2909 1475 2972 culeus.
1524 2906 1635 2972 Altius
1661 2908 1760 2990 icitur
1787 2909 2002 2988 sputarrdum,
2029 2907 2109 2987 quia

96 2993 217 3080 gistris,
239 2994 298 3076 qui
319 2993 509 3076 reputandis
530 3001 661 3058 tantum
682 2993 777 3059 bonis
799 2994 921 3058 nostris
938 3015 998 3058 nos
1020 2994 1076 3058 de-
1123 2992 1295 3075 proliibitia
1317 2993 1356 3056 ab
1378 2993 1488 3057 urbae
1507 2994 1651 3058 seuniae
1671 2993 1743 3056 boui
1763 2998 1791 3057 et
1811 2993 1897 3072 rnali,
1921 2993 2108 3058 obedieutiae

96 3082 213 3159 tinent,
236 3081 265 3145 si
276 3080 351 3162 quis
361 3079 533 3157 auscultet,
556 3102 622 3145 non
638 3079 674 3144 in
692 3080 745 3145 sui
762 3080 983 3163 cognitionem
1000 3101 1077 3163 pro·
1129 3099 1256 3143 esaim
1275 3079 1348 3159 fuit,
1372 3084 1405 3143 nt
1425 3080 1570 3158 parendo
1592 3079 1701 3143 Adam
1722 3098 1754 3142 se
1777 3077 1840 3142 Dei
1862 3080 1994 3158 imperio
2016 3077 2108 3141 libeu-

96 3167 194 3245 ficiet,
218 3165 276 3231 sed
297 3166 334 3230 in
355 3166 533 3249 pessimam
555 3166 566 3228 i
591 3165 797 3230 norationem
820 3166 1010 3248 abripiatur.
1128 3170 1175 3229 ter
1206 3165 1329 3229 subesse
1361 3166 1517 3246 probaret.
1575 3164 1698 3228 Nausea
1732 3185 1803 3229 cere
1840 3167 1947 3245 ipsum
1976 3163 2108 3229 ostendit

184 3256 212 3316 3.
257 3252 349 3335 Ergo
376 3274 477 3335 quum
504 3252 540 3314 in
567 3187 629 3316 boe
656 3252 840 3317 consentiat
866 3251 932 3315 Dei
955 3252 1076 3317 veritas
1122 3251 1284 3332 praecepti
1311 3271 1372 3314 uon
1397 3250 1499 3315 alium
1519 3249 1746 3336 lancelinum,
1774 3271 1870 3331 quarn
1891 3256 1926 3314 ut
1946 3270 2007 3313 suu
2028 3253 2109 3313 sorte

99 3361 173 3405 eum
200 3337 330 3421 publico
361 3339 508 3402 omnium
541 3337 732 3402 mortalium
756 3359 869 3416 sensu,
898 3338 1076 3403 secundam
1127 3342 1299 3415 conuertas,
1325 3357 1358 3401 sc
1387 3336 1525 3418 improba
1557 3336 1728 3418 cupiditate
1760 3337 1858 3400 altius
1889 3356 1952 3400 nan
1979 3335 2108 3416 efferret.

99 3423 279 3507 sapientiae
312 3431 439 3504 partem
470 3425 507 3488 in
539 3416 643 3489 nostri
683 3424 866 3506 cognitione
900 3425 1076 3506 repositam
1131 3422 1306 3487 Promissis
1327 3429 1445 3500 autem,
1468 3443 1534 3502 qua
1555 3424 1653 3486 citam
1675 3426 1831 3486 aeternam
1852 3442 1980 3503 sperare
2000 3421 2110 3485 iussus

98 3531 186 3586 esse,
215 3508 251 3570 in
279 3507 351 3590 ipsa
378 3517 488 3575 tamen
517 3509 731 3593 cognoscendi
759 3511 885 3573 ratione
918 3531 1077 3594 magnum
1129 3514 1174 3572 est
1195 3507 1349 3589 quamdiu
1371 3510 1471 3573 ederet
1492 3508 1529 3572 de
1551 3508 1660 3572 arbore
1682 3509 1779 3586 ¹citae·
1801 3528 1932 3572 rursum
1953 3505 2110 3572 borrerida

99 3603 151 3662 est
184 3591 365 3659 dissidium.
421 3596 514 3659 Tunc
542 3597 631 3662 enim
660 3595 774 3673 homo,
808 3595 927 3661 iudicio
960 3597 1075 3675 carnis,
1129 3595 1237 3657 uwrtis
1247 3594 1449 3672 denuntiatio,
1467 3593 1611 3658 auidae
1626 3598 1767 3676 gusta-ret
1783 3594 1821 3658 de
1838 3591 1948 3658 arbore
1964 3592 2110 3657 scieritice

99 3682 201 3766 probe
223 3679 286 3744 sibi
307 3679 496 3761 exploratus
514 3681 653 3760 videtur,
677 3703 778 3765 quum
801 3691 835 3745 et
857 3681 1078 3765 intelligentia
1129 3679 1200 3744 boni
1222 3685 1250 3743 et
1270 3680 1356 3757 muli,
1380 3680 1422 3744 ad
1442 3679 1536 3760 fidem
1558 3680 1627 3743 eius
1641 3680 1840 3761 metandum
1861 3684 1888 3743 et
1909 3677 2111 3747 exercendam

101 3778 134 3834 et
154 3765 345 3850 integritate
367 3786 427 3829 sua
447 3767 587 3832 confisus
610 3767 780 3833 audaciam
802 3769 917 3846 sumit,
948 3789 985 3833 aa
1007 3789 1077 3832 sese
1130 3764 1293 3845 spectabat.
1327 3765 1846 3846 Hiucelieerenoudifficileest,
1870 3761 2109 3845 quibusmodis

101 3854 216 3920 incitat
244 3851 285 3916 ad
312 3851 446 3916 virtuth
467 3852 588 3932 officia,
618 3861 651 3917 et
671 3852 794 3918 indicto
816 3852 907 3919 vitiis
931 3853 1014 3918 bello
1036 3852 1078 3917 ad
1131 3854 1220 3916 inse
1243 3853 1457 3932 provocaverit
1481 3850 1589 3916 Adam
1611 3852 1696 3915 irarn
1718 3849 1790 3915 Dei.
1836 3849 1910 3913 Nou
1938 3849 2018 3912 mule
2041 3847 2112 3928 qui·

100 3938 135 4003 id
156 3938 243 4021 quod
269 3937 447 4021 pulchrum
469 3946 501 4002 et
529 3938 701 4003 honestum
724 3948 775 4003 est
797 3945 865 4002 toto
895 3937 1004 4003 studio
1026 3939 1078 4002 in·
1132 3937 1200 4002 dent
1232 3936 1445 4020 Augustinus,
1460 3936 1490 4021 ²)
1528 3937 1603 4001 dum
1634 3937 1813 4017 superbiam
1846 3936 1921 4000 dicit
1952 3934 2110 3999 manum

101 4026 253 4091 cumbere
275 4030 421 4088 conatu.
456 4020 524 4103 Qui
546 4033 656 4089 autem
677 4047 712 4090 se
734 4024 776 4090 ad
798 4026 958 4090 amussim
976 4024 1078 4090 divini
1132 4023 1271 4088 omriiuru
1307 4024 1408 4104 fuisse
1441 4024 1571 4087 initium
1578 4046 1586 4100 3
1625 4025 1703 4103 quia
1736 4023 1800 4085 uisi
1832 4020 1983 4084 leunsinem
2012 4019 2111 4084 altius

101 4111 211 4176 indicii
232 4110 366 4194 inspicit
387 4117 421 4174 et
441 4109 624 4188 examinat,
646 4111 730 4174 nihil
753 4112 876 4194 reperit
898 4110 986 4193 quod
1007 4111 1079 4175 ani·
1132 4128 1228 4190 quarn
1249 4108 1357 4173 licebat
1378 4113 1405 4172 et
1426 4129 1522 4189 quarn
1541 4107 1596 4190 scs
1617 4113 1684 4172 erat
1705 4107 1864 4172 extulisset
1887 4100 2023 4184 ambitid,
2045 4125 2112 4168 rua·

101 4218 192 4261 mum
215 4196 256 4262 ad
277 4197 397 4261 bonam
419 4194 574 4260 fiduciam
597 4196 710 4279 erigat,
735 4219 772 4262 ae
795 4218 858 4279 quo
879 4197 1022 4280 penitius
1045 4218 1079 4261 sc
1132 4215 1204 4258 uere
1221 4199 1344 4277 poterat
1365 4196 1400 4258 iu
1420 4215 1477 4258 suo
1497 4195 1617 4277 gradu:
1639 4194 1766 4274 plenior
1788 4199 1891 4258 tamen
1913 4193 2051 4264 definitio
2073 4210 2112 4254 ec

102 4283 261 4361 excussit,
296 4304 334 4347 eo
367 4281 474 4365 inagis
507 4280 670 4360 deiioitur;
705 4281 806 4347 donec
839 4284 928 4347 omni
960 4283 1081 4348 fiducia
1132 4281 1306 4345 tentationis
1328 4281 1439 4361 specie,
1462 4300 1558 4360 quarn
1579 4280 1722 4345 describit
1744 4278 1863 4358 Mases,
1886 4278 2037 4343 sumenda
2060 4280 2111 4339 est.

102 4390 237 4450 prorsus
265 4367 452 4447 abdicatus,
480 4367 563 4432 nihil
593 4367 656 4432 sibi
684 4367 726 4431 ad
748 4368 851 4434 vitam
876 4377 964 4449 recto
985 4369 1080 4433 insti·
1135 4366 1222 4430 Num
1242 4368 1319 4430 dum
1339 4367 1490 4446 serpentis
1511 4367 1652 4446 captione
1676 4366 1841 4431 abduitur
1866 4385 1926 4445 per
1947 4360 2112 4442 infidelita·

102 4453 260 4519 tuendam
286 4454 451 4536 relinquit.
504 4453 614 4535 Neque
640 4457 742 4517 tamen
766 4455 832 4518 cult
858 4474 915 4519 nos
940 4455 1081 4520 obliuisci
1134 4457 1193 4516 lem
1213 4452 1327 4516 mulie
1349 4473 1370 4515 a
1391 4452 1479 4517 cubo
1502 4451 1580 4531 Dei,
1608 4454 1676 4517 ium
1697 4452 1826 4516 initium
1848 4451 1961 4513 ruinae
1982 4449 2114 4526 apparet

103 4539 192 4608 Deus
206 4541 336 4622 primae
355 4540 535 4620 nobilitatis,
557 4560 653 4621 quarn
670 4538 762 4603 Adae
778 4541 867 4620 patri
889 4546 992 4605 uastm
1014 4560 1082 4604 cau
1132 4538 1234 4618 fuisse
1262 4536 1507 4602 inobedientiam.
1556 4539 1643 4618 Quod
1671 4540 1765 4602 etiarn
1793 4536 1952 4614 coufirmat
1978 4530 2111 4609 Paulus,

101 4627 223 4705 tulaat,
244 4646 351 4707 nempe
372 4646 454 4708 quae
475 4648 535 4692 nos
558 4623 600 4689 ad
621 4624 765 4690 iustitiae
788 4624 991 4705 bmdatisque
1012 4634 1081 4690 stu·
1134 4624 1232 4688 uuius
1260 4623 1397 4689 hominis
1423 4624 1632 4689 inobedientia
1656 4641 1758 4685 omues
1783 4620 1885 4701 fuisse
1900 4617 2041 4697 partius
2063 4615 2115 4682 do-

88 4711 195 4776 dium
217 4712 335 4776 merito
358 4712 607 4796 expergefacere
629 4710 754 4776 debeat.
799 4710 876 4776 Non
897 4711 985 4774 enim
1007 4733 1082 4794 pos·
1135 4730 1205 4776 cens
1228 4709 1387 4791 (Rome,
1410 4709 1472 4792 19).
1510 4707 1615 4771 Simul
1635 4712 1738 4769 musca
1755 4703 1932 4782 nominum,
1950 4703 2115 4768 desciuisse

104 4817 217 4862 sumus
239 4805 297 4861 aut
317 4798 459 4881 primam
479 4806 626 4863 nostram
648 4797 817 4882 originem,
847 4804 905 4860 aut
927 4817 1082 4879 quorsum
1129 4796 1274 4879 panium
1299 4795 1453 4859 bemineru
1481 4794 1520 4856 ab
1542 4794 1675 4872 imperia
1696 4791 1776 4868 Dei,
1806 4788 1889 4870 quod
1911 4810 1973 4854 nen
1994 4793 2120 4853 tantum

102 4881 225 4948 conditi
257 4904 371 4948 snmus
403 4884 563 4968 cogitare,
593 4884 674 4966 quin
696 4883 738 4949 ad
766 4881 990 4948 meditandam
1019 4884 1081 4947 im·
1135 4887 1268 4947 sannae
1287 4881 1437 4947 illecebris
1458 4884 1569 4958 captus
1589 4877 1694 4958 fuerit,
1717 4877 1771 4943 sed
1793 4879 1963 4958 wntempta
1981 4876 2116 4955 iudan,

104 4969 340 5035 mortalitatem
370 4969 656 5054 expetendumque
684 4970 749 5035 Dei
785 4990 928 5053 regnum
955 4991 1082 5054 punga·

103 5075 187 5121 mur.
233 5053 301 5122 Sed
333 5064 467 5122 tantum
499 5057 591 5122 abest
623 5064 669 5128 ut,
692 5057 819 5121 enimes
857 5056 951 5122 nobis
984 5057 1084 5122 faciat

101 5140 168 5208 isla
188 5142 383 5224 r⁰0⁰gnlll⁰s
406 5150 446 5207 Ul
471 5143 581 5225 P⁰l³l¹¹⁸
603 5141 773 5242 §ublplffllfl
795 5141 861 5206 iffifl
883 5141 925 5208 ad
948 5142 1083 5209 humill·
1207 5171 1238 5236 l)
1262 5169 1434 5225 Recentiores
1448 5169 1547 5238 plures
1566 5167 1647 5237 (1607
1666 5172 1749 5241 seqq.)
1765 5172 1849 5228 male:
1867 5171 1975 5224 excitet.
2039 5168 2123 5237 2)1n

104 5232 211 5292 tatem
229 5234 423 5310 prosternat
452 5225 546 5308 Quae
563 5250 651 5294 emm
669 5228 728 5294 illa
743 5235 795 5294 est
812 5227 926 5312 ongo?
955 5229 1083 5312 Nempe
1138 5243 1210 5295 Ριιι.
1236 5238 1269 5292 18
1287 5240 1347 5308 (19)
1364 5256 1452 5294 enan.
1470 5237 1496 5293 2.

207 5326 422 5400 Oclmtmeru.
456 5329 515 5386 Vol.
531 5328 577 5388 Π.
1889 5321 1924 5378 12
