4672 5842
224 303 290 363 435

227 487 360 554 videtur
376 483 475 549 fidem
493 481 600 563 potins
616 479 811 561 praecedere
831 478 1033 560 poenitentia
1050 499 1147 559 quarn
1166 477 1206 541 ab

228 574 301 656 ipsa
323 591 461 646 enarrare,
491 568 537 630 uel
554 566 694 647 quotirri
716 571 863 645 tanquam
885 565 1008 643 fructas
1029 565 1068 627 ab
1090 564 1207 640 arbore,
1232 624 1235 645 ,

229 679 390 738 uunquam
411 657 460 718 ris
481 656 548 717 eius
568 654 631 732 tirit
651 653 784 733 capuita,
812 657 839 714 et
861 651 999 713 nimium
1022 650 1086 714 leri
1109 671 1207 730 argu·
1232 648 1236 707 l

229 758 341 809 mento
364 740 405 804 ad
429 741 460 803 id
484 737 688 803 sentiendum
711 752 893 801 morentur.
1233 739 1236 805 Ξ

318 833 345 892 2.
391 827 554 899 Christus,
577 825 738 905 inquiunt,
767 834 798 885 ct
821 823 961 885 Ioannes
983 824 1018 885 in
1041 823 1108 886 suis
1131 844 1207 885 con·
1232 838 1236 897 t

230 916 377 981 sionibus
400 913 554 995 populum
578 910 618 973 ad
637 909 893 990 resipiscentiam
912 909 1055 989 primum
1074 908 1208 971 hortan-
1233 930 1236 993 q

230 1008 301 1077 tur3
332 999 449 1063 deinde
477 1018 612 1079 regnum
643 994 804 1059 coelorum
834 994 1109 1075 appropinquasse
1133 994 1209 1058 sub·

230 1088 345 1152 iicinnt
368 1085 501 1167 (blatth.
527 1088 560 1158 3,
581 1086 615 1157 23
638 1080 713 1143 ibid.
733 1088 762 1157 t,
788 1085 847 1162 tt).
894 1080 972 1143 Tale
1000 1079 1209 1162 praedicandi
1233 1016 1236 1163 l

230 1172 425 1238 mandatum
438 1170 601 1250 accipiunt
611 1167 762 1249 apostoli3
782 1166 879 1229 talem
893 1166 1039 1229 ordinem
1054 1179 1209 1247 sequutus

232 1270 283 1324 est
295 1257 431 1332 Paulus,
450 1252 721 1337 quemadrnodtnn
736 1253 844 1316 Lucas
857 1254 954 1316 refert
970 1253 1058 1333 (Act.
1073 1257 1123 1329 20,
1142 1256 1207 1333 21).

232 1346 335 1425 Atqui
353 1342 430 1406 dum
450 1343 481 1404 in
501 1339 698 1423 syllabarum
717 1351 873 1402 contextu
892 1339 1112 1419 superstitiose
1133 1338 1208 1400 hac-

232 1441 322 1506 rent,
351 1451 415 1492 non
438 1425 705 1490 animadvertunt
730 1446 792 1505 qua
823 1447 919 1488 stensu
945 1425 1031 1487 iuter
1052 1446 1086 1487 se
1109 1425 1210 1488 verba

233 1516 291 1580 illa
319 1515 522 1579 cohaereant.
568 1512 653 1574 Nam
688 1510 765 1573 dum
795 1510 828 1573 in
857 1510 945 1573 hunc
973 1509 1106 1573 modum
1132 1533 1209 1574 con·
1234 1536 1237 1573 ι

232 1602 403 1667 aionantur
431 1598 584 1663 Christus
605 1597 767 1659 Dominus
795 1608 828 1659 ct
852 1596 1005 1659 Ioannes:
1040 1598 1209 1676 poeniten·
1234 1586 1237 1623 ¹

233 1687 313 1752 tiam
337 1687 439 1768 agite,
464 1683 738 1766 appropinquavit.
759 1684 845 1745 enirn
869 1704 1007 1763 regnum
1031 1682 1207 1745 coelorum:

172 1780 177 1792 ’
234 1794 345 1837 annon
368 1768 576 1852 resipiscendi
603 1790 733 1831 calisam
757 1767 890 1849 abipsa
912 1767 1017 1849 gratia
1040 1779 1074 1830 et
1095 1768 1210 1831 salutis

233 1858 446 1941 promissione
479 1854 624 1919 ducunt?
671 1852 811 1917 Perinde
844 1875 923 1935 ergo
951 1853 1064 1916 valent
1096 1876 1209 1917 comni

232 1945 333 2009 verba
351 1966 388 2007 ac
406 1943 433 2005 si
447 1942 605 2004 dicerent:
619 1940 774 2020 quoniam
785 1940 1058 2021 appropinquarit
1071 1961 1209 2022 regnum

234 2030 407 2097 coelorum,
428 2027 498 2090 ideo
518 2027 701 2107 resipiscite.
733 2026 816 2088 Nam
830 2026 1019 2088 Matthaeus
1034 2029 1077 2106 (¹3,
1091 2029 1135 2107 2),
1154 2025 1210 2089 uhi

234 2116 279 2180 sic
302 2114 505 2197 praedicasse
528 2113 683 2174 Ioannem
707 2113 866 2186 narravit,
893 2112 1061 2194 impletam
1085 2113 1210 2192 inipso

233 2201 333 2264 fuisse
346 2201 469 2262 Iesaiac
489 2199 676 2261 vaticinium
698 2196 789 2260 (locet
809 2196 848 2259 dc
862 2217 939 2260 voca
958 2197 992 2258 in
1005 2196 1132 2260 deserta
1145 2197 1210 2261 cla-

234 2301 358 2349 mante:
380 2298 491 2366 parate
516 2285 599 2346 viam
616 2284 757 2356 Domini,
781 2294 884 2345 rectas
896 2283 990 2345 sttuite
1003 2285 1135 2347 semitas
1147 2284 1210 2346 Dei

235 2373 337 2436 nostri
358 2372 434 2449 (les.
455 2377 506 2441 «to,
521 2372 563 2450 a).
607 2369 732 2431 Vertinr
751 2368 837 2449 apud
855 2368 1049 2450 prophetam
1072 2369 1128 2432 illa
1147 2392 1210 2431 vox

232 2459 363 2522 iubetur
384 2479 403 2518 a
426 2455 645 2520 consolatione
668 2463 701 2517 ct
718 2454 803 2517 lacto
820 2455 1109 2518 nuntioinchonre.
1144 2455 1210 2517 Nc·

233 2565 295 2626 que
319 2557 444 2620 tamon,
473 2564 573 2623 quum
602 2540 842 2621 resipiscentiae
867 2541 1025 2623 originem
1048 2539 1090 2603 ad
1111 2539 1209 2605 fidem

232 2630 414 2703 referimus,
439 2629 580 2709 spatium
604 2624 734 2707 aliquod
754 2627 910 2707 temporis
928 2627 1129 2689 somniamus
1147 2648 1210 2707 quo

231 2715 336 2798 ipsam
358 2715 534 2797 parturiat3
563 2713 618 2776 sed
643 2711 814 2775 ostendere
837 2711 1003 2789 volumus,
1027 2734 1093 2774 non
1116 2733 1209 2793 posse

232 2801 398 2867 hominem
423 2801 642 2882 poenitentiae
665 2799 749 2863 serio
771 2796 901 2862 studere
922 2797 986 2862 nisi
1006 2820 1040 2861 se
1054 2798 1116 2861 Dei
1139 2820 1210 2862 esso

231 2887 368 2952 noverit.
414 2887 478 2950 Dei
506 2899 616 2949 autem
646 2905 680 2948 se
708 2906 778 2948 esse
807 2905 902 2947 nemo
930 2905 1007 2947 vere
1034 2904 1210 2964 persuasus

232 2982 290 3048 est,
315 2973 377 3035 nisi
400 2973 454 3053 qui
478 2973 548 3035 clus
571 2972 660 3052 prius
682 2971 823 3053 gratiam
847 2969 1108 3051 apprehenderit.
1142 2967 1210 3034 Sed

232 3058 313 3121 hace
335 3055 507 3121 dilucidius
532 3058 564 3120 in
587 3058 656 3138 ipso
679 3077 853 3138 progressu
875 3055 1104 3119 edisserentur.
1151 3055 1210 3119 Fe-

230 3143 310 3224 tetta
339 3163 388 3205 cos
408 3143 486 3222 torte
508 3143 589 3223 qaod
610 3142 701 3205 audti
723 3142 925 3206 conscientiae
950 3142 1119 3221 pavoribus
1141 3147 1211 3204 aute

232 3229 398 3293 dotarentur
424 3229 470 3290 aet
498 3232 676 3308 termardur
704 3228 746 3290 ad
766 3227 957 3308 obsequium,
985 3248 1080 3306 quam
1093 3228 1211 3303 ,imberti

229 3314 350 3395 fuerint
377 3315 544 3394 captatione
568 3315 704 3396 pertiae,
731 3314 793 3376 into
817 3335 885 3377 eam
905 3315 1107 3395 pustarreriat.
1152 3315 1211 3377 Aa

231 3422 290 3482 que
308 3401 358 3463 bic
379 3405 424 3464 est
446 3400 696 3475 initialistiraor,
718 3419 808 3478 quem
829 3401 909 3462 ieter
930 3399 1060 3462 viantes
1079 3400 1211 3480 quidam

231 3491 395 3562 recensent,
418 3486 494 3564 quia
515 3507 605 3549 cerae
626 3490 654 3548 et
675 3486 775 3548 iustae
796 3484 980 3549 obedientiae
995 3488 1211 3566 propinquam

232 3590 297 3636 esse
330 3576 464 3634 aerisaut.
511 3570 573 3634 Sed
604 3592 666 3633 aaa
698 3570 748 3634 bic
780 3571 885 3652 apitur
916 3592 1012 3651 quam
1040 3573 1128 3635 varie
1154 3592 1211 3635 aas

235 3655 381 3722 Christus
407 3657 449 3720 ad
475 3677 509 3720 sc
530 3656 648 3734 trabat,
676 3656 723 3719 aci
742 3661 913 3737 praeparet
938 3658 981 3721 ad
997 3659 1127 3738 pietatis
1147 3663 1211 3721 sta·

231 3743 328 3807 dium.
377 3743 406 3806 Τ
404 3747 512 3806 antara
534 3742 617 3820 dieo,
646 3742 765 3806 nuttam
787 3742 998 3807 rectitudinem
1015 3763 1108 3824 passe
1129 3745 1212 3806 iace-

232 3829 299 3893 airi
326 3828 379 3891 abi
399 3849 459 3892 aare
481 3833 588 3909 repeat
608 3829 740 3909 spiritus
767 3829 820 3892 ille
841 3849 930 3908 quera
950 3830 1065 3910 aaepit
1085 3835 1120 3892 at
1142 3850 1211 3892 eam

231 3914 377 3978 cumbris
399 3916 469 3978 suis
490 3915 735 3978 communicaret.
779 3914 918 3993 Deirule,
941 3916 1108 3979 secundant
1130 3915 1212 3980 iliud

235 3998 359 4064 Psalmi
382 3999 468 4078 (130,
488 4002 539 4082 tl:
566 4000 653 4081 apud
681 4005 709 4063 te
728 4006 773 4063 est
789 4002 976 4082 propitiatio
997 4006 1032 4064 ut
1051 4002 1211 4080 timearis,

231 4106 318 4150 rareio
345 4106 484 4165 uaqtrara
511 4085 615 4150 Deum
643 4082 844 4165 reverebitur,
877 4088 943 4150 aisi
972 4089 1027 4167 qai
1054 4088 1114 4151 sibi
1139 4108 1211 4167 pra-

229 4171 347 4253 pitiura
368 4172 510 4251 confidet;
538 4193 624 4236 raaia
646 4192 678 4236 se
699 4173 742 4236 aet
761 4173 837 4256 lepis
858 4172 1098 4238 obseruationem
1120 4173 1212 4236 libea-

231 4262 276 4322 ter
307 4258 456 4340 aceiapet,
489 4258 553 4320 rtisi
581 4259 636 4337 qui
656 4279 834 4339 persuasus
860 4261 918 4321 erit
946 4260 974 4323 ei
998 4260 1124 4340 placere
1150 4279 1211 4322 saa

231 4343 389 4423 obseqrria:
416 4364 496 4424 quae
523 4345 557 4406 ia
585 4345 767 4426 ipamoeudo
794 4351 822 4408 et
849 4345 1019 4409 tolerandis
1046 4345 1137 4407 vitiis
1163 4346 1211 4408 iu·

230 4429 388 4512 dulpentia
411 4432 535 4511 siquam
553 4434 597 4494 cst
612 4432 738 4509 paterni
758 4430 888 4510 (auaris.
936 4430 1024 4510 Quod
1045 4431 1138 4494 etiam
1160 4431 1210 4494 de-

231 4522 380 4580 monstrat
406 4516 463 4580 itta
495 4514 592 4580 Oscae
620 4517 671 4599 (b',
700 4519 732 4599 l)
754 4517 939 4580 exhortatio:
971 4517 1082 4594 venite,
1110 4538 1210 4582 rever·

230 4607 334 4665 tamar
362 4604 405 4668 ad
429 4601 587 4679 laborant,
615 4604 693 4683 qaia
720 4603 788 4682 ipse
808 4604 917 4683 rapuit
944 4607 973 4664 et
999 4602 1124 4667 sanabit
1144 4624 1208 4682 aas,

225 4691 383 4769 percussit
415 4694 442 4753 et
470 4690 589 4752 curabit
616 4708 687 4766 aas,
721 4689 796 4768 quia
823 4709 893 4768 spes
921 4689 1028 4752 centra
1059 4694 1209 4770 tauquam

229 4774 378 4838 stimulas
396 4775 536 4852 additur,
560 4795 597 4837 ae
618 4775 654 4837 ia
675 4776 746 4837 suis
762 4775 899 4855 pacatis
919 4778 1067 4854 torpeant.
1108 4773 1209 4839 Omni

231 4867 341 4922 autem
375 4861 510 4923 rationis
543 4861 648 4941 specie
681 4870 771 4924 caret
802 4881 916 4923 eorum
948 4858 1209 4938 deliramentum,

231 4945 287 5026 qni
315 4954 353 5006 ut
382 4965 401 5005 a
431 4945 631 5027 paenitentia
658 4945 886 5023 exordiantur,
916 4958 1021 5010 certas
1051 4947 1119 5011 dies
1142 4948 1210 5011 suis

231 5029 407 5113 neophytis
429 5029 655 5112 praescribunt
676 5053 735 5114 per
757 5054 838 5114 quos
859 5054 894 5097 se
917 5033 953 5096 in
975 5034 1209 5116 poenitentiam

232 5124 419 5179 exerceant:
444 5115 563 5197 quibus
584 5115 716 5180 demum
739 5118 921 5194 transactis,
945 5119 980 5183 in
1002 5119 1210 5202 evangelicae

230 5200 356 5287 gratiae
379 5202 641 5267 communionem
662 5203 750 5285 ipsos
768 5203 954 5268 admittunt.
986 5205 1040 5269 De
1059 5204 1210 5286 plurimis

875 285 1268 357 marimanam.
1291 284 1473 353 annisu.
1498 291 1588 350 1559.
1638 238 1644 251 ⁶
1687 316 1696 330 ·

2177 285 2243 347 436

1260 477 1552 558 Anabaptistarum
1573 476 1700 557 loquar,
1724 475 1764 540 iis
1781 474 1974 555 praesertim
1985 473 2042 553 qui
2055 471 2244 554 spirituales

1260 562 1374 627 haberi
1407 564 1489 626 mire
1522 561 1679 644 gaudent,
1714 582 1876 639 eorumque
1908 559 2067 623 sodalibus
2101 557 2244 635 Iesuitis,

1261 655 1288 712 et
1309 648 1469 713 similibus
1490 648 1679 728 quisquiliis.
1715 647 1811 711 Tales
1834 647 1957 710 scilicet
1972 647 2097 709 fructus
2119 645 2246 725 profert

1262 735 1396 817 spiritus
1420 735 1475 797 illc
1498 735 1678 815 vertiginis,
1704 746 1740 795 ut
1762 732 2006 815 poenitentiam,
2029 752 2112 812 quae
2135 731 2171 793 in
2193 739 2244 792 to·

1261 829 1328 885 tam
1347 822 1448 883 vitam
1470 819 1674 903 proroganda
1698 835 1747 883 est
1770 819 1893 883 homini
1918 817 2105 893 christiano,
2128 817 2245 898 paucis

1260 907 1396 972 dieculis
1420 907 1582 970 temtinet.

1349 1031 1376 1090 3.
1422 1026 1597 1090 (litatorum
1620 1025 1660 1088 de
1682 1025 1881 1108 paenitentia
1903 1023 1990 1087 docti
2012 1021 2145 1104 quidam
2168 1023 2243 1100 viri,

1261 1115 1358 1197 longe
1386 1115 1483 1176 etiam
1508 1122 1583 1175 ante
1607 1111 1686 1175 hacc
1711 1122 1870 1192 tempora,
1900 1131 1999 1191 quum
2023 1110 2117 1171 iuxta
2138 1110 2244 1190 scrip-

1262 1210 1354 1263 turae
1384 1199 1531 1281 regulam
1560 1198 1750 1278 simpliciter
1778 1210 1810 1260 et
1838 1199 1962 1260 sincere
1989 1194 2080 1275 loqui
2108 1194 2241 1271 vellent,

1262 1285 1419 1349 dixerunt
1441 1297 1590 1349 constare
1612 1274 1737 1347 duabus
1755 1283 1915 1363 partibas,
1937 1281 2185 1343 mortificatione
2207 1288 2245 1343 et

1261 1370 1488 1436 vivificatione.
1524 1370 1808 1433 Mortificationem
1833 1369 2090 1459 interpretatatur
2111 1367 2244 1430 animae

1261 1458 1464 1521 dolorcru'et
1491 1467 1649 1519 terrorem
1678 1478 1719 1519 ex
1742 1456 1906 1533 agnitione
1936 1454 2058 1535 peccati
2085 1463 2119 1515 et
2140 1473 2243 1516 sensu

1260 1543 1370 1607 iudicii
1400 1543 1463 1606 Dei
1496 1552 1697 1623 conceptum.
1743 1541 1808 1604 Ubi
1841 1540 1929 1603 enim
1962 1540 2034 1620 quis
2064 1539 2098 1600 in
2126 1558 2244 1601 reram

1262 1631 1383 1712 peccati
1407 1629 1625 1711 cognitionem
1649 1626 1808 1691 adductus
1831 1639 1894 1702 cst,
1924 1638 1992 1687 tum
2020 1646 2097 1688 vere
2125 1645 2244 1705 pecca-

1262 1724 1333 1779 tum
1367 1714 1472 1778 odisse
1506 1723 1538 1777 et
1560 1714 1722 1776 exsecrari
1756 1712 1885 1793 incipit,
1919 1722 1990 1773 tum
2018 1711 2078 1774 sibi
2107 1711 2170 1791 ipsi
2199 1732 2244 1774 ex

1263 1803 1371 1864 animo
1394 1799 1551 1881 displicet,
1578 1800 1730 1862 irrisorum
1754 1820 1789 1861 sc
1812 1810 1844 1861 et
1866 1796 2030 1880 perditum
2053 1798 2185 1873 latetur,
2208 1804 2244 1859 ct

1263 1887 1364 1950 alium
1388 1908 1422 1949 sc
1445 1907 1515 1949 esse
1539 1894 1637 1965 optat.
1684 1884 1735 1947 Ad
1761 1885 1841 1949 haec
1864 1884 1920 1946 uhi
1940 1905 2036 1946 sensu
2060 1882 2168 1963 aliquo
2190 1883 2243 1944 iu-

1263 1973 1338 2037 dicii
1361 1972 1425 2035 Dei
1454 1984 1559 2035 metus
1587 1981 1636 2033 est
1665 1970 1818 2051 (alteram
1842 1969 1928 2032 onim
1951 1992 1992 2032 ex
2015 1969 2117 2031 altero
2139 1969 2244 2050 proti-

1262 2080 1325 2125 nus
1353 2059 1528 2138 seqnitur),
1557 2069 1627 2119 tum
1651 2077 1728 2119 vero
1752 2056 1919 2137 perculsus
1948 2078 1984 2120 ac
2013 2065 2244 2118 consternatus

1263 2145 1355 2220 iacet,
1380 2143 1570 2207 humiliatus
1590 2164 1626 2206 ac
1642 2141 1785 2206 deiectus
1798 2143 1917 2217 tremit,
1942 2143 2085 2204 animum
2101 2137 2244 2221 despon-

1265 2229 1335 2306 det,
1359 2228 1518 2311 despcrat.
1564 2228 1655 2291 Haec
1678 2229 1767 2309 prior
1789 2229 2008 2309 paenitentiae
2029 2247 2120 2307 pars,
2143 2246 2245 2306 quam

1264 2316 1361 2398 vulgo
1391 2316 1616 2379 corttritionorn
1641 2314 1804 2377 dixerunt.
1851 2314 2116 2378 vivificationem
2139 2313 2243 2374 inter-

1263 2411 1435 2484 pretantur
1457 2401 1710 2465 consolationem
1739 2421 1821 2480 quim
1845 2422 1886 2462 ex
1909 2398 1973 2462 lide
1996 2398 2157 2474 nascitur;
2188 2397 2243 2461 ubi

1264 2488 1387 2553 scilicet
1408 2488 1519 2561 homo,
1549 2487 1671 2567 peccati
1692 2485 1888 2549 conscientia
1911 2495 2095 2568 prostratus
2118 2505 2156 2546 ac
2178 2483 2248 2564 Dei

1264 2574 1381 2636 timore
1402 2573 1582 2655 perculsus,
1606 2580 1718 2653 postea
1741 2572 1776 2634 in
1795 2569 1858 2634 Dei
1880 2572 2069 2645 honitatem,
2092 2571 2126 2632 in
2144 2571 2244 2631 mise·

1263 2659 1446 2735 ricardum,
1466 2660 1614 2742 gratiam,
1636 2658 1783 2729 salutern,
1807 2678 1891 2738 quae
1913 2666 1962 2720 est
1983 2677 2040 2738 per
2059 2654 2241 2731 Christum,

1262 2745 1454 2827 respiciens,
1478 2765 1548 2807 sese
1569 2743 1679 2825 erigit,
1703 2744 1856 2824 respirat,
1880 2743 2027 2808 animum
2046 2740 2182 2823 colligit,
2207 2749 2242 2804 et

1264 2831 1354 2896 velut
1387 2853 1405 2894 e
1437 2839 1541 2893 morto
1575 2830 1608 2891 in
1643 2829 1746 2892 vitam
1780 2827 1873 2892 redit.
1919 2828 1969 2893 Ac
2000 2848 2085 2892 traces
2116 2826 2243 2907 quidem

1262 2919 1355 2993 istae,
1384 2917 1415 2981 si
1441 2917 1529 2980 modo
1551 2921 1632 2978 reeta
1661 2920 1772 2978 consta
1800 2916 2024 2994 iraerpretatia,
2053 2915 2116 2976 aim
2134 2914 2244 2992 poari-

1262 3005 1373 3067 alatae
1399 3004 1480 3066 satis
1508 3001 1659 3065 commode
1686 3001 1882 3079 exprimeret,
1913 3000 1967 3064 sed
1995 3000 2076 3080 qaod
2103 2999 2243 3078 vivitica-

1263 3091 1373 3153 tionem
1394 3089 1553 3169 accipiant
1576 3107 1636 3167 pra
1665 3087 1785 3150 taetitia
1807 3108 1903 3168 qtram
1924 3087 2033 3166 recipit
2054 3085 2181 3150 anicius
2203 3106 2243 3148 ee

1258 3173 1489 3257 perturbatione
1522 3179 1549 3236 et
1582 3179 1663 3236 meta
1690 3173 1829 3250 amalus,
1864 3193 1925 3235 aaa
1951 3174 2120 3236 assentiar:
2147 3191 2244 3250 qaum

1257 3262 1365 3342 patius
1392 3265 1495 3325 sancte
1517 3261 1632 3341 pieque
1656 3259 1779 3322 aiaeitdi
1801 3259 1942 3321 stadium
1963 3258 2132 3339 sipaitiat,
2163 3256 2244 3338 quad

1263 3349 1366 3411 oritur
1391 3367 1429 3410 ea·
1456 3345 1650 3409 renascentia
1657 3368 1667 3423 ;
1699 3345 1793 3424 quasi
1813 3346 1988 3423 diceretur„
2007 3344 2161 3407 homiaem
2182 3342 2244 3408 sibi

1262 3434 1342 3497 mari
1363 3438 1398 3495 at
1421 3430 1489 3496 Dec
1510 3434 1612 3495 aicae
1633 3431 1773 3512 incipiat.

1349 3577 1377 3633 4.
1422 3569 1506 3646 Alii,
1541 3570 1619 3650 quia
1651 3568 1806 3633 videbant
1840 3567 1929 3632 varia
1961 3567 2023 3632 hoc
2056 3589 2176 3632 nornen
2208 3569 2241 3631 in

1263 3657 1427 3739 scriptura
1466 3667 1648 3736 acceptum,
1690 3652 1771 3717 duas
1810 3662 1992 3734 posuerunt
2025 3654 2241 3735 poenitentiae

1262 3743 1398 3820 formas,
1428 3763 1507 3823 quas
1536 3749 1573 3804 ut
1594 3753 1671 3804 nota
1693 3740 1802 3822 aliqua
1821 3738 2075 3821 distinguerent,
2104 3739 2241 3802 alteram

1263 3828 1402 3912 legalem
1421 3827 1583 3903 dixemnt,
1607 3848 1670 3909 qna
1693 3835 1842 3908 peccator
1864 3826 1984 3907 peccati
2003 3826 2147 3890 cauterio
2167 3823 2240 3888 vul-

1263 3925 1400 3978 neratus
1427 3924 1461 3978 et
1486 3921 1610 3977 terrore
1638 3914 1706 3975 irae
1734 3913 1797 3975 Dei
1828 3911 1959 3975 attritus
1987 3912 2022 3973 in
2050 3932 2089 3974 ea
2111 3919 2242 3992 pertur-

1264 4001 1393 4064 batione
1420 4000 1613 4064 constrictus
1636 3998 1765 4076 haeret,
1794 4018 1853 4061 nec
1881 4019 1915 4061 se
1937 3997 2098 4078 explicare
2118 4007 2240 4076 potest;

1264 4085 1486 4168 evangelicam
1509 4085 1661 4160 alteram,
1685 4105 1750 4166 qua
1771 4083 2086 4166 pcccator'graviter
2107 4080 2243 4162 quidem

1264 4172 1350 4253 apud
1369 4194 1403 4236 so
1421 4172 1571 4244 afflictus,
1595 4170 1693 4234 altius
1711 4180 1820 4234 tamen
1839 4171 1986 4252 emergit,
2009 4177 2043 4231 et
2058 4167 2242 4247 Christum,

1264 4258 1408 4323 vulneris
1431 4259 1480 4321 sui
1502 4256 1708 4333 medicinam,
1736 4256 1870 4320 terroris
1892 4255 2157 4329 consolationem,
2181 4256 2242 4317 mi-

1263 4345 1367 4408 seriae
1398 4355 1531 4426 portum
1564 4343 1789 4425 apprehendit.
1844 4342 1980 4424 Legalis
2023 4342 2243 4423 poenitentiae

1264 4430 1413 4512 exempla
1433 4451 1504 4494 esse
1524 4429 1647 4507 volunt,
1666 4429 1759 4504 Cain,
1780 4427 1870 4506 Saul,
1888 4427 2006 4491 Iudam
2028 4426 2128 4510 (Gen.
2143 4434 2172 4503 4,
2190 4431 2242 4505 13;

1266 4522 1279 4578 1
1302 4514 1391 4581 Sam.
1415 4521 1462 4592 15,
1483 4520 1538 4596 203
1561 4516 1681 4580 Matth.
1703 4520 1754 4592 27,
1773 4515 1822 4598 4):
1846 4534 1984 4595 quorum
2007 4514 2243 4596 poenitentiam

1263 4602 1341 4667 dum
1363 4604 1525 4685 scriptura
1546 4602 1641 4667 nobis
1663 4609 1903 4677 commemorat,
1932 4599 2097 4683 intelligit,
2119 4599 2242 4681 peccati

1263 4690 1313 4753 sui
1340 4691 1502 4773 gravitate
1525 4689 1639 4771 agnita
1663 4688 1746 4751 iram
1769 4687 1833 4751 Dei
1860 4686 2024 4765 timuisse,
2053 4684 2110 4750 sed
2131 4685 2240 4748 Deum

1263 4774 1423 4840 duntaxat
1444 4775 1584 4839 ultorem
1607 4782 1640 4837 et
1662 4772 1802 4836 iudicem
1824 4774 2006 4855 cogitantes
2028 4773 2062 4834 in
2085 4791 2123 4834 eo
2144 4792 2242 4834 sensu

1263 4861 1426 4927 defecisse.
1469 4861 1560 4944 Ergo
1586 4880 1699 4937 eorum
1728 4859 1931 4940 poenitentia
1957 4880 2025 4922 non
2052 4855 2141 4921 aliud
2168 4857 2242 4933 luit,

1263 4969 1361 5029 quam
1371 4946 1534 5030 quoddam
1547 4945 1726 5008 inferorum
1745 4945 1876 5020 atrium,
1891 4965 1954 5026 quo
1971 4945 2037 5008 iam
2051 4944 2086 5006 in
2099 4943 2160 5008 hac
2175 4945 2244 5008 vita

1263 5033 1400 5117 ingrcssi
1420 5039 1599 5113 coeperant
1620 5028 1738 5094 alacio
1755 5031 1822 5094 irae
1840 5031 2020 5094 maiestatis
2038 5028 2100 5093 Dei
2120 5051 2243 5113 poenas

1263 5119 1350 5183 dare.
1378 5116 1612 5200 Evangelicam
1625 5116 1857 5196 poenitentiam
1869 5115 2020 5180 videmus
2032 5117 2066 5177 in
2081 5117 2242 5194 omnibus,

1263 5205 1319 5288 qui
1339 5193 1472 5288 peceati
1486 5201 1598 5269 aculeo
1616 5200 1705 5284 apud
1725 5224 1762 5268 se
1779 5203 1967 5281 exulcerati,
1990 5200 2111 5267 fiducia
2132 5213 2244 5268 autem
