4672 5842
239 298 301 361 ors
884 287 1150 378 moranno
1172 289 1276 354 nnc.
1300 285 1481 352 omissi.
1509 291 1600 352 1559.
1911 256 1915 267 ’
2180 287 2244 350 oa

239 503 328 549 oriere
354 479 556 558 iniquitatum
581 482 720 559 partiunt,
749 481 777 539 et
805 477 920 539 iiderea
949 475 1072 538 uictrice
1096 474 1216 554 fiducia
1239 478 1242 489 '
1267 476 1322 556 qui
1354 495 1387 539 se
1421 475 1486 538 ideo
1518 475 1616 538 lucem
1647 474 1758 537 mundi
1791 474 1929 554 appellat
1961 473 2090 557 (Ioann.
2116 476 2145 550 8,
2178 473 2243 557 12).

239 569 394 664 emerpunt
421 584 520 661 supro
549 583 652 626 moerus
679 567 785 626 nidus.
840 560 928 641 Quod
959 566 1061 657 autem
1089 560 1216 658 obiectat
1269 559 1368 658 Stulte
1387 560 1481 623 etiam
1502 558 1541 707 alb
1562 581 1596 657 eo
1617 559 1999 710 &niffeigstiticgm
2015 561 2245 711 §aalma

237 650 760 816 ihhiiliiimbiiirhmehiimhhipliiie
770 646 1215 812 iristitnihmthngehmuheiiffl
1266 646 1633 814 hohcmiibnqhhnilihhiith’ic
1653 667 1811 797 emathiae
1832 667 2026 812 oiiinsauam,
2048 667 2163 797 solie
2181 730 2245 796 Dei

238 829 317 889 ueste
338 827 461 887 sanctos
490 822 591 899 uestit,
617 819 712 900 fatui
735 824 837 883 tanien
858 819 992 900 copitar,
1021 820 1088 882 sine
1109 838 1215 898 pecco
1267 817 1461 881 ordinatione
1484 818 1604 898 pordit.
1650 817 1686 880 Si
1708 820 1829 899 anpelis
1849 818 1942 881 libeat
1963 818 2031 882 Deo
2051 818 2241 899 satisfacere,

111 976 114 986 ,
238 914 339 975 torum
380 908 560 971 remissione
593 906 744 968 runiinem
778 904 902 986 placere
932 904 1008 968 Deo.
1066 904 1153 984 Quod
1184 905 1215 966 si
1266 902 1347 967 nihil
1369 901 1542 982 proficient,
1565 903 1725 982 quianon
1746 905 1882 968 suntad
1904 903 1957 967 hoc
1977 904 2133 968 destinati.
2179 903 2246 967 Ho

238 1014 344 1061 oerum
372 999 430 1070 est,
460 992 570 1057 saltem
596 991 734 1055 coricedat
762 990 930 1055 seamdum
957 993 1061 1053 ratam
1088 995 1215 1069 partem
1266 990 1346 1053 mirri
1368 993 1469 1052 aretem
1492 986 1614 1052 Christo
1642 989 1696 1052 hoc
1717 990 1876 1072 sinprdare
1902 989 1980 1070 suit,
2006 991 2061 1071 oui
2089 989 2149 1073 lapi
2162 989 2246 1053 ‘srib-

237 1080 456 1162 impmtotionis
478 1077 527 1161 (ut
548 1078 730 1160 mannitur)
755 1078 851 1140 instes
872 1076 987 1139 censeri
1010 1077 1066 1155 qui
1087 1097 1120 1138 re
1142 1076 1215 1154 ipso
1266 1076 1361 1140 uatus
1378 1079 1472 1138 estut
1491 1095 1545 1140 nos
1562 1096 1583 1137 a
1601 1075 1811 1140 maledictione
1827 1077 1904 1158 lepis
1921 1077 2090 1141 redimeret.
2136 1075 2246 1140 Nimis

237 1188 300 1232 non
321 1170 402 1229 sunt.
450 1165 611 1244 Quumque
636 1167 738 1227 autem
758 1161 894 1226 exundet
916 1165 1058 1242 peccator
1080 1167 1215 1241 accepta-
1265 1163 1360 1226 etiam
1387 1159 1521 1240 improbe
1549 1159 1758 1224 mluniniatur
1785 1183 1836 1225 eos
1863 1163 1918 1242 aui
1944 1167 2055 1245 nepam
2085 1160 2246 1226 Chridum

239 1254 352 1318 tiorum
383 1249 464 1314 hanc
494 1249 680 1332 protentam,
716 1268 796 1329 quae
828 1247 1015 1329 subropotur
1046 1247 1081 1310 in
1114 1248 1214 1311 locum
1266 1246 1435 1312 securnlum
1456 1246 1598 1310 diuinam
1621 1251 1767 1310 naturam
1788 1268 1853 1312 esse
1881 1247 1969 1311 riobis
1995 1248 2162 1327 inutilium,
2195 1268 2244 1312 re-

239 1336 404 1403 institiae?
435 1357 473 1400 ec
494 1335 619 1413 deunce,
654 1356 694 1397 arr
718 1355 756 1397 ec
777 1333 897 1397 urscia?
941 1332 1117 1415 Ambipuns
1141 1353 1214 1412 pro-
1267 1333 1406 1412 linquere
1432 1352 1528 1395 uriam
1557 1337 1677 1395 tacitum
1702 1339 1828 1414 portiom
1855 1335 1892 1398 de
1920 1332 2056 1410 Christo,
2090 1338 2119 1397 el
2137 1332 2244 1482 §arrad

103 1444 109 1451 ·
238 1425 314 1509 {ecto
335 1428 362 1487 et
384 1421 539 1486 caullans
563 1422 595 1484 in
615 1419 695 1483 hanc
716 1425 743 1484 et
765 1420 799 1482 in
816 1418 895 1482 ham
915 1424 1038 1499 portem
1056 1418 1213 1499 perulebil:
1266 1419 1402 1483 deterius
1419 1417 1477 1500 est)
1493 1419 1595 1498 t'aocm
1612 1418 1690 1483 duos
1706 1419 1792 1498 aas,
1810 1421 1895 1500 quia,
1913 1421 2122 1501 mulctentur
2173 1439 2245 1482 eum

239 1510 316 1592 auia
342 1528 402 1572 noir
434 1505 534 1571 licebit
566 1511 717 1588 quantum
749 1505 792 1569 ad
823 1504 974 1585 fiduciam
1007 1505 1215 1568 necessarium
1266 1504 1406 1567 habitare
1424 1505 1460 1567 in
1479 1504 1573 1582 rubis,
1597 1504 1763 1568 reclamant
1783 1511 1886 1569 tarsun
1904 1525 1963 1569 nori
1980 1526 2045 1569 esse
2066 1525 2123 1569 nos
2144 1506 2245 1569 iustos

239 1596 298 1661 erit
324 1593 462 1657 iustitiae
490 1592 551 1657 sibi
578 1613 706 1656 sumere.
750 1590 837 1654 Bene
858 1596 903 1655 ost
924 1591 1005 1670 quod
1026 1590 1121 1653 herim
1142 1610 1214 1653 cau
1267 1591 1388 1654 institia
1409 1588 1480 1653 Dei.
1518 1589 1625 1671 Neque
1646 1591 1779 1654 enimsi
1803 1591 1969 1669 Christum,
1992 1597 2142 1671 quotanus
2163 1611 2246 1654 mor·

238 1701 293 1746 sae
314 1701 374 1744 non
396 1685 440 1744 est
462 1677 585 1756 arbiter,
607 1680 663 1758 qui
685 1675 753 1740 Deo
774 1676 867 1759 lepem
889 1676 975 1740 vellet
991 1675 1212 1756 praescribere.
1265 1680 1325 1740 tem
1346 1676 1455 1751 subiit,
1486 1680 1519 1737 ut
1546 1677 1713 1741 destrueret
1738 1698 1808 1740 eum
1828 1677 1883 1758 nui
1905 1676 2032 1741 babebat
2053 1678 2164 1742 nurtis
2186 1678 2247 1740 im-

242 1765 404 1833 Cueterum
426 1765 507 1828 illud
528 1764 622 1829 stabit
646 1765 763 1845 haurn:
792 1767 826 1825 ut
848 1762 1027 1843 iustificeris
1048 1763 1082 1825 in
1103 1782 1214 1825 sernia
1263 1762 1389 1842 perium
1412 1759 1528 1843 (Hebr.
1549 1764 1583 1839 2,
1612 1762 1679 1845 14),
1708 1783 1853 1827 vocamus·
1880 1769 2018 1828 autorem
2046 1764 2141 1841 oilae,
2166 1784 2244 1843 pro-

238 1853 331 1918 nibus
357 1850 437 1928 tuis,
470 1855 497 1914 et
529 1852 637 1914 vincas
663 1870 759 1930 quum
785 1848 940 1913 iudicaris
965 1847 1066 1931 (Psoi
1092 1852 1141 1923 51,
1169 1848 1213 1931 6).
1266 1848 1353 1911 tinus
1372 1852 1467 1911 totum
1490 1848 1604 1926 ipsum,
1627 1853 1660 1911 ut
1681 1854 1726 1912 est
1744 1848 1831 1913 Deus
1851 1850 1886 1912 in
1905 1868 1997 1913 carrio
2013 1849 2243 1929 nioreifestatus,

243 1939 383 2021 Quartae
421 1941 525 2000 autem
563 1936 762 2019 arropantiae
800 1948 844 1998 est
875 1935 1027 1998 daninare
1057 1953 1215 1998 summum
1263 1933 1455 2015 fraudamus
1475 1931 1529 1996 hoc
1550 1933 1679 2013 honore,·
1702 1935 1756 1999 scd
1784 1940 1904 1999 tortum
1926 1935 2150 2018 distinpuimus
2171 1955 2244 2016 quo

239 2025 373 2089 iudicem
395 2043 492 2103 quum
510 2022 612 2106 pratis
634 2020 778 2097 absolvit,
808 2041 845 2082 ne
866 2020 966 2083 caleat
989 2019 1070 2084 illud
1090 2039 1215 2099 respon
1265 2021 1419 2084 modoad
1445 2039 1502 2082 nos
1523 2021 1685 2099 perveniat
1711 2021 1835 2084 iustitia
1857 2020 1935 2100 Dei,
1964 2026 1998 2082 ut
2024 2042 2060 2085 ea
2083 2021 2243 2102 sumatur.

239 2131 324 2176 sum:
346 2107 511 2172 miserebor
533 2109 621 2171 cuius
642 2105 831 2171 miserebor?
856 2104 1045 2190 (Exod33,
1070 2104 1131 2189 19).
1172 2103 1215 2167 Et
1267 2103 1309 2168 In
1330 2126 1388 2185 quo
1411 2105 1506 2168 nimis
1526 2105 1612 2186 foede
1633 2106 1744 2186 lapsus
1765 2111 1808 2170 ost
1834 2105 1995 2170 Osionder.
2042 2106 2151 2187 Neque
2173 2126 2243 2170 cero

238 2201 341 2261 hanun
371 2193 473 2258 Masis
499 2194 687 2271 intercessio,
721 2212 816 2272 quam
849 2191 906 2256 hac
934 2211 1001 2255 ooce
1033 2191 1215 2271 compescuit
1265 2211 1427 2273 nepamus,
1455 2191 1535 2271 quod
1556 2191 1642 2255 nobis
1663 2193 1699 2255 in
1721 2190 1842 2256 Christo
1863 2192 1977 2274 polam
1998 2197 2042 2256 est
2063 2191 2242 2268 exhibitum,

241 2281 344 2359 Deus,
372 2301 432 2344 non
458 2300 492 2343 eo
518 2280 655 2343 terniebat
674 2298 712 2343 ne
734 2279 785 2341 cni
801 2282 955 2358 parceret,
982 2277 1036 2341 sed
1057 2281 1091 2339 ut
1112 2296 1214 2341 omnes
1266 2275 1305 2339 ob
1326 2298 1447 2342 arcana
1469 2276 1532 2340 Dei
1554 2281 1582 2341 et
1601 2278 1709 2360 pratia
1730 2284 1758 2343 et
1779 2279 1890 2342 virtede
1911 2300 2057 2358 manare;
2089 2298 2185 2359 iream
2206 2278 2244 2342 de

235 2368 369 2449 pariter,
395 2365 507 2430 abolito
527 2371 624 2441 reatu,
651 2365 796 2445 quamvis
822 2364 944 2428 obnoxii
970 2364 1081 2444 culpae
1106 2368 1212 2440 essent,
1266 2383 1299 2425 eo
1316 2382 1496 2445 pupnamus
1517 2364 1596 2443 quin
1617 2365 1755 2442 iustitio,
1783 2384 1878 2444 otram
1900 2365 1987 2429 nobis
2011 2363 2156 2428 Christus
2177 2384 2245 2427 con·

240 2452 413 2518 absalomi
446 2451 495 2514 Ac
517 2471 571 2515 nos
592 2451 714 2531 quidone
735 2450 885 2528 dicimus,
909 2449 976 2514 ideo
997 2448 1128 2530 sepultis
1147 2468 1214 2527 pec·
1264 2447 1339 2528 sert,
1369 2449 1491 2512 institia
1512 2448 1576 2512 Dei
1596 2450 1650 2528 sit,
1680 2471 1758 2530 auae
1779 2450 1818 2513 ab
1840 2451 1908 2532 ipso
1929 2450 2159 2530 proficiscitur;
2190 2449 2245 2513 sed

239 2539 319 2605 cotis
337 2537 503 2618 iustificari
521 2557 623 2601 coram
641 2536 708 2601 Deo
722 2536 877 2617 perditos:
898 2537 977 2615 quia
995 2534 1043 2618 (ut
1054 2539 1215 2614 peccatum
1265 2539 1438 2598 commodo
1463 2534 1546 2599 illud
1573 2541 1722 2614 tenemus,
1752 2536 1839 2600 nobis
1860 2538 1895 2599 in
1916 2542 2010 2601 morte
2037 2541 2064 2600 et
2091 2554 2245 2599 resimeo

240 2624 309 2690 odio
341 2622 443 2707 habet)
480 2643 542 2687 non
575 2626 675 2704 potest
692 2642 814 2686 «aurare
846 2622 911 2686 nisi
948 2641 1025 2701 auos
1059 2619 1213 2700 iustificat.
1266 2621 1347 2685 tione
1371 2619 1488 2685 Christi
1514 2639 1579 2684 esse
1605 2622 1760 2685 iustitiam
1787 2627 1815 2684 et
1836 2623 1940 2686 vitam
1989 2621 2101 2687 Omitto
2121 2620 2244 2702 pudon-

243 2709 304 2776 Sat
332 2709 405 2773 haec
433 2714 476 2772 est
504 2707 660 2773 mirabilis
690 2707 882 2787 iustificandi
908 2708 1005 2784 ratio,
1032 2711 1067 2770 ut
1096 2704 1215 2770 Christi
1267 2706 1341 2770 darn
1363 2707 1451 2770 illam
1473 2707 1606 2771 bacarum
1627 2709 1812 2790 omiperiem,
1842 2729 1906 2789 aua
1927 2709 1995 2782 sine
2016 2708 2128 2772 delectu
2148 2711 2243 2787 atque

240 2797 364 2862 iustitia
386 2797 452 2860 tecti
474 2816 534 2860 reon
561 2793 742 2858 exhorreant
768 2793 921 2858 iudicium
942 2812 1001 2874 quo
1023 2792 1112 2874 dipri
1133 2795 1214 2869 sunt,
1266 2793 1362 2857 etiam
1380 2793 1449 2856 sine
1469 2793 1624 2870 communi
1643 2814 1737 2857 sensu
1757 2796 1897 2858 orimaoit
1918 2795 2048 2872 lectores,
2069 2791 2244 2874 ubicunque

240 2884 364 2950 etdum
386 2903 418 2946 se
439 2881 523 2963 ipsos
546 2881 653 2945 merito
674 2880 840 2958 damnant,
872 2879 950 2943 iusti
976 2883 1065 2942 eitra
1091 2897 1124 2942 se
1149 2896 1215 2941 cen·
1264 2878 1300 2959 fit
1327 2878 1466 2942 iustitiae
1492 2879 1617 2956 nuntio,
1646 2878 1751 2945 debere
1776 2879 1856 2944 hano
1882 2880 2073 2945 essentialem
2098 2878 2244 2961 intell-toi.

240 2973 376 3035 scantur.
1269 2962 1370 3028 Sicuti
1409 2963 1462 3026 ubi
1490 2964 1600 3029 Dauid
1632 2963 1696 3029 Dei
1735 2966 1890 3030 iustitiam
1924 2966 1966 3030 ad
2003 2965 2150 3047 feretrios
2181 2964 2245 3029 sibi

331 3056 378 3116 12.
424 3051 572 3116 Mormidi
594 3057 695 3115 tanim
716 3056 790 3115 sunt
811 3052 946 3128 ledones,
975 3054 1009 3113 ut
1038 3049 1081 3113 ad
1108 3053 1216 3130 myste-
1265 3051 1426 3132 suppetias
1453 3049 1612 3131 implorat,
1640 3072 1736 3132 ouum
1764 3052 1799 3115 id
1823 3052 1924 3134 saciet
1948 3052 2026 3134 plns
2052 3052 2176 3127 centieS,
2203 3055 2245 3115 tol

242 3141 342 3216 mum,
370 3138 450 3219 qnod
470 3157 503 3201 se
525 3138 596 3201 illos
616 3137 714 3201 celare
736 3137 814 3201 nolle
837 3138 946 3215 iactat,
979 3135 1085 3201 sedulo
1106 3135 1215 3198 adou-
1265 3137 1431 3200 sententias
1459 3155 1654 3217 eorrumpere
1679 3158 1741 3202 non
1769 3138 1890 3202 dubitat
1921 3137 2086 3203 Osionder.
2133 3135 2245 3200 Nihilo

242 3229 316 3290 tant.
368 3221 538 3304 Postquam
564 3224 647 3288 enim
674 3223 731 3287 diu
757 3228 784 3287 et
804 3222 930 3302 prolixe
957 3220 1121 3298 contendit,
1154 3241 1214 3284 non
1266 3223 1360 3286 etiam
1378 3221 1506 3302 [iunius
1527 3227 1570 3286 est
1591 3222 1672 3302 quod
1692 3223 1831 3302 anau,
1853 3224 2011 3288 iustitiam
2025 3224 2158 3304 proprie
2179 3223 2244 3287 dici

241 3309 309 3376 sola
338 3309 538 3390 imputatione
562 3310 703 3373 iustitiae
729 3307 848 3373 Christi
871 3327 926 3371 nos
952 3307 1092 3388 favorem
1116 3325 1214 3370 conse
1266 3312 1390 3372 otredo
1419 3327 1481 3388 quo
1502 3308 1641 3372 aelredo
1667 3309 1819 3392 aonidum
1841 3330 2011 3388 moremur,
2043 3309 2145 3374 solum
2172 3328 2243 3373 vero

240 3397 296 3479 aui
317 3394 404 3475 apud
426 3393 544 3472 Deum,
574 3394 650 3476 quia
672 3393 726 3458 hoc
748 3395 777 3457 ei
799 3392 989 3474 impossibile
1009 3397 1086 3458 esset
1104 3391 1215 3457 habere
1267 3390 1372 3458 Deum
1393 3395 1517 3473 operari
1538 3393 1573 3457 in
1600 3393 1688 3458 nobis
1715 3399 1742 3459 et
1769 3395 1843 3460 nelle
1869 3400 1896 3459 et
1917 3395 2068 3478 perticere
2090 3394 2192 3479 (Phil
2213 3397 2242 3471 2,

236 3503 298 3566 pro
320 3480 419 3544 'iustis
445 3481 501 3562 qui
530 3500 589 3544 non
616 3485 687 3544 sunt
714 3479 800 3562 (utor
834 3480 902 3543 uus
932 3478 1061 3562 verbis),
1092 3478 1215 3542 tamtem
1271 3480 1332 3562 13).
1379 3478 1486 3559 Neque
1517 3481 1600 3544 enim
1625 3501 1774 3564 nepanius
1800 3483 1876 3562 quiri
1903 3482 2045 3563 reformet
2071 3502 2128 3546 nos
2155 3480 2245 3544 Deus

242 3566 396 3634 concludit
415 3563 574 3629 Christum
596 3586 656 3629 non
678 3565 832 3630 humanae
853 3568 992 3644 naturae,
1014 3563 1069 3629 sed
1090 3564 1215 3628 dioirme
1266 3566 1383 3646 spiritu
1400 3585 1458 3629 suo
1476 3566 1511 3628 in
1528 3567 1608 3630 ortae
1625 3569 1818 3632 sanctitatem
1835 3574 1863 3631 et
1880 3567 2043 3646 iustitiam,
2065 3567 2121 3631 sed
2136 3568 2244 3648 primo

240 3657 378 3734 respectu
408 3650 517 3716 dotum
544 3651 631 3717 rubis
658 3671 721 3715 esse
748 3654 784 3714 in
811 3651 981 3730 iustitiam·
1013 3655 1040 3714 et
1072 3651 1216 3730 quamuis
1266 3651 1434 3716 videndum
1455 3655 1499 3715 est
1521 3651 1658 3732 facietne
1679 3652 1733 3718 hoo
1756 3674 1817 3736 per
1835 3674 1868 3717 se
1889 3653 2078 3731 immediate,
2108 3673 2150 3716 an
2171 3671 2242 3714 voro

241 3737 315 3804 haee
346 3757 407 3802 reon
432 3738 498 3802 nisi
525 3738 559 3800 in
582 3757 722 3818 persono
750 3737 929 3801 mediatoris
954 3736 1088 3816 reperiri
1116 3741 1215 3817 queat,
1262 3758 1324 3818 per
1340 3758 1469 3801 manum
1478 3737 1541 3818 tilii
1557 3739 1618 3816 sui,
1635 3759 1734 3818 penes
1750 3760 1839 3821 oriem
1857 3759 1975 3804 omnem
1991 3740 2127 3820 spiritus
2141 3738 2242 3800 soordi

242 3844 307 3890 esse
333 3830 436 3888 tannen
458 3844 518 3888 non
539 3822 675 3887 hominis
695 3823 750 3888 sed
771 3822 835 3887 Dei
856 3822 1018 3886 iustitiam.
1064 3821 1138 3885 Non
1159 3821 1216 3886 col-
1262 3823 1489 3905 plenitudinem
1510 3822 1662 3904 deposuit,
1685 3830 1719 3888 ut
1739 3846 1800 3889 sua
1821 3825 2015 3890 aburulantia
2036 3823 2243 3889 menbrorum

242 3910 267 3976 l‘
286 3916 320 3974 ot
346 3930 426 3974 riureo
452 3930 547 3977 suum
570 3909 749 3991 funiculum
776 3928 814 3972 eo
840 3908 964 3972 duobus
989 3908 1134 3986 iustitiis,
1161 3908 1216 3972 sed
1267 3910 1391 3991 inopiae
1412 3909 1594 3974 suboeniret.
1639 3910 1776 3990 Deirule,
1806 3913 1950 3993 quamvis
1971 3931 2009 3975 err
2028 3909 2139 3974 occulto
2160 3908 2244 3972 dioi-

238 3933 335 4079 siihne
372 3994 564 4076 iustificandi
599 3995 736 4076 officium
767 3994 879 4058 adimit
909 3994 1064 4058 humanae
1098 3991 1217 4057 Christi
1268 3996 1379 4059 nitatis
1399 3996 1482 4077 fonte
1497 3997 1630 4075 prodeat
1647 3997 1689 4060 od
1706 4018 1762 4062 nos
1784 3999 1916 4076 iustitia,
1940 4017 1999 4061 non
2017 4000 2119 4058 tamen
2140 3995 2244 4074 sequi-

241 4087 385 4147 naturoe.
433 4080 552 4161 Operae
577 4083 716 4163 pretium
744 4085 848 4144 autem
875 4085 919 4144 est
946 4086 1043 4145 tencre
1072 4101 1135 4161 oua
1165 4101 1218 4143 ra
1268 4086 1334 4159 tur,
1365 4080 1538 4160 Christum,
1568 4083 1623 4162 qui
1651 4084 1687 4146 in
1710 4103 1854 4148 carnoso
1879 4087 2008 4165 propter
2028 4101 2085 4146 nos
2105 4081 2245 4160 sarrctip‘-

243 4168 323 4233 tione
345 4172 470 4250 pupiet.
513 4166 641 4232 Dicitur
667 4167 769 4232 eodem
797 4166 859 4231 loeo
882 4164 1028 4231 Christus
1053 4168 1158 4248 foetus
1182 4166 1218 4228 in
1269 4169 1360 4244 oooit,
1383 4168 1551 4232 secuntum
1568 4168 1711 4232 dicionem
1728 4174 1876 4234 recturam
1893 4169 1980 4233 riobis
1996 4166 2153 4232 iustitiam
2171 4187 2244 4230 csse.

242 4273 281 4321 eu
310 4254 315 4265 '
367 4255 448 4318 iam:
475 4254 556 4334 qnod
582 4274 644 4318 non
672 4253 809 4318 coronenit
835 4252 900 4316 nisi
923 4258 1046 4317 murico
1073 4252 1217 4316 sermoni.
1260 4253 1343 4316 'Non
1359 4253 1464 4316 minus
1483 4253 1633 4335 frivolum
1650 4256 1790 4337 estquod
1807 4256 1942 4334 aehlucit,
1963 4253 2120 4320 Christum
2139 4255 2245 4335 ipsum

291 4360 330 4424 po
351 4359 404 4404 neo
428 4337 571 4404 Christus
591 4338 678 4403 lunio
696 4339 819 4403 iustitia
840 4342 891 4403 est.
939 4336 1126 4420 Respondeo,
1149 4338 1218 4400 uni
1269 4338 1378 4402 divina
1399 4340 1523 4404 iustitia
1542 4340 1645 4420 fuisse
1664 4342 1802 4406 iustum:
1828 4342 1904 4423 auio
1923 4341 1988 4406 nisi
2009 4360 2081 4405 eum
2102 4340 2245 4403 voluntas

239 4427 380 4512 peritum
400 4422 463 4489 Dei
488 4425 594 4505 fitium
615 4431 773 4490 aeternam
799 4422 923 4504 quidem
947 4424 1047 4504 [unse
1073 4425 1142 4488 eim
1167 4443 1218 4487 so·
1263 4426 1371 4506 patris
1391 4425 1579 4505 impulisset,
1601 4448 1639 4491 ne
1659 4426 1726 4509 ipse
1746 4428 1871 4508 onmem
1893 4428 2043 4491 iniunctis
2064 4426 2127 4491 sibi
2142 4425 2245 4506 porti

234 4513 402 4595 pientiam,
425 4512 479 4576 sed
499 4512 622 4577 divorso
642 4512 730 4575 modo
758 4530 867 4574 nomen
894 4508 948 4574 hoc
975 4510 1105 4574 attribui
1130 4511 1217 4592 apud
1269 4512 1327 4577 bus
1348 4511 1554 4593 sotisteoisset.
1601 4513 1687 4576 Nam
1715 4515 1773 4578 etsi
1801 4514 1879 4580 olibi
1907 4514 2022 4578 dictum
2048 4513 2112 4594 fuit
2139 4511 2245 4575 omina

243 4596 399 4675 Paulum,
430 4598 506 4679 auia
528 4599 654 4677 inipso
680 4596 829 4661 reconditi
856 4600 928 4660 sunt
950 4616 1053 4661 ornnes
1078 4594 1218 4660 thesauri
1272 4597 1391 4663 Christi
1415 4599 1517 4679 ipsius
1539 4600 1650 4663 merita
1673 4600 1771 4679 tinere
1798 4621 1836 4663 eu
1861 4619 1944 4664 mem
1966 4598 2030 4662 Dei
2052 4597 2244 4678 beneplacito,

240 4685 415 4766 sapientiae
442 4690 470 4748 et
496 4684 641 4748 scientiae
669 4681 752 4765 (Col.
773 4686 801 4759 2,
828 4680 871 4764 3).
918 4681 1005 4762 Quod
1030 4702 1101 4765 erpo
1130 4683 1217 4762 apud
1270 4683 1351 4748 nihil
1370 4683 1425 4748 hoo
1445 4690 1548 4749 tannen
1569 4686 1612 4749 ad
1628 4685 1820 4767 phantasma
1841 4708 1901 4767 quo
1917 4705 1991 4749 snos
2008 4690 2036 4750 et
2052 4682 2245 4766 simplicium

236 4774 361 4853 patrem
388 4769 530 4849 habebat,
564 4770 652 4834 nobis
685 4767 911 4848 manifestarit,
947 4774 974 4831 et
1005 4770 1049 4833 ita
1082 4789 1143 4831 non
1176 4769 1219 4832 od
1270 4770 1371 4835 oculos
1401 4771 1539 4853 fascinat
1573 4771 1735 4835 Osionder.
1783 4772 1862 4852 Quis
1892 4773 1975 4836 enim
2007 4771 2144 4854 oollipere
2171 4789 2246 4850 per-

240 4857 406 4920 esscntiam
435 4855 499 4935 filii
528 4855 605 4932 Dei,
640 4855 693 4920 sed
726 4854 768 4918 od
799 4873 892 4918 usum
918 4859 1058 4920 nostrum
1084 4853 1218 4935 retertur
1269 4856 1378 4935 mittat,
1402 4859 1479 4938 quia
1498 4856 1570 4938 foris
1591 4863 1617 4920 et
1633 4858 1831 4939 principium
1852 4857 1991 4923 iustitiae
2012 4862 2133 4920 nodroe
2156 4855 2245 4918 Deus

241 4940 322 5020 quod
348 4939 423 5004 dicit
452 4941 590 5019 Paulus,
619 4946 645 5004 et
672 4941 828 5004 liunmrme
852 4938 970 5004 Christi
999 4945 1131 5005 naturae
1158 4941 1218 5005 rite
1270 4947 1329 5020 est,
1351 4943 1555 5007 essentialiter
1572 4961 1628 5006 nos
1648 4962 1714 5007 esse
1734 4944 1846 5022 iustos,
1875 4944 2087 5008 etessentiam
2105 4942 2247 5006 iustitiae

242 5029 384 5104 aptatur:
416 5026 492 5106 quia
518 5028 575 5089 etsi
602 5026 659 5090 luo
685 5027 720 5090 in
751 5024 882 5090 ments
910 5025 1025 5090 lucebat
1053 5030 1218 5106 anteqnam
1271 5028 1335 5093 Dei
1356 5029 1390 5092 in
1410 5029 1498 5092 nobis
1518 5027 1681 5091 hahitare?
1722 5026 1763 5091 In
1784 5029 1965 5094 redimenda
1987 5027 2121 5105 mirsia,
2144 5027 2246 5109 inquit

182 5158 188 5171 .
243 5127 367 5173 carnem
395 5111 548 5188 indueret,
582 5118 648 5175 erat
680 5117 782 5176 tamen
815 5112 872 5176 lue
904 5108 1096 5190 abscondita,
1126 5112 1219 5179 donee
1272 5113 1399 5178 lesoias
1420 5116 1492 5199 (59,
1520 5113 1587 5195 17),
1614 5112 1702 5176 Deus
1729 5114 1883 5178 iustitiam
1906 5134 1998 5179 suom
2023 5114 2129 5178 induit
2152 5113 2246 5195 quasi

236 5194 361 5278 prodiit
381 5197 464 5263 mem
483 5194 627 5262 Christus
648 5198 683 5261 in
702 5202 817 5262 rmtura
837 5195 981 5275 luminis,
1005 5199 1050 5262 sol
1070 5199 1218 5279 iustiliae,
1272 5200 1409 5266 loricam
1454 5198 1509 5262 Au
1536 5203 1570 5262 ut
1593 5196 1752 5264 Christum
1774 5202 1875 5264 aronis
1901 5200 2061 5283 spoliaret,
2090 5221 2171 5283 auae
2197 5199 2249 5264 de-
