4672 5842
233 331 272 394 51
877 321 1144 426 INS'ffl'U'HO
1164 323 1269 389 Rau.
1291 320 1473 389 auulsa.
1498 325 1590 387 1559.
2195 320 2238 383 52

233 521 263 593 2,
285 519 340 601 12)
360 517 427 583 5155
448 515 517 580 1155
535 516 637 597 tuisse
655 514 839 594 pronuntiat
859 512 1026 593 1151555155,
1054 511 1146 576 donea
1172 532 1211 575 ea
1261 510 1392 594 quidem
1414 511 1536 576 talibus
1558 501 1764 594 5555155555
1787 510 1843 575 sed
1865 510 1907 575 ad
1928 510 2019 573 illam
2040 509 2238 591 perspicien-

233 603 387 687 ananqclio
418 601 599 667 didicissent
629 601 706 681 quid
733 605 810 664 esset
836 619 943 663 cuum
971 598 1076 663 Deum
1108 598 1210 662 colere
1263 597 1339 661 dam
1360 619 1426 662 non
1449 618 1519 662 esse
1541 597 1635 662 nobis
1656 597 1778 673 oculos,
1801 598 1863 660 nisi
1885 596 2039 660 interiore
2058 595 2123 658 Dei
2144 615 2238 659 reve·

235 690 345 771 Neque
364 688 419 752 155
440 687 614 770 adpetitam
635 706 733 753 uuam
749 686 902 749 duntaxat
923 686 1107 766 restrinqere
1123 703 1211 764 opor-
1261 683 1383 749 1511555
1404 705 1463 765 per
1484 682 1583 747 fidem
1604 683 1839 747 illuminentur.
1885 682 1998 764 Neque
2019 680 2158 755 Paulus,
2180 678 2238 744 ubi

233 781 286 852 151,
309 795 405 856 quum
425 773 608 856 pertualiter
629 772 706 835 alibi
728 771 838 851 (Rom.
860 774 887 847 1,
907 770 964 853 21)
986 775 1117 847 5555551,
1140 790 1209 834 555-
1261 769 1364 833 tradit
1385 770 1494 852 (Rom.
1518 774 1544 845 1,
1563 769 1617 851 19)
1638 769 1786 851 patefieri
1807 768 1893 851 quod
1911 764 2170 851 cognoscendum
2188 773 2240 830 est

232 862 340 926 nuisse
367 865 489 926 cunctos
515 858 660 922 mortales
692 858 727 920 iu
754 859 824 920 suis
849 854 1097 938 capitationibus,
1127 859 1211 936 post·
1262 854 1302 919 de
1323 857 1396 920 Deo
1418 877 1459 919 ex
1481 854 1597 919 mundi
1617 854 1794 932 creatione,
1820 854 1920 918 talem
1941 852 2239 918 manifestationem

196 960 199 965 '
232 967 328 1028 55551
354 947 389 1009 iu
416 945 527 1010 555511
554 944 676 1025 1555155
704 943 769 1006 illis
791 943 949 1023 patefacta
975 943 1211 1006 5515551515
1262 940 1412 1023 designat
1433 962 1515 1023 quac
1534 940 1704 1004 hominum
1717 941 1916 1025 perspicacia
1927 938 2237 1021 comprehenderam

232 1033 389 1097 maiestas.
419 1030 553 1111 Ideoque
574 1031 730 1110 scriptura
753 1027 852 1109 (Hab.
873 1032 902 1105 2,
925 1027 1063 1110 18555.)
1085 1031 1209 1090 utrem
1262 1029 1340 1109 quin
1368 1027 1475 1109 potius
1503 1048 1576 1090 eam
1603 1025 1746 1091 ostendit
1773 1049 1838 1090 non
1865 1026 1953 1089 viltra
1978 1023 2151 1108 proaedere
2173 1024 2239 1089 nisi

233 1116 725 1196 51551551155155551155151,
754 1115 909 1195 quidquid
936 1114 1113 1177 ‹livinitatis
1133 1114 1210 1177 olim
1260 1122 1300 1177 ut
1328 1112 1508 1177 reddantur
1534 1111 1780 1177 inexcusabiles.
1824 1112 1916 1186 Idem
1938 1132 2078 1194 queque,
2108 1110 2240 1175 15555151

232 1205 415 1269 celebratum
445 1204 508 1284 11111
540 1204 620 1264 irater
648 1205 763 1283 qantos,
803 1201 956 1281 1515115115
994 1205 1022 1263 51
1055 1198 1210 1262 1555115511
1262 1198 1379 1264 5115551
1408 1199 1494 1282 (Act.
1518 1202 1570 1275 11,
1591 1198 1648 1282 21)
1676 1206 1775 1281 negat
1795 1199 1904 1263 Deum
1931 1197 2045 1280 procul
2071 1197 2239 1279 vestigan-

235 1291 383 1365 damnat,
416 1308 468 1351 555
500 1288 601 1351 sillum
633 1307 745 1349 numer
779 1287 925 1367 relinquit
956 1287 1022 1349 nisi
1050 1287 1084 1348 iu
1111 1290 1210 1349 monte
1262 1284 1354 1362 dum,
1382 1292 1495 1367 utpote
1520 1286 1577 1367 qui
1598 1286 1684 1348 intra
1707 1306 1767 1348 nos
1789 1285 1928 1361 habitet,
1957 1282 2020 1347 alio
2042 1290 2151 1346 155155
2169 1282 2240 1347 1555

236 1372 981 1455 8155,51155551155155155151115155551115.
1024 1369 1109 1435 Certe
1133 1371 1210 1433 litter
1262 1368 1355 1435 docet
1371 1392 1525 1452 quorsum
1537 1371 1646 1435 valeat
1661 1371 1816 1451 eiusmodi
1828 1369 2067 1453 propinquitas:
2091 1369 2127 1432 15
2143 1390 2240 1451 prae·

231 1460 358 1545 qeutiles
382 1457 499 1523 Christi
521 1464 617 1523 551515
642 1460 785 1539 quocirca
809 1459 851 1521 ad
871 1478 977 1521 aaroni
994 1458 1140 1540 pietatcm
1162 1475 1210 1519 55
1261 1458 1376 1533 terit-is,
1399 1457 1506 1539 inquit
1528 1457 1619 1539 (ibid.
1645 1461 1692 1534 14,
1712 1454 2068 1540 lb),·gcne1ationibus
2090 1454 2241 1537 permisit

234 1547 336 1612 5511555
367 1546 429 1609 515-1
456 1551 529 1608 sunt
558 1544 752 1623 Samaritae;
784 1544 934 1607 oredimus
966 1549 1067 1606 155155
1094 1564 1132 1606 aa
1159 1562 1210 1606 ore
1261 1544 1426 1609 Dominus
1443 1552 1558 1627 gentes
1576 1542 1704 1627 ingredi
1727 1543 1790 1607 viis
1808 1543 1891 1617 suis,
1914 1563 1978 1605 non
1997 1548 2108 1604 tamen
2131 1562 2166 1604 se
2187 1541 2240 1623 ip-

237 1632 354 1698 Olristi
372 1631 499 1713 (Ι5555.
519 1639 549 1707 1,
569 1630 625 1713 22)
648 1652 698 1694 555
718 1631 849 1693 accesisse
869 1630 946 1709 quid
964 1631 1108 1708 marest·
1129 1629 1211 1692 irride
1262 1651 1335 1694 sum
1348 1629 1419 1692 sine
1432 1630 1618 1694 testimonio
1631 1629 1771 1709 reliquit,
1786 1628 2020 1693 benefaciense
2038 1626 2136 1702 55515,
2155 1625 2239 1690 daus

234 1720 386 1799 55551155,
408 1738 487 1780 carto
509 1738 610 1781 555555
630 1716 729 1796 fuisse
748 1715 879 1781 delusos.
923 1715 1066 1796 Detiquc
1088 1714 1217 1779 51155551
1261 1716 1389 1797 pluvias
1417 1723 1450 1780 51
1476 1724 1624 1798 tempora
1643 1715 1829 1797 Ι1555111555,
1853 1712 1993 1797 implens
2021 1712 2091 1778 cibo
2117 1722 2152 1777 51
2172 1711 2240 1776 lae-

234 1824 294 1867 non
315 1823 418 1866 amices
440 1803 647 1867 laboraverint
675 1803 794 1865 crassis
823 1802 925 1878 511115,
954 1807 1009 1866 aut
1030 1804 1063 1865 in
1086 1805 1212 1883 apertas
1264 1804 1337 1866 11115
1358 1802 1454 1867 corda
1478 1802 1656 1865 hominum.
1696 1800 1870 1881 Utcunque
1893 1821 1970 1882 ergo
1993 1821 2060 1862 non
2082 1797 2241 1862 (15511155-

234 1889 430 1953 idololatrias
456 1889 604 1970 prolapsi
631 1889 710 1964 sint,
744 1887 832 1951 nialla
859 1892 958 1951 155555
982 1909 1068 1968 pura
1091 1894 1118 1951 rt
1138 1906 1213 1969 pro-
1264 1900 1318 1952 tur
1341 1889 1527 1952 testimonio
1547 1887 1725 1962 Dominus,
1750 1885 1827 1949 dum
1850 1886 1993 1967 plurima
2015 1895 2049 1949 51
2069 1885 2162 1948 varia
2183 1884 2240 1948 be·

234 1974 519 2056 151515115511515
545 1994 624 2055 quae
651 1978 771 2037 tacitum
796 1975 829 2037 in
852 1976 1006 2037 5551551551
1028 1994 1120 2037 sensu
1140 1974 1212 2053 155-
1264 1975 1427 2058 nignitate
1450 1974 1597 2037 homincs
1620 1974 1654 2035 15
1676 1973 1726 2036 551
1740 1973 1959 2055 cognitionem
1972 1972 2117 2035 suaviter
2129 1969 2241 2047 allicit,

234 2060 311 2125 data
336 2065 420 2124 essct.
473 2061 624 2138 Quameis
650 2059 732 2122 55155
754 2061 854 2140 pacui
883 2060 1014 2140 quidam
1040 2080 1100 2123 nore
1128 2060 1214 2121 1555-
1264 2062 1335 2127 vias
1357 2070 1467 2124 155555
1490 2081 1574 2133 suas,
1600 2059 1660 2122 hoa
1680 2068 1730 2122 551
1751 2057 1899 2122 exitiales
1910 2078 2046 2134 errores,
2070 2064 2245 2140 propterea

234 2146 351 2210 niariut
379 2146 575 2228 5115555155,
605 2151 706 2209 mactat
734 2151 837 2208 tamen
861 2145 929 2216 1155
953 2145 1051 2210 Pauli
1073 2145 1213 2209 doctrina
1265 2147 1356 2228 sequi
1381 2167 1446 2210 non
1470 2145 1632 2209 desinunt

236 2231 268 2315 (1
291 2230 775 2313 055.2,8);55555555155111
797 2231 1105 2312 555155115511515
1120 2231 1214 2313 5515-
1355 2237 1401 2295 15,
1448 2229 1645 2311 Quanquam
1678 2239 1788 2293 autem
1825 2230 1968 2293 naturali
2000 2228 2153 2293 tltcultate
2185 2226 2243 2291 da·

235 2315 357 2398 cipibus
383 2317 492 2379 1515511
518 2316 621 2380 liniris.
669 2318 757 2396 Quod
782 2318 812 2381 si
833 2317 1080 2382 5555115511551551
1102 2317 1214 2397 quique
1266 2320 1403 2396 ficimur,
1427 2317 1600 2400 quominus
1621 2315 1663 2380 ad
1681 2337 1798 2398 puram
1820 2336 1922 2397 usque
1944 2324 1976 2379 51
1999 2312 2156 2396 liquidam
2177 2314 2244 2383 Dei

236 2404 272 2466 iu
293 2402 423 2466 15555515
444 2408 604 2482 ararica,
632 2403 710 2483 quid
735 2402 1215 2484 1515511515515115551515
1266 2405 1486 2489 cognitionem
1510 2402 1726 2468 conscendere
1748 2402 1853 2478 115551,
1877 2402 1953 2483 5515
1974 2409 2085 2464 tamen
2107 2399 2244 2464 hebetu-

236 2488 319 2552 erit?
365 2488 468 2568 Qicare
494 2488 577 2552 nilul
604 2491 721 2551 rutrum
748 2491 779 2552 si
806 2488 907 2552 551155
930 2510 1033 2553 emices
1054 2488 1215 2553 bominum
1267 2492 1351 2556 dinis
1370 2490 1488 2554 vitium
1507 2489 1593 2552 intra
1615 2509 1676 2552 nos
1698 2496 1756 2565 est,
1778 2488 1925 2571 praecisa
1947 2495 1997 2551 cst
2017 2487 2124 2551 omnis
2140 2486 2244 2569 tergi·

237 2568 367 2638 arbitrio
395 2575 575 2655 eatooqitatos
602 2579 751 2654 15555551
778 2574 937 2657 5155555555
959 2575 1099 2656 repudiet
1120 2574 1215 2656 spiri·
1266 2578 1414 2642 versatio.
1441 2576 1554 2657 Neque
1565 2574 1653 2638 enim
1666 2574 1884 2657 ignorantiam
1895 2574 1941 2637 sic
1952 2582 2142 2655 praetexere
2156 2571 2243 2649 licet,

237 2665 289 2724 tus
315 2664 456 2724 5555155·
484 2660 560 2741 quia
587 2660 619 2722 in
642 2660 818 2724 udastibics
844 2662 1001 2739 5155155115
1027 2661 1132 2742 opinio
1159 2660 1215 2722 15-
1266 2664 1345 2746 5515
1372 2682 1500 2744 semper
1527 2669 1560 2726 ct
1586 2661 1737 2744 ignaviae
1765 2670 1798 2723 ct
1819 2657 2068 2741 ingratitudinis
2089 2658 2142 2724 vel
2164 2679 2244 2723 con·

237 2746 376 2809 mistos
404 2751 557 2827 55555515,
586 2747 642 2809 5151
671 2768 730 2810 555
757 2767 876 2828 suuper
902 2767 1053 2829 nuquam
1075 2766 1215 2810 errorum
1267 2750 1402 2815 scientia
1423 2748 1493 2831 ipsa
1516 2768 1582 2824 nos·
1599 2747 1778 2812 convineat.
1806 2745 1917 2828 Digna
1940 2745 2063 2809 scilicet
2084 2765 2166 2826 quae
2184 2742 2245 2807 ad·

237 2833 408 2914 cotaperiam
422 2833 549 2913 555151,
579 2834 695 2896 erroris
716 2837 817 2896 tamen
839 2837 883 2897 est
909 2838 1014 2897 515155.
1057 2832 1161 2912 Atque
1181 2835 1216 2894 ut
1265 2837 1417 2899 mittatur
1439 2833 1598 2912 defensio,
1622 2833 1649 2896 si
1671 2831 1767 2896 homo
1789 2829 1831 2894 ad
1852 2830 2048 2895 audiendam
2069 2831 2246 2894 veritatem

236 2917 319 2982 nibil
339 2918 475 2981 (15155155
496 2919 632 2993 accedat,
660 2918 715 2982 boa
740 2922 841 2981 tomen
863 2919 975 2982 5111551
995 2918 1140 2982 5551555
1160 2922 1213 2995 551,
1266 2942 1361 2986 aures
1389 2920 1450 2985 sibi
1480 2918 1621 2984 (15151555
1642 2916 1810 2993 obtendat,
1839 2915 2001 2998 adquam
2023 2914 2245 2980 enarrandam

234 3004 363 3085 fortuito
390 3004 522 3068 odorare
548 3003 654 3067 Deum
676 3004 881 3085 iumentum
912 3006 1003 3068 acius
1034 3008 1136 3068 tamen
1167 3002 1216 3067 rei
1266 3014 1445 3090 suppetunt
1465 3005 1566 3069 mutis
1588 3004 1746 3069 creaturis
1764 3003 1840 3085 plus
1858 3024 1955 3086 quam
1978 3022 2114 3066 canorae
2133 3021 2245 3079 voaes;

235 3088 332 3184 fiunt·
350 3084 470 3152 Christi
501 3109 551 3153 ore
584 3088 768 3172 (155551,
793 3089 850 3173 22)
883 3091 1055 3171 quicunque
1087 3111 1124 3154 aa
1153 3090 1216 3172 leqe
1266 3095 1294 3159 51
1322 3092 1423 3158 555115
1451 3112 1487 3155 se
1513 3112 1580 3155 non
1607 3111 1701 3173 posse
1729 3088 1840 3153 videre
1862 3100 2028 3163 55555155,
2057 3086 2144 3171 quod
2171 3086 2246 3151 sine

238 3174 419 3238 5515511555
446 3179 519 3237 5551
539 3195 628 3255 quem
649 3174 754 3239 Deum
774 3175 869 3240 551555
889 3181 1031 3259 oporteat.
1073 3175 1216 3240 11155515
1266 3179 1368 3245 oculis
1397 3186 1566 3244 creaturae
1597 3175 1824 3240 demonstrant
1831 3199 1839 3254 ;
1872 3176 1900 3239 si
1927 3174 2048 3239 mentis
2073 3172 2245 3238 imbecilli-

237 3280 298 3323 nou
330 3259 451 3342 lonqius
477 3262 638 3343 proqrassi
665 3266 738 3324 5551
764 3262 819 3341 qui
846 3263 957 3342 optimi
977 3262 1106 3343 fuerunt
1126 3261 1215 3344 lepis-
1266 3272 1368 3330 tatem
1395 3271 1543 3343 excuset,
1576 3262 1633 3327 ubi
1666 3283 1780 3326 omnes
1813 3262 1884 3325 sine
1917 3260 2043 3325 ratione
2075 3270 2246 3325 crastinae

237 3344 362 3423 1515555,
397 3365 492 3426 quam
523 3352 559 3409 ut
592 3347 628 3409 iu
653 3346 952 3428 publiooeoiuansu
978 3348 1113 3430 lucidata
1139 3350 1216 3412 esset
1266 3351 1429 3417 crudiunt
1474 3348 1585 3430 Quare
1617 3349 1706 3412 omni
1732 3368 1866 3431 prorsus
1891 3347 2098 3412 excusatione
2124 3345 2246 3409 meritc

236 3431 356 3513 reliqio.
400 3432 484 3512 stin
505 3433 599 3495 511551
624 3432 712 3513 apud
732 3431 959 3515 Xenophontem
978 3435 1088 3499 1511151
1106 3433 1216 3498 Socra-
1265 3437 1479 3513 excludimur,
1501 3434 1588 3518 quod
1604 3435 1680 3518 vagi
1698 3444 1731 3498 ct
1748 3433 1897 3516 palantes
1915 3433 2118 3510 aberramus,
2140 3452 2247 3513 quum

238 3522 283 3581 tas
304 3516 465 3597 Apollinis
486 3538 676 3599 respersum,
698 3538 758 3599 quo
773 3521 931 3600 555555511
948 3526 983 3583 ut
1004 3521 1134 3601 quisque
1149 3521 1215 3583 ritu
1265 3523 1376 3588 omnia
1396 3528 1520 3587 rectam
1543 3521 1630 3586 viam
1653 3519 1884 3584 demonstrent.
1913 3517 1982 3584 Sed
2003 3518 2101 3595 enim,
2123 3525 2246 3582 utcun-

234 3603 341 3685 patrio
373 3606 400 3665 et
431 3623 492 3685 pro
524 3604 613 3669 urbis
644 3624 721 3669 suae
751 3606 967 3670 cmsududiue
997 3607 1068 3671 deos
1100 3607 1214 3670 coleret
1265 3631 1329 3692 555
1362 3608 1532 3673 hominum
1560 3607 1640 3672 vitio
1669 3604 1897 3687 imputandum
1926 3606 1982 3683 sit,
2016 3603 2103 3686 quod
2129 3624 2246 3667 semen

246 3687 332 3755 Unde
353 3694 455 3753 autem
472 3688 526 3753 lsoc
543 3691 596 3753 ius
611 3691 801 3769 5551511555,
823 3698 858 3755 ut
877 3712 938 3755 555
959 3694 1121 3757 autoritate
1142 3692 1215 3772 defi·
1265 3696 1400 3760 55111155
1421 3695 1500 3771 Dei,
1529 3713 1570 3757 ex
1598 3691 1740 3755 mirabili
1762 3699 1899 3755 naturae
1921 3691 2058 3755 artifieio
2079 3688 2247 3755 mentibus

239 3775 429 3855 5155155551
450 3776 601 3840 muudum
623 3777 708 3859 15555
724 3778 873 3857 superat?
893 3779 941 3842 551
962 3779 1033 3858 5515
1053 3779 1098 3842 ita
1118 3780 1215 3843 maio
1266 3782 1334 3847 suis
1366 3781 1564 3862 inspersum,
1597 3799 1675 3842 mox
1704 3787 1932 3858 corrumpunt,
1966 3797 2008 3840 ne
2041 3774 2083 3839 ad
2113 3775 2248 3858 frugem

161 3862 166 3879 ‘
239 3881 312 3924 rum
333 3859 478 3942 51551115,
508 3863 555 3926 551
570 3861 683 3943 populi
708 3863 796 3927 scitis
822 3865 1010 3945 acquiescere
1027 3865 1153 3946 potuit,
1180 3868 1216 3926 ut
1265 3867 1385 3932 bonam
1418 3888 1456 3931 aa
1489 3866 1648 3930 sinceram
1674 3863 1858 3945 pervoniat,
1891 3863 2098 3933 verissimam
2130 3868 2248 3925 155155

239 3946 345 4010 Deum
371 3946 485 4028 absque
508 3947 697 4012 dubitatione
717 3951 848 4029 55515151
868 3949 1049 4014 1555551155
1070 3949 1131 4013 5151
1152 3955 1215 4013 tra·
1267 3961 1331 4029 est,
1365 3950 1455 4016 nuda
1479 3952 1544 4015 ista
1571 3959 1604 4014 51
1631 3949 1769 4031 simplici
1798 3949 2040 4026 testificatione,
2067 3968 2150 4029 quae
2178 3947 2248 4011 Dei

237 4032 362 4095 ditum?
407 4031 517 4096 Potius
543 4035 661 4098 iraditio
687 4036 817 4116 quisque
844 4055 901 4100 555
929 4036 1036 4115 515511,
1064 4056 1159 4116 55555
1183 4056 1217 4099 55
1268 4038 1390 4122 gloriae
1416 4058 1436 4100 a
1463 4037 1621 4101 creaturis
1647 4036 1821 4119 magnifice
1845 4033 2007 4112 redditur,
2039 4054 2248 4116 nequaquam

237 4117 339 4182 alieno
359 4117 491 4204 arbitrio
517 4119 666 4184 subiiciet
713 4120 816 4201 (15551
844 4141 914 4204 erqo
935 4123 1034 4186 nimis
1054 4122 1216 4202 infirmum
1268 4145 1329 4188 nos
1359 4123 1559 4188 sufficienter
1585 4119 1717 4187 erudiri.
1763 4119 1872 4185 Simul
1900 4121 1987 4185 enim
2015 4141 2053 4185 ac
2079 4118 2248 4185 modicum

238 4223 276 4268 aa
295 4203 411 4286 fraqile
431 4206 473 4268 sit
487 4206 618 4285 pietatis
638 4207 811 4285 5155511155,
844 4208 889 4272 551
917 4208 1006 4271 urbis
1026 4208 1217 4272 5515551511-
1268 4210 1449 4274 divinitatis
1484 4216 1617 4292 gustum
1650 4230 1692 4272 ex
1724 4206 1840 4271 mundi
1872 4206 2093 4289 speculatione
2121 4204 2248 4269 debba-

237 4309 316 4368 5551,
338 4290 385 4353 551
406 4291 603 4372 antiquitatis
624 4311 803 4357 5555515551
830 4295 865 4356 15
886 4294 1006 4358 55155115
1028 4293 1096 4357 1155
1117 4294 1215 4374 sequi,
1267 4297 1390 4373 vimus,
1418 4315 1496 4358 vero
1517 4295 1589 4359 Dec
1611 4294 1857 4377 praetermisso,
1880 4294 1950 4357 eius
1971 4292 2042 4359 loco
2063 4293 2190 4356 somnia
2211 4298 2250 4355 et

238 4380 334 4440 restat
353 4381 388 4438 ut
408 4376 446 4441 de
464 4397 498 4441 55
519 4381 642 4441 testetur
662 4399 678 4441 5
699 4379 777 4442 55515
798 4379 865 4460 ipse
886 4379 984 4444 Deus.
1268 4392 1397 4465 spectra
1428 4381 1552 4446 cerebri
1585 4380 1689 4445 nostri
1721 4380 1892 4463 erigimus;
1932 4399 1968 4444 aa
1999 4377 2158 4456 iustitiae,
2190 4397 2248 4442 sa-

329 4465 377 4526 14.
421 4463 512 4545 Ergo
533 4462 655 4528 frustra
680 4465 774 4530 nobis
802 4465 837 4528 in
864 4464 979 4528 mundi
1000 4465 1128 4547 opificio
1150 4464 1215 4530 col·
1267 4467 1425 4550 pientiae,
1453 4466 1624 4541 bonitatis,
1652 4467 1817 4550 potentiae
1844 4464 1974 4530 laudem
2002 4464 2041 4529 ab
2068 4463 2249 4546 1555151515

238 4546 351 4644 lucent
371 4556 420 4611 tot
442 4569 602 4614 accensae*
616 4549 784 4631 lampades
810 4549 852 4614 ad
874 4550 1103 4615 illustrandam
1122 4558 1215 4615 auto-
1267 4551 1327 4618 tua
1347 4558 1376 4617 et
1396 4552 1472 4617 illuc
1492 4553 1693 4618 tractreimus.
1729 4549 1931 4631 Quotidiano
1951 4573 2047 4634 porro
2069 4550 2139 4614 eius
2156 4550 2249 4615 faeta

239 4652 285 4729 ris
299 4632 450 4714 gloriam:
469 4657 552 4717 quae
563 4637 609 4701 sic
626 4657 686 4701 nos
703 4635 846 4719 undique
863 4635 1032 4715 irradiant,
1051 4644 1089 4700 ut
1105 4648 1215 4700 tamen
1267 4640 1315 4703 ita
1332 4648 1390 4703 aut
1407 4639 1618 4705 obscuramus
1637 4649 1694 4703 551
1710 4637 1905 4701 invertimus
1918 4659 2018 4719 prave
2030 4633 2247 4713 aestimando,

239 4738 275 4779 1n
289 4725 412 4782 rectam
424 4721 514 4784 viam
535 4743 594 4803 per
611 4743 646 4786 se
662 4744 868 4805 nequaquam
885 4722 1012 4805 possint
1027 4722 1214 4805 perducere.
1267 4734 1305 4790 ut
1327 4735 1361 4790 et
1380 4746 1474 4790 suam
1496 4725 1561 4790 illis
1583 4724 1735 4808 gloriam,
1765 4732 1799 4787 et
1821 4725 1926 4787 autori
1948 4722 2091 4788 debitam
2112 4720 2248 4787 laudam

239 4800 286 4865 Et
306 4803 463 4869 scintillas
484 4817 571 4871 certe
593 4808 750 4890 quasdam
770 4808 928 4886 excitant3
957 4808 1015 4873 sed
1035 4830 1117 4891 quae
1139 4816 1216 4872 ante
1267 4812 1512 4895 praeripiamus.

263 4887 468 4953 raefocantur
499 4911 596 4972 quam
627 4892 807 4975 pleniorem
840 4894 1013 4960 effundant
1043 4894 1214 4977 fulgorem.

298 4973 463 5063 amobrem
491 4978 672 5058 apostolus,
697 5001 736 5044 eo
762 4981 834 5065 ipso
853 4980 923 5045 loco
942 4981 999 5045 551
1021 4979 1216 5045 555551551-

240 5057 386 5156 malaura
402 5072 497 5124 vocat
517 5064 991 5150 5555511551515111515111555.
1014 5071 1062 5144 ll,
1082 5065 1116 5152 3)
1139 5066 1217 5132 sub-

239 5154 364 5228 iungit,
396 5166 457 5228 per
484 5146 582 5211 fidem
611 5148 751 5233 intelligi
777 5173 848 5217 essa
874 5153 974 5218 verbo
995 5152 1060 5217 Dei
1087 5160 1199 5237 aptata
1206 5175 1215 5231 ;

238 5231 289 5296 ita
310 5231 508 5316 significum,
531 5232 729 5300 invisibilem
750 5236 956 5303 divimtatem
977 5238 1217 5322 repraesentari
