4672 5842
99 303 140 362 21
716 298 983 364 PRAEFATIO
1005 300 1070 365 AD
1093 300 1261 367 REGEM
1281 302 1501 369 GALLIAE.
2074 311 2119 373 22

97 487 236 573 pedire?
265 494 303 553 ut
323 486 354 551 si
373 507 464 551 nnnc
484 494 596 570 patres
617 489 825 574 suscitentur,
849 495 882 553 et
897 487 1086 553 huiusmodi
1137 490 1260 555 cituum
1300 493 1624 570 sanctificaverimus,
1670 513 1737 558 non
1775 495 1872 560 valde
1910 496 2116 561 terrebimur.

99 600 257 683 iurgandi
279 607 384 665 artem
407 598 544 664 audiant
570 620 671 682 quam
697 600 933 682 speculativam
957 600 1084 664 theolo-
1137 599 1217 667 Sive
1249 603 1336 667 enim
1369 605 1404 667 in
1436 603 1580 667 similem
1617 604 1820 688 impietatem
1850 607 1973 672 multa·
1986 608 2117 673 saecula

99 711 192 796 giam
220 710 390 794 appellant
415 711 485 788 isti,
514 711 598 775 nihil
622 710 734 777 minus
762 711 898 776 erodant
920 732 1018 795 quam
1041 711 1082 777 de
1135 716 1371 789 consenserint,
1399 715 1492 779 fortis
1521 726 1571 779 est
1598 717 1652 797 qui
1675 716 1835 781 ultionem
1861 720 1895 783 in
1923 721 2054 783 tertiam
2082 727 2117 784 et

69 824 177 899 ‚Dee
215 822 330 888 haberi
364 822 627 906 disputationem.
682 824 812 888 Verum
847 823 947 889 latius
986 825 1082 893 iustis
1135 834 1285 906 quartam
1303 827 1549 909 generationem
1569 828 1682 906 faeiat;
1705 828 1774 892 sive
1796 837 1883 894 tetus
1905 830 2003 895 simul
2025 831 2113 896 orbis

39 948 45 961 '
101 935 219 1019 spatiis
248 956 320 1000 sese
353 934 457 998 oratio
484 942 598 999 nostra
626 934 823 1013 abluderet,
853 936 881 999 si
910 957 1081 1001 recensere
1134 936 1169 999 in
1191 935 1329 1001 eandem
1351 938 1530 1019 nequitiam
1551 940 1727 1020 conspiret,
1757 940 1981 1023 experimento
2003 940 2115 1007 docuit

99 1046 347 1129 vellemquem
378 1046 566 1128 petulanter
596 1047 652 1111 isti
676 1056 810 1129 patrum
836 1047 966 1129 iugum,
1001 1067 1082 1128 quc-
1134 1049 1206 1129 quis
1238 1049 1280 1113 sit
1308 1070 1420 1112 eorum
1447 1050 1555 1113 exitus
1585 1051 1641 1130 qui
1669 1072 1745 1116 cum
1774 1051 1986 1116 multitudine
2007 1052 2113 1117 delin-

101 1180 180 1223 rum
198 1159 411 1224 observantes
428 1158 488 1223 filii
506 1157 610 1222 videri
627 1158 752 1237 volunt,
771 1160 949 1224 excutiant.
985 1160 1082 1224 Men·
1134 1177 1252 1241 quunt,
1290 1181 1390 1241 quum
1421 1161 1612 1225 universum
1651 1161 1821 1225 hominnm
1855 1184 1960 1246 genus
1989 1162 2113 1229 diluvic

100 1293 156 1337 ses
188 1271 331 1353 profecto
364 1277 461 1352 atque
494 1270 573 1334 anni
604 1291 658 1334 mc
688 1268 872 1335 deficerent
922 1271 968 1335 Et·
1000 1271 1081 1334 adeo
1133 1270 1288 1353 perdidit,
1317 1278 1446 1336 servato
1467 1271 1538 1336 Noe
1560 1293 1635 1336 eum
1656 1272 1785 1338 modica
1806 1274 1946 1353 familia,
1970 1276 2027 1357 qui
2053 1296 2113 1357 per

100 1381 232 1468 perdita
260 1390 339 1447 sunt
367 1380 599 1464 deplorataque
626 1381 844 1463 impudentia,
875 1391 913 1445 ut
939 1403 1000 1448 nos
1027 1402 1081 1446 ea-
1133 1403 1226 1446 suam
1248 1384 1345 1447 unius
1367 1382 1465 1447 fidem
1486 1389 1592 1447 totum
1609 1384 1721 1448 orbem
1738 1362 1971 1450 condemnaret
1992 1387 2111 1470 (Hebr.

99 1496 225 1579 stigare
257 1494 367 1560 ausint
398 1491 486 1576 quod
520 1495 678 1558 terminos
710 1495 863 1575 antiquos
896 1494 1081 1578 transgredi
1136 1497 1184 1572 11,
1207 1494 1251 1577 7).
1303 1493 1452 1575 Denique
1486 1514 1588 1576 prava
1619 1494 1818 1559 consuetudo
1846 1518 1913 1560 non
1947 1518 2040 1564 secus
2073 1520 2112 1565 ao

98 1627 169 1672 non
204 1606 400 1671 dubitemus.
450 1605 523 1669 Iam
550 1625 629 1670 vere
662 1603 750 1686 quod
776 1626 837 1669 nos
871 1605 912 1669 ad
944 1626 1080 1670 consue·
1133 1605 1262 1687 publica
1282 1605 1442 1687 quaedam
1464 1614 1514 1669 est
1535 1607 1649 1686 pestis,
1677 1606 1713 1669 in
1740 1627 1805 1688 qua
1832 1629 1898 1670 non
1921 1610 2031 1674 minus
2054 1631 2112 1693 pe·

99 1718 254 1783 tudinem
282 1725 401 1783 vocant
427 1716 512 1780 nihil
540 1716 696 1782 efficiunt
746 1717 966 1782 Iniustissimo
991 1718 1079 1781 enim
1131 1724 1229 1780 reunt
1249 1717 1304 1799 qui
1325 1718 1361 1780 in
1381 1716 1479 1781 turba
1500 1716 1629 1782 cadunt
1669 1716 1724 1781 Ad
1746 1718 1826 1782 haec
1848 1719 2032 1801 expendere
2053 1721 2111 1787 de·
2223 1706 2232 1717 ⁰

100 1829 275 1895 nobiseum
297 1841 450 1912 ageretur
477 1829 505 1893 si
533 1828 760 1893 consuetudini
782 1827 963 1894 cedendum
985 1837 1079 1893 esset.
1132 1828 1226 1893 cebet
1247 1827 1332 1911 quod
1350 1828 1467 1894 alicubi
1487 1828 1566 1893 dicit
1576 1828 1771 1913 Cyprianus,
1788 1828 1812 1911 ¹)
1834 1849 1889 1894 eos
1906 1832 1963 1912 qui
1980 1832 2112 1914 ignora·

99 1940 270 2024 Equidem
293 1941 432 2005 sirecte
454 1948 564 2005 essent
590 1940 761 2004 hominum
783 1940 916 2018 iudicia,
946 1960 1081 2005 consue-
1133 1940 1221 2004 tione
1249 1948 1401 2021 peccant,
1429 1941 1491 2004 etsi
1512 1960 1579 2004 ιιοιι
1607 1941 1732 2021 possint
1754 1941 1842 2003 omni
1865 1962 1900 2005 se
1922 1942 2019 2024 culpa
2040 1944 2111 2007 exi·

98 2053 182 2119 tudo
215 2076 236 2118 a
267 2053 361 2117 bouis
397 2050 538 2134 petenda
570 2060 648 2116 erat.
699 2052 826 2117 Verum
857 2051 955 2133 longe
987 2052 1082 2115 aliter
1133 2073 1237 2131 mere,
1269 2051 1372 2115 videri
1400 2060 1512 2116 tamen
1531 2072 1626 2133 posse
1647 2051 1871 2133 quoquomodo
1887 2053 2112 2134 >excusabilem

99 2165 304 2248 saepiuscule
327 2165 382 2248 agi
403 2164 572 2247 contingit
606 2161 703 2243 Quod
725 2164 814 2227 enim
836 2185 856 2228 a
877 2163 989 2227 multis
1010 2164 1081 2228 fieri
1133 2163 1275 2228 oblatam
1296 2169 1406 2227 autem
1427 2162 1490 2227 Dei
1519 2163 1674 2228 beneficio
1696 2164 1867 2227 veritatem
1888 2165 1945 2245 qui
1967 2166 2111 2247 pertina-
2170 2213 2175 2222 .

99 2284 315 2359 conspectum
334 2284 392 2354 est,
416 2274 660 2340 consuetudinis
681 2276 734 2339 ius
756 2296 833 2338 mox
850 2274 984 2339 obtinet.
1018 2276 1081 2339 At-
1133 2276 1215 2340 citer
1240 2282 1414 2357 respuunt,
1445 2274 1528 2339 nihil
1556 2274 1678 2339 hahere
1700 2273 1786 2356 quod
1815 2271 2003 2341 obtendant
2047 2277 2111 2341 Di-

99 2390 161 2473 qui
181 2390 239 2453 vix
261 2409 408 2471 unquam
435 2396 502 2451 tam
531 2385 614 2450 bene
637 2386 823 2451 habuerunt
844 2407 896 2450 res
918 2386 1081 2451 humanae
1132 2387 1286 2451 lemmate
1309 2406 1368 2450 suo
1391 2407 1457 2450 non
1479 2384 1560 2451 adeo
1581 2386 1795 2451 vehementer
1816 2406 1876 2451 nos
1897 2394 2055 2468 premunt
2073 2395 2113 2452 ut

99 2510 142 2566 ut
172 2500 322 2585 pluribus
351 2499 519 2581 placerent
551 2497 695 2562 meliora.
745 2498 836 2581 Ergo
870 2519 911 2562 ex
943 2499 1081 2580 privatis
1132 2499 1227 2563 fateri
1249 2497 1392 2580 adigant,
1412 2498 1464 2561 vel
1487 2498 1655 2564 eeclesiam
1675 2498 1776 2562 fuisse
1787 2496 1990 2580 aliquamdiu
2007 2498 2111 2562 inter-

100 2613 283 2677 mnltorum
316 2611 405 2674 vitiis
442 2609 590 2694 publicus
623 2632 715 2676 error
751 2611 943 2693 plerumque
976 2610 1081 2675 factem
1132 2617 1310 2685 mortuam,
1339 2609 1391 2674 vel
1422 2631 1509 2674 nunc
1538 2630 1614 2674 eum
1635 2608 1771 2674 eeclesia
1793 2609 1887 2673 nobis
1913 2609 2005 2673 litem
2029 2630 2109 2674 esse.

99 2731 162 2802 est,
185 2723 239 2791 vel
259 2723 370 2806 potius
391 2722 574 2788 communis
595 2722 751 2786 vitiorum
769 2743 960 2788 consensus:
983 2741 1081 2803 quem
1132 2722 1227 2784 Vixit
1249 2742 1327 2785 sane
1349 2719 1475 2789 Christi
1496 2719 1646 2797 eeclesia,
1669 2728 1703 2784 et
1723 2721 1813 2785 vivet
1833 2720 1988 2803 quamdiu
2012 2718 2111 2784 Ohri-

99 2858 192 2903 nunc
224 2836 302 2901 boni
328 2835 382 2900 isti
408 2835 473 2899 viri
500 2854 559 2916 prc
588 2833 661 2918 lege
687 2855 758 2899 esse
786 2834 911 2899 volunt
956 2832 1081 2897 Vident
1132 2841 1203 2897 stus
1224 2832 1375 2915 regnabit
1397 2830 1438 2897 ad
1455 2832 1625 2897 dexteram
1643 2831 1755 2913 patris,
1777 2832 1869 2897 cuius
1891 2853 1993 2897 manu
2011 2832 2111 2896 susti·

99 2949 159 3032 qui
180 2947 290 3013 oeulos
311 2946 449 3024 hahent,
472 2966 539 3009 non
560 2967 664 3010 unum
686 2967 777 3011 mare
799 2946 962 3010 malorum
983 2944 1080 3007 inun-
1132 2951 1236 3020 netur,
1260 2944 1352 3009 cuius
1369 2943 1530 3026 praesidio
1549 2942 1743 3021 defenditur,
1764 2943 1856 3007 cuius
1874 2943 1997 3008 virtute
2014 2964 2111 3007 suam

99 3058 205 3138 desse,
227 3060 350 3123 multas
366 3059 508 3123 sonticas
525 3064 635 3141 pestes
651 3057 811 3123 invasisse
828 3056 949 3134 orbem,
972 3056 1081 3120 omnia
1131 3055 1387 3120 incolumitatem
1409 3056 1536 3119 retinet
1581 3054 1769 3119 Praestabit
1790 3055 1878 3117 enim
1899 3053 1955 3119 ille
1976 3053 2110 3120 indubie

98 3172 138 3235 in
158 3191 314 3254 praeceps
334 3192 443 3235 ruere:
471 3177 510 3233 ut
529 3180 587 3233 aut
607 3190 740 3250 prorsus
762 3190 816 3233 res
837 3169 1001 3233 humanae
1024 3166 1079 3231 de-
1132 3167 1217 3249 qucd
1239 3167 1340 3232 semel
1358 3167 1489 3248 recepit,
1512 3187 1547 3231 se
1565 3167 1746 3231 affuturum
1763 3166 1830 3230 suis
1850 3186 1954 3247 usque
1973 3165 2014 3230 ad
2032 3186 2110 3231 oon-

98 3282 279 3367 plorandae
308 3284 388 3361 sint,
423 3288 480 3346 aut
501 3282 602 3345 tantis
628 3281 731 3346 malis'
754 3280 930 3346 inficienda
951 3299 1078 3355 manus,
1132 3280 1383 3343 summationem
1413 3278 1533 3344 saeculi
1572 3277 1708 3362 (Matth.
1736 3279 1794 3353 28,
1822 3276 1889 3361 20).
1939 3276 2112 3345 Adversus

97 3393 157 3459 rel
187 3394 296 3475 potius
324 3394 374 3458 vis
406 3392 582 3459 afferenda
634 3393 681 3456 Et
714 3390 856 3476 abigitur
887 3390 1078 3469 remedium,
1131 3413 1204 3456 eam
1232 3390 1325 3453 nulla
1352 3410 1441 3455 nunc
1467 3390 1560 3454 nobis
1588 3410 1700 3472 pugna
1722 3398 1787 3468 est,
1816 3387 1977 3470 siquidem
1997 3388 2111 3453 Deum

93 3524 171 3593 non
195 3501 261 3567 alia
287 3506 414 3568 ratione
440 3506 503 3571 nisi
531 3505 608 3587 quia
634 3503 829 3586 iampridem
851 3503 946 3568 malis
968 3522 1079 3567 assue-
1131 3524 1235 3566 unum
1266 3510 1300 3565 et
1327 3500 1498 3566 Christum
1531 3500 1699 3565 dominum
1727 3520 1793 3564 uno
1823 3520 1997 3578 consensu,
2032 3520 2110 3565 cum

94 3616 222 3684 vimus.
237 3612 262 3697 ¹)
307 3611 374 3678 Sed
400 3614 505 3680 locum
525 3638 603 3682 sane
632 3616 753 3681 habeat
778 3616 813 3679 in
834 3615 1004 3679 hominum
1027 3633 1080 3678 sc·
1131 3614 1222 3677 omni
1242 3612 1389 3677 fidelium
1406 3612 1535 3695 populo,
1558 3611 1696 3677 colimus
1714 3619 1748 3676 et
1764 3610 1946 3690 adoramus,
1969 3611 2111 3695 qualiter

97 3728 222 3795 cietate
254 3724 404 3808 publicus
433 3747 536 3806 error;
574 3729 610 3793 in
635 3749 738 3812 regno
770 3736 882 3792 tamen
913 3726 979 3790 Dei
1010 3725 1081 3790 sola
1132 3746 1261 3808 semper
1282 3725 1323 3790 ab
1346 3725 1497 3790 omnibus
1518 3725 1581 3807 piis
1602 3721 1757 3788 adoratus
1778 3731 1836 3787 est.
1877 3720 1945 3787 Sed
1966 3743 2033 3786 non
2051 3744 2109 3805 pa·

99 3840 172 3905 eius
213 3846 350 3903 aeterna
382 3837 502 3901 veritas
543 3840 704 3905 audienda
741 3846 775 3903 et
811 3836 989 3922 spectanda
1020 3843 1079 3914 ast,
1132 3858 1206 3900 rum
1229 3856 1342 3902 avero
1359 3837 1422 3919 ipsi
1441 3835 1601 3913 aberrant,
1621 3834 1701 3898 dum
1719 3833 1890 3900 ecclesiam
1906 3854 1974 3897 non
1991 3852 2109 3916 agnos·

99 3952 156 4017 cui
177 3950 269 4014 nulle
297 3969 460 4013 annorum
481 3950 578 4027 serie,
605 3951 697 4016 nulla
716 3948 965 4027 consuetudine,
988 3948 1080 4012 nulla
1132 3956 1212 4012 cunt
1233 3949 1295 4012 nisi
1324 3968 1424 4031 quam
1445 3947 1611 4029 praesenti
1631 3944 1725 4010 oculo
1746 3953 1897 4023 cernant,
1919 3952 1954 4009 et
1974 3966 2047 4009 eam
2068 3944 2110 4009 iis

98 4062 327 4129 coniuratione
348 4060 528 4143 praescribi
546 4068 660 4143 potest
696 4061 753 4129 Sic
774 4061 939 4145 quondam
960 4059 1079 4124 electos
1131 4060 1251 4124 finibus
1279 4059 1543 4124 circumscribere
1565 4064 1726 4124 conantur
1747 4056 1866 4139 quibus
1893 4057 2029 4121 minime
2057 4057 2109 4119 in·

98 4172 168 4241 Dei
189 4171 325 4239 docebat
345 4172 469 4237 Iesaias
491 4172 536 4254 (8,
559 4170 622 4256 12),
643 4193 685 4236 ne
705 4173 852 4240 dicerent
872 4171 1078 4255 conspiratio,
1133 4171 1223 4236 clusa
1255 4179 1313 4234 est
1368 4171 1410 4234 In
1444 4169 1496 4235 his
1524 4167 1711 4235 cardinibus
1740 4167 1963 4233 controversia
1996 4174 2109 4230 nostra

100 4282 146 4348 ad
177 4285 287 4348 omnia
318 4285 353 4348 in
386 4283 504 4365 quibus
536 4279 678 4367 populus
709 4283 836 4350 dicebat
872 4283 1078 4367 conspiratio,
1133 4282 1287 4347 vertitur:
1329 4283 1473 4366 primum
1504 4280 1590 4364 quod
1622 4278 1776 4345 ecclesiae
1813 4279 1953 4342 formam
1980 4296 2110 4357 semper

101 4397 165 4462 hcc
193 4403 258 4475 est,
285 4416 329 4460 ne
355 4396 391 4459 in
420 4394 616 4460 sceleratum
643 4395 754 4476 populi
784 4417 978 4461 consensum
1011 4416 1080 4460 una
1134 4414 1291 4476 apparere
1324 4402 1357 4458 et
1389 4393 1599 4476 spectabilem
1633 4412 1704 4456 esse
1743 4388 1959 4466 contendunt,
1993 4384 2110 4451 deinde

100 4509 167 4591 ipsi
196 4507 437 4591 conspirarent,
471 4528 555 4573 neve
582 4494 734 4570 timorem
759 4506 830 4571 eius
860 4508 1014 4572 timerent
1042 4529 1080 4573 ao
1132 4504 1220 4587 quod
1251 4504 1390 4570 formam
1422 4505 1528 4589 ipsam
1560 4505 1595 4569 in
1623 4502 1700 4568 sede
1726 4521 1879 4567 romanae
1900 4497 2054 4564 ecclesiae
2077 4504 2111 4561 et

100 4618 331 4697 formidarent,
364 4617 422 4683 sed
453 4620 562 4702 potius
593 4625 632 4682 ut
664 4616 847 4681 Dominum
877 4619 1080 4685 exercituum
1131 4617 1322 4699 praesulum
1345 4637 1481 4682 suorum
1508 4615 1621 4681 ordine
1649 4613 1859 4679 constituunt.
1904 4610 1974 4675 Nos
1996 4616 2112 4676 centua

102 4731 361 4810 sanctificarent,
389 4739 423 4794 et
447 4731 518 4814 ipse
539 4739 626 4796 esset
651 4730 752 4794 timer
771 4749 884 4792 eorum
907 4736 940 4793 et
967 4751 1078 4813 pavor.
1133 4729 1322 4807 mamus,
1346 4738 1380 4793 et
1402 4728 1572 4795 ecclesiam
1592 4726 1685 4791 nulla
1705 4731 1882 4806 apparente
1904 4723 2010 4787 forma
2031 4741 2111 4787 con·

102 4841 201 4907 Nunc
217 4841 336 4923 itaque,
355 4850 393 4906 ut
408 4843 528 4923 volent,
547 4852 579 4906 et
595 4842 774 4926 praeterita
790 4840 920 4905 saecula
936 4847 970 4905 et
986 4862 1080 4924 prae-
1133 4848 1220 4906 stare
1249 4861 1358 4925 posse,
1396 4862 1457 4907 nec
1493 4840 1631 4905 formam
1662 4844 1799 4902 externo
1837 4833 1894 4898 illo
1927 4833 2110 4916 splendore,

105 4953 209 5017 sentia
231 4953 382 5037 exempla
409 4954 503 5020 nobis
525 4955 704 5033 obiectent,
734 4954 763 5020 si
783 4952 965 5019 Dominum
986 4973 1080 5017 exer-
1133 5006 1337 5015 ῃ,-

1202 5107 1231 5176 1)
1253 5108 1340 5176 Epist.
1359 5106 1384 5160 3.
1402 5108 1464 5161 libr.
1482 5104 1507 5160 2.
1534 5112 1562 5159 et
1579 5105 1608 5157 in
1631 5105 1709 5173 epist.
1733 5103 1768 5156 ad
1789 5103 1925 5156 Iulianum
1950 5098 1984 5151 de
2006 5097 2111 5151 haeret.

173 5192 203 5258 1)
221 5192 330 5248 nme
346 5194 409 5248 dist
426 5192 452 5249 8.
469 5212 492 5248 c.
510 5196 555 5250 lln.
573 5200 645 5249 extr.
660 5195 696 5248 de
712 5200 833 5249 comet
1132 5195 1232 5264 baptis.
1249 5193 1290 5248 7³.

1865 5287 1903 5342 2·
