4672 5842
166 289 229 350 931
813 275 1079 344 ῙΝΒΤῙΤΠΤΙΟ
1100 279 1205 344 REL
1228 277 1409 345 clamer.
1433 281 1526 344 1559.
2110 281 2177 342 932

168 475 228 539 ubi
246 476 280 536 in
298 470 476 553 degeneres
498 467 655 550 quosdam
672 468 858 545 monachos,
881 468 937 550 qui
959 467 1148 531 institutum
1171 489 1175 539 ε
1199 465 1256 530 sed
1277 465 1364 549 quod
1387 465 1502 530 viliore
1525 465 1614 530 victu
1631 474 1665 528 et
1685 465 1821 529 minime
1837 480 2029 549 sumptuoso
2045 487 2081 530 sc
2104 487 2176 531 sus·

169 559 252 624 illud
285 575 493 636 corrumpere
527 563 723 635 coeperant,
757 552 935 618 invehitur.
987 554 1060 635 Ego
1093 554 1147 618 hic
1171 602 1174 607 ,
1198 559 1326 616 tentare
1359 551 1473 635 placet
1517 552 1633 634 Itaque
1666 550 1764 615 iidem
1803 552 1881 633 ipsi,
1914 553 1969 634 qui
2001 552 2077 616 sani
2116 551 2177 616 sibi

170 662 387 723 eorumquae
415 639 516 703 tradit
544 660 706 703 summam
729 640 775 702 ita
796 639 956 722 colligam,
980 649 1016 702 ut
1038 639 1147 704 verbis
1171 650 1174 699 ῑ
1199 646 1400 720 temperant,
1431 637 1458 701 si
1487 637 1571 701 ratio
1599 636 1799 702 valetudinis
1821 652 1928 720 cogat,
1956 637 2083 721 aegroti
2107 638 2176 702 sine

168 749 298 812 quoque
320 728 406 805 eius,
435 724 541 808 quoad
563 724 688 801 licebit,
718 736 799 788 utar.
845 724 1067 806 Contemptis,
1095 725 1146 787 in-
1170 746 1174 809 f
1199 723 1266 788 ulla
1287 721 1462 787 formidine
1484 723 1658 805 accipiunt.
1700 722 1799 787 Multi
1821 724 1936 787 vinum
1958 745 2025 787 non
2048 722 2175 801 bibunt,

169 816 249 897 quit,
265 814 289 898 ¹)
312 812 428 876 mundi
447 812 544 876 buius
563 809 734 887 illecebris,
756 810 793 872 in
815 832 1022 876 communem
1045 811 1146 873 vitam
1198 831 1257 874 nec
1286 818 1396 873 tamen
1418 831 1454 873 sc
1482 809 1709 891 coinquinari
1731 818 1860 889 putant;
1889 831 1966 873 nam
1987 808 2176 892 languidio-

169 900 386 966 castissimam
405 897 705 978 sanctissimamque
724 898 921 979 congregati,
941 895 1038 959 simul
1057 908 1146 959 aeta-
1170 894 1173 915 ¹
1198 893 1303 972 ribus,
1332 905 1364 959 et
1393 894 1449 976 qui
1477 897 1546 959 sine
1570 896 1639 976 ipso
1662 904 1829 975 nequeunt
1860 895 2001 960 salutem
2028 896 2174 976 eorporis

169 994 239 1049 tem
261 996 374 1068 agunt,
398 985 547 1048 virentes
569 983 831 1058 morationibus,
854 981 1057 1057 lectionibus,
1080 981 1146 1045 dis·
1170 1020 1173 1041 .
1198 981 1354 1057 obtinere,
1377 980 1614 1045 humanissime
1636 980 1785 1062 praeberi
1806 981 1946 1058 faciunt;
1974 990 2008 1044 ct
2031 980 2174 1044 nonnul·

170 1069 411 1154 putationibus;
434 1069 523 1132 nulla
541 1066 693 1150 superbia
711 1066 838 1143 tumidi,
858 1067 948 1131 nulla
963 1069 1147 1149 pervicacia
1170 1100 1174 1135 ς
1198 1067 1247 1130 los
1279 1066 1378 1130 stulte
1408 1077 1595 1130 recusantes
1628 1065 1772 1130 fraterne
1805 1063 1982 1131 admonent
2015 1089 2056 1130 ne
2091 1087 2175 1130 rana

171 1156 364 1231 turbulenti,
388 1155 478 1219 nulla
500 1151 682 1217 arridentia
704 1151 805 1217 lividi
842 1153 947 1216 Nemo
969 1151 1146 1235 quidquam
1170 1146 1174 1209 ¹
1198 1152 1427 1233 superstitione
1449 1150 1620 1215 debiliores
1642 1152 1738 1217 citius
1759 1172 1857 1233 quam
1883 1153 2063 1216 sanctiores
2084 1153 2172 1216 liant

214 1241 316 1307 ssidet
355 1240 539 1323 proprium;
577 1260 673 1302 nemo
711 1240 864 1320 cuiquam
897 1260 1053 1303 onerosus
1087 1252 1145 1302 est.
1198 1237 1251 1301 Ita
1276 1239 1429 1320 pietatem
1452 1236 1564 1302 sedulo
1585 1252 1753 1315 exercent3
1784 1239 1926 1319 corporis
1948 1258 2028 1302 vero
2050 1240 2174 1301 exerci-

247 1344 364 1392 rantur
383 1324 534 1388 manibus
552 1346 590 1388 ea
607 1324 724 1405 quibus
742 1335 775 1389 et
791 1346 910 1407 corpus
927 1326 1016 1407 pasci
1035 1325 1146 1406 possit,
1171 1360 1174 1413 5
1199 1325 1355 1386 tationem
1386 1323 1429 1387 ad
1461 1324 1620 1405 exiguum
1653 1331 1782 1405 tempus
1807 1323 1971 1405 pertinere
1999 1332 2172 1387 noverunt

172 1424 207 1478 et
234 1435 326 1477 mons
354 1431 374 1474 a
395 1409 467 1474 Deo
495 1408 646 1493 impediri
677 1432 742 1474 non
764 1413 874 1492 possit.
920 1409 1014 1493 Opus
1037 1424 1147 1473 autem
1171 1431 1175 1493 j
1200 1408 1329 1473 Caritas
1347 1409 1521 1491 praecipue
1539 1408 1735 1486 custoditur;
1758 1409 1886 1474 caritati
1903 1410 2021 1486 victus,
2044 1410 2172 1474 caritati

172 1521 269 1564 suum
292 1496 425 1560 tradunt
455 1496 502 1560 eis
525 1518 606 1578 quos
628 1495 767 1560 decanos
791 1508 916 1561 vocant.
961 1495 1016 1560 Illi
1038 1508 1148 1559 autem
1171 1496 1174 1505 '
1200 1517 1315 1569 sermo,
1339 1495 1466 1558 caritati
1491 1494 1631 1572 habitus,
1655 1495 1782 1560 caritati
1801 1494 1913 1560 tultus
1932 1504 2075 1578 aptatur.
2113 1494 2174 1560 Co-

172 1583 287 1648 decani
316 1603 392 1646 cum
423 1602 542 1665 magua
565 1581 784 1646 sollicitudine
806 1583 914 1645 omnia
937 1582 1147 1663 disponentes
1171 1542 1175 1669 1
1199 1581 1266 1644 itur
1283 1581 1318 1643 in
1336 1602 1434 1644 unam
1453 1582 1721 1663 conspiraturque
1738 1583 1925 1659 caritatem
1942 1581 2029 1646 hanc
2041 1581 2172 1658 violare,

173 1671 333 1732 rationem
367 1667 426 1731 uni
459 1665 600 1731 reddunt
633 1688 730 1749 quem
762 1680 889 1748 patrem
922 1683 1048 1731 vocant.
1100 1667 1147 1730 Hi
1171 1688 1174 1719 ¹
1200 1679 1355 1748 tanquam
1378 1667 1496 1744 Deum,
1518 1669 1610 1730 nefas
1632 1665 1777 1745 ducitur;
1801 1666 1875 1731 huic
1897 1669 1925 1732 si
1946 1668 2021 1749 quis
2041 1668 2173 1741 resistit

173 1774 250 1819 sero
283 1761 394 1836 patres
427 1775 493 1817 nou
527 1752 633 1816 solum
665 1753 862 1817 sanctissimi
894 1754 1056 1828 moribus,
1090 1750 1147 1817 sed
1171 1755 1175 1829 1
1200 1753 1599 1834 elicit-aratqueritatur;
1622 1752 1753 1817 hancei
1776 1753 1847 1835 quis
1868 1751 2015 1830 offendit,
2037 1752 2174 1817 unodie

172 1840 271 1904 etiam
300 1837 412 1902 divina
440 1838 587 1902 doctrina
616 1837 899 1916 excellentissimi,
923 1838 1073 1903 omnibus
1096 1861 1147 1902 re·
1171 1868 1174 1923 ;
1200 1836 1318 1902 durare
1340 1860 1406 1903 uon
1429 1839 1558 1902 sinitur.
1603 1836 1765 1919 Quoniam
1788 1839 1840 1902 his
1862 1839 1984 1915 verbis,
2013 1839 2119 1903 veluti
2140 1840 2174 1903 in

173 1927 233 1990 bus
256 1925 391 2002 excelsi,
415 1924 507 1988 nulla
528 1924 680 2006 superbia
702 1925 876 1989 considunt
898 1925 938 1988 iis
960 1947 1041 2007 quos
1063 1925 1147 1988 filios
1171 1938 1174 2003 j
1199 1923 1319 2000 tabula,
1343 1924 1448 2005 qualis
1471 1925 1548 1987 olim
1570 1925 1670 1988 fucrit
1691 1925 1881 2002 monastice,
1909 1942 2174 2006 repraesentasse

87 2010 100 2031 ”
172 2025 306 2087 vocant,
341 2031 461 2094 magna
489 2031 547 2073 sua
575 2012 610 2072 in
637 2009 778 2075 iubendo
807 2011 999 2086 autoritate,
1027 2031 1148 2092 magna
1171 2022 1174 2093 1
1199 2010 1288 2074 visus
1310 2021 1360 2073 est
1381 2020 1512 2074 sanctus
1534 2010 1589 2074 ille
1610 2010 1678 2089 vir,
1701 2031 1753 2087 ea,
1776 2010 1906 2074 tametsi
1927 2009 2093 2093 longiora,
2112 2010 2174 2075 huo

172 2097 319 2179 ipsorum
353 2096 388 2159 in
421 2094 675 2177 obtemperando
709 2095 884 2160 voluntate.
936 2096 1174 2173 Conveniunt}
1199 2095 1343 2159 inserere
1371 2117 1438 2159 non
1466 2095 1587 2179 piguit:
1621 2095 1707 2178 quod
1729 2118 1782 2160 me
1802 2096 1984 2178 longiorem
2007 2095 2175 2178 aliquanto

172 2191 283 2245 autem
311 2181 376 2245 diei
402 2194 548 2262 tempore
576 2194 724 2245 extremo
746 2180 786 2245 de
808 2181 876 2246 suis
898 2182 1034 2264 quisquc
1055 2181 1147 2245 habi·
1198 2181 1266 2245 fore
1299 2180 1491 2259 cernebam,
1525 2183 1552 2245 si
1586 2203 1627 2246 ex
1661 2182 1798 2246 dirersis
1830 2180 1945 2245 eadem
1977 2181 2175 2265 colligerem,

172 2267 297 2344 taculis,
322 2266 400 2330 dum
419 2264 524 2330 adhuc
542 2267 645 2333 ieiuni
667 2282 753 2344 sunt,
777 2265 818 2330 ad
835 2265 1034 2331 audiendum
1052 2268 1146 2330 illum
1198 2267 1407 2348 quantumvis
1429 2265 1594 2332 studerem
1615 2267 1817 2350 compendio.

173 2368 300 2436 patrem
306 2376 315 2431 ;
337 2364 369 2415 et
393 2354 591 2417 conveniunt
613 2351 655 2416 ad
676 2353 823 2436 singulos
845 2366 964 2435 patres,
992 2368 1087 2416 terna
1109 2363 1147 2415 ut
1287 2357 1335 2416 10.
1378 2352 1444 2417 Hic
1472 2368 1581 2416 autem
1608 2353 1690 2417 1111111
1718 2353 1921 2435 propositum
1949 2373 2016 2416 uon
2046 2369 2095 2417 est
2126 2366 2176 2417 to-

172 2438 347 2501 minimum
370 2438 540 2500 hominum
561 2437 665 2501 millia
688 2438 742 2520 (de
765 2440 918 2523 Aegypto
940 2439 1146 2521 potissimmn
1198 2449 1268 2502 tum
1291 2435 1381 2501 istud
1398 2450 1632 2522 argumentum
1654 2441 1815 2521 persequi,
1837 2437 1894 2502 sed
1916 2436 2021 2503 obiter
2043 2454 2176 2504 tantum

173 2534 207 2587 et
233 2524 357 2586 oriente
385 2522 558 2604 loquitur),
582 2545 698 2606 corpus
721 2522 837 2588 deinde
860 2525 1020 2603 reficitur,
1043 2545 1145 2606 quan·
1169 2554 1172 2565 =
1197 2522 1343 2605 indicare
1371 2544 1438 2587 non
1466 2523 1563 2588 modo
1593 2524 1706 2607 quales
1737 2525 1888 2590 hahuerit
1913 2534 2009 2588 retus
2035 2525 2177 2590 ccclesia

173 2621 244 2673 tum
266 2609 363 2673 saluti
386 2622 418 2671 et
441 2608 626 2673 salubritati
648 2623 698 2674 sat
721 2624 786 2688 est;
809 2626 977 2674 coercente
998 2630 1145 2692 unoquo·
1169 2588 1173 2669 i
1197 2609 1385 2684 monachos,
1403 2609 1461 2674 scd
1478 2610 1583 2692 qualis
1602 2622 1680 2675 tunc
1697 2611 1798 2675 fucrit
1809 2609 1986 2675 monastica
1995 2611 2174 2692 professio:

171 2716 233 2776 que
256 2695 553 2776 concupiscentiam
571 2715 613 2757 ne
631 2716 665 2758 se
683 2694 859 2777 profundat
881 2696 934 2760 vel
956 2696 992 2759 in
1013 2717 1051 2761 ea
1073 2696 1146 2778 ipsa
1169 2704 1173 2771 1
1198 2712 1233 2758 ut
1270 2718 1311 2760 ex
1340 2696 1581 2777 comparatione
1608 2696 1752 2761 iudicare
1779 2697 1905 2778 possint
1926 2696 1994 2759 sani
2015 2694 2171 2769 lectores,

169 2802 253 2863 quac
274 2792 406 2863 praesto
426 2790 519 2858 sunt,
542 2800 640 2863 parca
662 2797 694 2844 et
717 2781 884 2845 vilissima.
930 2782 984 2846 Ita
1005 2803 1072 2845 non
1093 2802 1145 2845 so-
1169 2788 1173 2869 }
1197 2780 1275 2863 quid
1302 2782 1417 2845 hontis
1445 2782 1588 2846 habeant
1616 2783 1672 2864 qui
1698 2780 1739 2844 ad
1767 2778 1989 2846 sustinendum
2009 2801 2172 2862 praesen-

170 2866 240 2930 lum
275 2888 294 2929 a
322 2867 474 2930 carnibus
502 2881 534 2929 et
564 2866 641 2930 vino
670 2866 835 2931 abstinent
863 2889 922 2950 pro
950 2867 1145 2933 sufficieutia
1169 2878 1172 2885 ’
1197 2875 1264 2931 tem
1281 2867 1551 2945 monachismum,
1576 2868 1805 2950 antiquitatem
1824 2866 1971 2950 allegant.
2007 2867 2175 2949 Augusti-

170 2951 409 3016 domandarum
433 2951 622 3031 libidinum,
646 2952 701 3017 sed
725 2952 766 3016 ab
788 2953 828 3018 iis
850 2976 931 3037 quae
954 2962 1046 3017 tanto
1064 2973 1145 3021 oon·
1169 2942 1172 2995 ¹
1198 2975 1270 3030 nus,
1293 2950 1372 3017 dum
1394 2965 1545 3027 sanctum
1564 2976 1600 3019 uc
1623 2953 1806 3037 legitimmn
1828 2951 2091 3017 monachismum
2112 2974 2176 3016 no-

170 3039 303 3103 citatius
342 3039 468 3103 ventris
501 3048 534 3103 et
564 3039 708 3121 gutturis
740 3048 919 3121 provocant
951 3041 1143 3121 appetitum,
1168 3026 1172 3065 ¹
1197 3039 1247 3103 bis
1275 3037 1449 3119 deformat,
1478 3061 1609 3105 omnem
1631 3040 1770 3123 rigidam
1792 3038 1996 3104 exactionem
2018 3037 2095 3102 vult
2118 3038 2176 3104 ab·

170 3134 294 3205 quanto
327 3124 419 3204 quasi
452 3123 625 3188 mundiora
657 3125 823 3191 nonnullis
856 3125 1019 3190 videntur.
1069 3123 1144 3205 Quo
1168 3096 1172 3257 Ι
1196 3146 1267 3189 esse
1288 3145 1401 3189 earum
1423 3146 1637 3208 rerumquae
1660 3125 1754 3190 nobis
1777 3123 1876 3189 verbo
1893 3123 2028 3189 Domini
2048 3123 2175 3189 liberae

170 3210 303 3272 nominc
315 3208 397 3272 solet
413 3223 509 3292 turpe
527 3209 724 3275 desiderium
741 3211 978 3293 exquisitorum
998 3209 1145 3276 ciborum
1168 3262 1172 3295 a
1195 3210 1435 3292 relinquuntur.
1479 3212 1581 3294 Atqui
1608 3211 1691 3276 nihil
1718 3219 1769 3275 est
1795 3209 1883 3293 quod
1905 3209 2002 3274 hodie
2024 3211 2174 3276 severius

169 3295 257 3376 quod
285 3315 305 3357 a
331 3294 483 3359 carnibus
505 3295 648 3360 alienum
671 3308 736 3375 est,
774 3296 912 3362 ridicule
940 3298 1145 3380 turpiterque
1168 3312 1172 3375 j
1196 3296 1356 3379 exigatur.
1408 3294 1523 3362 Scelus
1550 3299 1638 3362 enim
1666 3295 1863 3380 inexpiabile
1885 3317 1956 3360 esse
1979 3296 2117 3374 ducunt,
2147 3298 2173 3360 si

170 3380 308 3445 defendi.
354 3378 521 3462 Quidquid
548 3383 730 3446 necessario
757 3385 858 3447 victui
887 3381 1050 3447 redundat
1077 3383 1144 3466 (11·
1195 3382 1268 3464 quis
1296 3383 1329 3445 in
1357 3382 1463 3447 colore
1490 3394 1547 3446 aut
1570 3385 1676 3466 specie
1705 3383 1820 3461 vestis,
1849 3383 1972 3463 siquis
1993 3384 2030 3445 in
2053 3404 2173 3467 genere

170 3464 296 3529 dundat
329 3477 439 3530 autem
474 3467 653 3547 plurimum
679 3490 721 3531 cx
748 3470 899 3551 operibus
926 3490 1085 3533 manuum
1112 3475 1145 3532 et
1167 3440 1171 3507 ¹
1195 3468 1273 3546 cibi,
1303 3469 1329 3532 si
1358 3469 1431 3550 quis
1452 3469 1487 3532 in
1509 3469 1581 3534 aliis
1602 3469 1727 3534 frivolis
1750 3490 1787 3534 ac
1809 3465 1936 3551 frigidis
1958 3470 2173 3533 caeremoniis

169 3551 339 3633 epularum
368 3552 598 3636 restrictione),
629 3563 719 3617 tanta
740 3575 818 3618 cura
839 3553 1010 3639 egentibus
1032 3553 1143 3618 distri·
1167 3512 1171 3633 1
1196 3554 1248 3618 rel
1265 3553 1440 3619 minimum
1458 3575 1478 3617 a
1495 3556 1697 3638 praescripto
1715 3554 1895 3618 deflexerit
1925 3555 2137 3636 Augustinus
2148 3555 2171 3629 ¹)

168 3635 281 3701 buitur
308 3645 431 3720 quanta
458 3658 525 3701 non
552 3639 592 3703 ab
613 3640 692 3721 ipsis
714 3642 771 3722 qui
793 3640 994 3707 distribuunt
1013 3661 1142 3723 compa·
1166 3650 1170 3731 1
1194 3641 1322 3704 fortiter
1353 3641 1535 3719 contendit,
1570 3663 1637 3705 non
1665 3640 1762 3705 licere
1792 3639 1965 3704 monachis
1991 3637 2035 3705 de
2067 3641 2171 3705 alieno

167 3734 277 3788 ratum
299 3731 357 3788 est.
394 3723 493 3787 Nullo
516 3725 603 3787 enim
626 3725 721 3790 modo
743 3735 898 3811 satagunt
920 3737 958 3790 ut
980 3726 1060 3789 haec
1081 3727 1143 3791 sibi
1166 3740 1169 3811 1
1193 3727 1306 3790 otiosis
1328 3726 1449 3791 rivere.
1494 3727 1574 3792 Tale
1601 3727 1790 3810 exemplum
1814 3747 1873 3790 suo
1900 3736 2051 3808 tempore
2071 3728 2170 3791 exsti·

167 3808 348 3889 abundent;
376 3809 433 3874 sed
461 3811 549 3873 omni
578 3810 674 3876 modo
701 3823 805 3897 agunt
832 3822 871 3877 ut
899 3833 966 3876 uon
994 3811 1081 3893 apud
1107 3832 1142 3875 se
1166 3840 1169 3887 t
1193 3812 1273 3876 tisse
1295 3823 1393 3896 negat
1415 3813 1498 3877 bene
1516 3813 1686 3878 constituti
1706 3812 1906 3877 monasterii.
1942 3811 2060 3876 Nostri
2076 3834 2170 3897 prae·

167 3910 336 3960 remaneat
356 3895 441 3979 quod
464 3895 688 3963 abundaverit
734 3897 864 3962 Deinde
891 3905 1143 3962 commemorata
1165 3890 1169 3997 1
1192 3899 1321 3979 eipuam
1342 3899 1576 3963 sanctimoniae
1597 3921 1676 3964 suae
1697 3910 1829 3981 partem'
1852 3897 1887 3961 in
1914 3897 1982 3960 otio
2002 3899 2167 3964 eohoeant

166 3983 363 4058 austeritate,
386 3983 478 4047 euius
497 3983 566 4066 ipse
584 3984 733 4066 exempla
751 3995 786 4047 et
807 3983 988 4049 Mediolani
1010 3993 1043 4047 et
1064 3983 1143 4048 alibi
1165 4006 1169 4091 1
1192 3983 1280 4048 Nam
1302 3985 1330 4049 si
1352 3985 1455 4048 otium
1476 3984 1542 4048 illis
1560 3985 1664 4063 tollas,
1686 3984 1742 4049 ubi
1761 3985 1824 4047 erit
1840 3983 1897 4047 illa
1915 3984 2170 4068 contemplativa

166 4065 305 4131 viderat:
325 4069 412 4132 inter
423 4069 512 4147 haec,
531 4070 647 4152 inquit,
657 4071 686 4154 α1
705 4091 802 4134 nemo
819 4078 956 4153 urgetur
973 4071 1007 4134 in
1028 4090 1142 4152 aspera
1165 4094 1169 4121 =
1194 4070 1275 4147 vita,
1309 4092 1374 4152 qua
1402 4091 1436 4134 se
1465 4069 1547 4136 alios
1573 4093 1686 4135 omnes
1719 4069 1877 4135 excellere
1905 4076 1939 4134 et·
1965 4069 2009 4134 ad
2037 4070 2170 4155 angelos

164 4173 248 4235 quae
265 4153 349 4217 ferre
368 4175 434 4217 non
452 4164 573 4238 potest;
592 4155 674 4220 nulli
696 4156 782 4238 quod
799 4166 929 4221 recusat
945 4155 1127 4238 imponitur
1133 4179 1142 4234 ;
1165 4130 1169 4217 ¹
1192 4155 1328 4237 propius
1355 4155 1507 4220 accedere
1534 4155 1739 4240 gloriantur?
1790 4156 2002 4239 Augustinus
2031 4156 2170 4240 deumne

164 4259 225 4302 nec
253 4239 326 4304 ideo
352 4239 589 4305 condemnatur
618 4264 637 4306 a
667 4243 818 4320 caeteris,
845 4242 931 4325 quod
964 4242 1001 4305 in
1027 4262 1141 4305 eorum
1164 4220 1168 4321 1
1192 4242 1456 4306 monachismum
1477 4237 1617 4325 requir'it
1636 4244 1693 4324 qui
1711 4242 1795 4306 nihil
1817 4241 1906 4306 aliud
1928 4243 1973 4307 sit
1994 4265 2098 4325 quam
2115 4266 2169 4308 cx·

166 4324 349 4391 imitatione
376 4346 411 4390 se
431 4326 554 4391 fatetur
576 4325 773 4392 invalidum:
800 4329 1023 4392 meminerunt
1051 4328 1168 4397 enimi
1192 4326 1658 4411 ercitium‘adiumentumque
1690 4328 1731 4392 ad
1766 4328 1897 4411 pietatis
1929 4329 2054 4409 officia,
2090 4349 2169 4413 quae

165 4421 366 4496 quantopere
406 4413 631 4477 commendata
664 4413 709 4479 sit
739 4414 860 4479 caritas
872 4438 880 4493 ;
917 4414 1142 4479 meminerunt
1164 4436 1168 4499 ¹
1192 4411 1389 4478 Christianis
1416 4415 1569 4480 omnibus
1595 4413 1874 4480 commendantur.
1926 4412 2040 4495 Quid?
2071 4438 2169 4499 quum

163 4500 273 4563 omnia
300 4498 425 4562 munda
451 4498 599 4576 mundis,
628 4507 687 4564 etc.
732 4499 846 4583 Itaque
868 4522 935 4564 non
957 4499 1140 4565 reiiciendis
1163 4502 1167 4555 1
1191 4519 1368 4578 summam,
1397 4499 1539 4582 adeoque
1567 4521 1668 4583 prope
1692 4522 1794 4564 unam
1821 4501 1891 4565 eius
1919 4501 2074 4585 regulam
2096 4503 2170 4569 facit

162 4584 524 4668 generibus-ciborum,
548 4586 641 4667 quasi
663 4585 805 4668 pollutis,
829 4585 887 4650 sed
908 4587 1139 4669 concupiscen-
1163 4568 1167 4651 1
1191 4586 1376 4664 caritatem,
1404 4605 1447 4649 an
1469 4596 1622 4668 putamus
1650 4587 1926 4669 conspirationem
1946 4586 2088 4657 laudare
2107 4613 2170 4674 qua

162 4671 228 4734 tiae
258 4667 512 4752 perdomandae,
541 4680 574 4733 et
602 4670 767 4736 dilectioni
789 4673 928 4736 fratrum
951 4671 1139 4736 retinendae
1162 4654 1166 4745 1
1190 4672 1285 4754 pauci
1312 4671 1461 4738 homines
1488 4673 1575 4737 inter
1601 4695 1636 4738 se
1658 4672 1801 4738 devincti
1824 4673 1865 4738 ab
1887 4673 2045 4739 universo
2068 4677 2169 4743 eccle·

160 4755 313 4838 invigilat
335 4756 441 4820 omnis
463 4754 633 4821 industria.
678 4748 1257 4847 11111111111111111111111111111
1289 4779 1424 4842 corpore
1457 4758 1672 4841 separentur?
1722 4758 1794 4823 Imo
1827 4779 1905 4824 vero
1934 4781 1991 4824 eos
2019 4765 2170 4848 exemplo

160 4852 194 4906 et
215 4850 331 4906 venter
353 4842 445 4919 escis,
469 4848 528 4906 etc.
572 4842 672 4907 Multi
689 4852 801 4909 tamen
823 4845 911 4908 firmi
933 4851 1066 4926 propter
1087 4843 1138 4906 in·
1189 4865 1250 4908 suo
1271 4845 1406 4927 reliquis
1428 4844 1500 4911 rult
1522 4845 1711 4928 praelucere
1733 4843 1775 4909 ad
1795 4844 1994 4911 servandam
2013 4851 2170 4918 ecclesias

37 5002 43 5014 Ι
159 4928 274 4992 firmos
292 4929 465 4993 abstinent.
502 4928 618 4994 Multis
635 4951 703 4993 non
721 4940 772 4996 est
789 4950 887 4995 causa
903 4932 967 4996 ista
984 4927 1137 5008 faciendi;
1189 4930 1358 4995 unitatem
1402 4930 1444 4995 In
1472 4941 1610 5014 utroque
1639 4930 1721 4996 adeo
1749 4929 1881 4998 diversa
1906 4940 1957 4996 est
1983 4940 2170 5018 praesentis

235 5201 261 5265 1)
280 5203 318 5253 bt
337 5206 459 5256 moribus
477 5204 541 5254 eccl.
559 5203 629 5256 cath.
647 5220 705 5272 cap.
722 5203 765 5257 31.
834 5203 952 5272 2111111
971 5221 1029 5272 cup.
1048 5202 1090 5256 33.
1160 5240 1163 5257 .
1258 5204 1287 5263 1)
1304 5205 1344 5256 De
1363 5221 1445 5272 opere
1463 5205 1656 5259 monachorum
1674 5225 1732 5277 cap.
1751 5206 1792 5260 1‘1.
