4672 5842
226 320 288 383 251
875 307 1142 378 INSTI'I'U'PIO
1162 311 1267 377 RnL.
1291 307 1472 377 OHRIS'P.
1495 314 1587 376 1559.
2070 326 2073 331 ·
2172 313 2236 377 252

222 506 350 591 piorum
372 524 433 568 non
460 500 538 566 alibi
566 519 707 580 utiquam
731 500 833 582 fuisse
854 499 1020 579 repositam
1047 521 1142 580 quam
1170 501 1205 562 in
1228 502 1232 571 Ι
1256 499 1332 583 lepis
1355 498 1464 583 (Rom.
1488 503 1535 575 10,
1555 500 1590 582 4)
1597 523 1607 577 ,·
1628 520 1723 579 quam
1745 504 1846 565 tamen
1866 520 1975 564 cerum
1995 501 2037 563 sit
2059 519 2095 564 ac
2112 504 2236 579 certum

228 589 358 659 Christo.
405 588 575 653 &sanarit
594 588 690 651 etiam
711 587 771 651 alii
793 605 897 649 omrws
913 585 1089 667 prophetae,
1111 587 1204 649 sicuti
1229 580 1232 689 l
1257 606 1296 650 ee
1316 585 1380 667 lepe
1401 587 1474 667 ipsa
1496 585 1701 666 etprophetis
1728 585 1847 666 liquido
1868 591 1963 667 patet.
2007 585 2058 650 Dc
2077 585 2141 665 fide
2161 606 2237 651 non·
2285 647 2291 655 .

226 677 312 759 apud
338 675 450 739 Ossam
472 673 588 737 dicitur
605 671 650 754 (l,
675 674 743 756 ll):
760 670 1024 754 conprepabuntur
1038 672 1102 751 tilii
1119 671 1205 735 Iuda
1228 694 1232 761 2
1256 671 1333 735 dum
1353 672 1486 749 dissero,
1514 673 1590 751 quia
1618 671 1696 734 alibi
1724 674 1928 752 opportunior
1949 672 2009 736 erit
2030 671 2122 736 locus.
2167 671 2237 737 Hoc

226 762 341 843 atrilii
371 759 474 824 Israel
496 759 634 839 pariter,
674 763 702 822 et
729 762 843 838 poneret
875 757 937 820 sibi
970 762 1064 837 caput
1096 778 1203 821 unum.
1229 764 1231 831 t
1256 757 1345 821 modo
1370 758 1471 837 ficum
1503 756 1665 821 lectoribus
1697 764 1837 824 maneat:
1864 758 1994 838 primus
2023 758 2065 821 od
2085 759 2234 839 pietatem

230 848 317 932 Quod
334 851 441 928 postea
468 844 512 928 (3,
538 846 572 927 5)
601 845 720 909 clarius
750 844 897 923 explieat:
928 847 1115 908 reuertentur
1142 843 1204 924 nin
1229 834 1231 853 '
1254 843 1377 924 aradus
1397 844 1448 920 sit,
1471 842 1746 925 opnoscereDeum
1768 865 1832 908 esse
1852 843 1942 908 nobis
1957 848 2100 923 patrm,
2123 849 2236 909 uteros

227 932 340 1012 Israel,
364 937 391 995 et
412 933 569 1013 inquirent
592 928 736 993 Iehooam
759 928 863 993 Deum
883 949 977 992 suum
997 935 1025 992 et
1047 928 1204 994 Davidem
1228 938 1231 1013 j
1256 933 1387 1005 tueatur,
1408 928 1554 1010 perhorret
1575 949 1612 993 ao
1632 930 1741 1007 foreat,
1764 931 1857 993 dorna
1878 929 2003 1011 collipat
2020 930 2055 992 in
2076 935 2235 994 aeternam

225 1040 327 1101 repent
348 1037 449 1081 suum.
495 1015 657 1080 Michaeas
679 1016 780 1092 etiam,
803 1016 841 1078 dc
856 1015 969 1096 populi
990 1015 1092 1079 reditu
1113 1016 1203 1079 verba
1228 1036 1231 1101 ᾗ
1255 1012 1472 1078 mereamim
1489 1015 1577 1095 repni
1596 1016 1666 1093 sui;
1693 1015 1764 1079 trino
1784 1016 1898 1096 palam
1922 1015 1995 1095 tieri-
2023 1016 2105 1096 quod
2134 1037 2236 1097 nuper

224 1106 360 1189 sochus,
390 1104 503 1168 diserte
531 1102 678 1182 exprimit
706 1101 844 1183 (2,13).·
876 1099 1022 1165 tratis—ibit
1048 1122 1105 1165 ree
1133 1105 1204 1165 ante
1228 1136 1231 1181 !
1255 1100 1411 1176 dicimus,
1444 1100 1619 1180 salvificam
1647 1100 1711 1165 Dei
1743 1102 1943 1184 coynitionem
1969 1100 2082 1182 absque
2112 1100 2235 1167 Christo

226 1193 311 1273 ipsos
331 1195 358 1254 et
381 1187 515 1252 Iehouah
536 1189 571 1250 in
593 1187 692 1267 capite
719 1207 833 1250 eorum.
880 1185 933 1250 Sic
960 1186 1059 1250 Anias
1082 1185 1126 1268 (9,
1150 1188 1203 1269 11)
1228 1214 1231 1279 ,
1256 1190 1493 1264 unicornium,
1515 1187 1641 1266 ideoque
1662 1187 1702 1250 ab
1723 1187 1847 1251 erordio
1868 1187 1979 1251 mundi
2000 1187 2107 1268 ipsum
2133 1187 2234 1268 fuisse

221 1277 337 1360 populi
366 1273 591 1338 remotiorem
612 1273 793 1353 promittere
821 1273 940 1336 volens:
973 1273 1133 1350 suscitabo,
1156 1273 1204 1335 in-
1228 1273 1446 1387 ‚propositum
1468 1272 1609 1335 onnnbus
1630 1273 1731 1337 eneis
1751 1275 1788 1336 in
1809 1294 1898 1353 quem
1920 1275 2117 1354 respicerent,
2149 1275 2235 1338 etin
2289 1280 2292 1285 '

227 1364 309 1446 quit,
332 1364 367 1426 iu
388 1360 438 1424 die
464 1359 521 1422 illa
541 1357 774 1421 tabernaculum
796 1357 905 1421 Dauid
932 1358 1012 1438 arrad
1032 1358 1202 1437 collapsum
1255 1377 1314 1437 quo
1335 1359 1539 1437 acquiesceret
1558 1378 1665 1422 eorum
1684 1360 1811 1439 parum.
1845 1359 1912 1423 Hoc
1933 1379 2026 1423 sensu
2043 1359 2152 1424 scribit
2165 1359 2234 1424 lrc-

227 1453 284 1525 est,
306 1452 333 1512 et
354 1447 473 1526 sepriam
501 1444 750 1523 interruptiones,
779 1449 805 1505 et
832 1443 1044 1508 sirbuersiones
1069 1446 1204 1525 crepam,-
1228 1408 1230 1527 l
1255 1463 1353 1506 naccis
1369 1449 1501 1523 patrem,
1525 1445 1580 1523 qni
1602 1446 1772 1509 immensus
1793 1451 1845 1522 est,
1869 1447 1906 1508 irt
1922 1446 1992 1524 filio
2013 1466 2078 1510 esse
2094 1445 2233 1525 finitum,

227 1554 335 1615 nempe
355 1533 430 1612 quia
451 1531 578 1594 unicum
600 1530 681 1594 illud
699 1534 765 1593 erat
782 1530 896 1594 salutis
913 1529 1068 1607 rendlnm,
1091 1531 1204 1593 mmm
1227 1536 1230 1629 1
1255 1529 1332 1609 quia
1353 1550 1386 1592 se
1405 1530 1448 1593 ad
1469 1530 1627 1595 modulum
1648 1535 1788 1595 nostrum
1808 1531 2062 1609 accommodarit,
2092 1552 2129 1595 ue
2150 1552 2233 1596 men

226 1621 263 1686 in
281 1619 412 1684 sublime
433 1636 582 1697 emerpere
603 1617 723 1697 replum
742 1616 878 1697 ploriam
897 1616 933 1678 in
952 1615 1080 1696 sarriilia
1103 1615 1204 1680 Daoi·
1227 1638 1230 1755 ι
1255 1619 1299 1678 les
1319 1620 1443 1678 uodras
1463 1616 1669 1680 immensitate
1690 1637 1768 1680 suae
1786 1617 1907 1697 ploriae
1928 1615 2095 1681 absorbeat.
2144 1617 2232 1698 Quod
2298 1677 2302 1684 .

225 1705 288 1782 dis,
305 1703 385 1785 quod
405 1704 440 1766 in
464 1700 586 1766 Claristo
607 1702 768 1781 impletum
789 1707 841 1764 est.
887 1701 999 1781 Itaque
1028 1701 1204 1765 Zacharias
1253 1699 1389 1781 fariatici
1409 1721 1469 1764 non
1490 1707 1672 1782 reputantes,
1695 1703 1802 1767 utilem
1829 1704 2014 1768 emto-utiam
2034 1704 2077 1767 ad
2099 1703 2234 1785 impium

227 1791 325 1858 sicuti
351 1790 420 1854 eius
451 1788 610 1853 saeculum
645 1785 762 1851 Christi
795 1787 1042 1867 maniscstationi
1068 1789 1204 1869 propius
1227 1764 1230 1827 l
1250 1785 1441 1866 phantasma
1459 1787 1650 1867 detorquent,
1679 1808 1716 1852 uc
1744 1790 1774 1852 si
1790 1791 1895 1868 portio
1916 1794 2038 1853 tantum
2054 1789 2234 1855 divinitatio

227 1881 309 1953 erat,
338 1875 479 1957 apertius
500 1873 649 1937 exclamat
676 1872 721 1955 (9,
742 1871 794 1954 9):
821 1873 934 1935 nano
954 1872 1025 1952 filia
1049 1872 1135 1950 Sion,
1156 1875 1204 1937 iu·
1227 1844 1231 1961 l
1256 1894 1276 1935 a
1297 1876 1360 1935 tota
1376 1871 1560 1953 perfectione
1587 1874 1722 1952 defluens
1749 1875 1785 1937 in
1808 1873 1930 1939 Christo
1951 1880 2043 1953 esset;
2068 1895 2165 1956 quum
2182 1875 2234 1957 niv

227 1961 291 2044 bila
307 1961 377 2041 filia
399 1960 583 2037 Ierusalem,
613 1978 676 2023 eece
696 1978 753 2021 rea
773 1964 848 2021 tuus
868 1959 951 2021 vernt
974 1958 1032 2022 tibi
1053 1960 1156 2022 iustus
1177 1964 1204 2023 et
1228 1964 1230 2087 p
1255 1956 1303 2022 hil
1327 1957 1417 2021 aliud
1445 1958 1517 2022 velit
1543 1979 1637 2039 maru
1660 1959 1768 2023 Derim
1792 1961 1828 2024 in
1857 1959 1980 2026 Christo
2007 1960 2071 2025 solo
2098 1978 2233 2043 compn-

226 2053 375 2114 seroatus.
424 2045 510 2126 Quod
543 2046 604 2109 loco
636 2043 759 2107 Psalmi
788 2049 858 2107 arcte
886 2045 979 2108 citato
1008 2048 1074 2127 (28.
1094 2045 1129 2125 8)
1157 2065 1204 2108 re
1255 2042 1355 2107 hendi.
1404 2043 1538 2108 Onuiino
1565 2066 1671 2109 vorum
1697 2066 1818 2127 semper
1846 2047 1907 2126 fuit
1935 2047 2016 2111 illud
2038 2047 2173 2111 Ioaririis
2194 2046 2228 2130 (1

327 2137 369 2196 et:
389 2129 523 2196 Iehooah
546 2129 640 2194 robur
660 2130 799 2193 salut-um
812 2127 931 2194 Christi
950 2131 1016 2207 sni,
1039 2151 1130 2194 seron
1154 2129 1202 2193 Ie·
1255 2128 1372 2192 Ionnn.
1393 2133 1421 2206 2,
1442 2131 1513 2212 23).·
1532 2131 1587 2210 qui
1609 2128 1670 2195 non
1690 2131 1778 2196 habet
1797 2132 1902 2212 tilium
1917 2154 2014 2213 neque
2030 2137 2155 2213 patrem
2175 2131 2231 2196 ha·

306 2218 343 2298 h,-
364 2217 417 2280 ubi
439 2215 569 2280 salusa
590 2217 689 2296 capite
710 2215 752 2278 ad
778 2220 873 2279 toturn
889 2236 1002 2296 corpus
1022 2216 1202 2280 ostenditur.
1255 2214 1308 2278 bet.
1355 2214 1441 2278 Nam
1463 2216 1519 2279 etsi
1541 2216 1614 2280 olim
1635 2217 1764 2298 plorrati
1791 2223 1863 2282 sunt
1884 2219 1975 2282 multi
1995 2239 2153 2282 summum
2174 2239 2231 2283 nu

315 2309 344 2366 4.
380 2302 444 2366 His
464 2302 624 2366 oatuiuiis
641 2302 686 2364 ita
707 2299 809 2365 imbui
829 2301 925 2365 noluit
946 2301 1036 2367 Deus
1056 2301 1201 2379 Iudaeos,
1254 2319 1332 2376 men,
1356 2302 1488 2382 coelique
1509 2307 1537 2366 et
1557 2306 1658 2367 terrae
1679 2303 1816 2385 opificem
1837 2325 1869 2369 se
1890 2304 2000 2381 colere,
2029 2306 2106 2386 quia
2128 2310 2231 2369 tamen

227 2394 263 2454 ut
285 2388 477 2453 liberationis
492 2387 642 2469 petendae
659 2407 771 2465 causa,
797 2393 878 2451 reda
911 2387 1013 2452 oculos
1039 2387 1082 2451 ad
1112 2385 1202 2451 Chri·
1253 2385 1362 2450 nullus
1383 2386 1450 2452 illis
1471 2393 1538 2452 erat
1558 2387 1720 2467 mediator,
1740 2390 1812 2469 heri
1834 2410 1896 2454 uon
1912 2391 2016 2471 potuit
2035 2395 2070 2454 ut
2091 2390 2155 2455 Dei
2171 2391 2229 2454 mi·

227 2480 311 2541 stum
331 2477 540 2538 wnoerterent.
586 2472 651 2537 Nec
671 2493 741 2537 uero
762 2474 907 2553 quamvis
928 2474 1060 2552 turpiter
1081 2473 1203 2555 depase-
1253 2471 1457 2536 sericordiam
1482 2494 1552 2538 uere
1577 2479 1749 2556 puetarent,
1777 2481 1868 2557 atque
1894 2477 1939 2540 ito
1960 2477 2112 2556 persuasi
2132 2481 2231 2541 essert

227 2566 357 2636 rassent,
374 2560 478 2639 potuit
499 2564 600 2623 tamen
621 2558 737 2623 aboleri
764 2560 910 2623 manerio
929 2558 1085 2640 pancratis
1112 2559 1201 2623 illius
1253 2557 1315 2641 sibi
1331 2563 1457 2636 patrem
1477 2578 1550 2624 esse.
1599 2560 1681 2640 Quia
1703 2581 1773 2643 erpo
1794 2567 1886 2642 caput
1906 2583 1969 2625 non
1995 2561 2146 2640 tenebant,
2175 2561 2230 2626 hoc

221 2647 393 2731 principii,
426 2644 531 2709 Deum
551 2665 611 2726 per
638 2665 769 2709 marium
798 2643 929 2722 Christi,
963 2645 1056 2708 sicuti
1079 2643 1202 2710 Daoidi
1253 2648 1297 2709 est
1332 2641 1502 2722 Christum,
1535 2646 1670 2710 evanida
1701 2647 1764 2728 fuit
1794 2649 1881 2728 apud
1911 2667 1961 2712 cos
1986 2646 2051 2712 Dei
2083 2648 2229 2730 aphia,-

220 2732 384 2817 pollicitus
403 2731 521 2812 fuant,
552 2731 620 2812 fore
637 2731 778 2795 ecclesiae
799 2730 1006 2808 liberatorum
1037 2736 1128 2811 alance
1150 2730 1201 2795 de
1252 2730 1335 2794 unde
1355 2731 1451 2794 ctiam
1470 2731 1589 2812 sactum
1609 2737 1662 2808 est,
1684 2737 1719 2794 nt
1740 2733 1774 2797 in
1789 2754 1915 2799 crassas
1934 2733 2102 2815 foedasque
2121 2753 2229 2815 urpa-

225 2817 378 2884 mumhoa
394 2818 482 2882 modo
496 2817 626 2897 firmum
640 2816 707 2897 fore
722 2818 893 2899 pratuitum
908 2816 1018 2898 foedus
1035 2836 1094 2897 quo
1111 2815 1202 2880 Deus
1252 2815 1393 2880 ditiones
1425 2816 1549 2881 mnam
1574 2817 1722 2898 prolapsi
1753 2820 1965 2902 ipnorantiam
1997 2839 2090 2885 suam
2116 2819 2229 2900 prode·

224 2905 331 2972 electos
341 2923 414 2968 suos
424 2904 634 2983 adoptamrat.
669 2902 755 2968 Hinc
764 2902 882 2982 tactirm
894 2907 951 2979 est,
974 2903 1054 2967 utin
1065 2923 1116 2966 ore
1120 2922 1200 2982 pue·
1252 2906 1336 2979 rent,
1357 2902 1451 2966 siniti
1473 2901 1563 2967 hodie
1587 2903 1717 2982 Turoae,
1740 2907 1883 2985 quamvis
1898 2905 2005 2985 plenis
2022 2905 2124 2971 buccis
2136 2925 2230 2986 prae

224 3010 333 3056 rorum
343 2995 527 3071 persormret
543 2990 697 3054 canticum
720 2987 802 3053 illud
824 2986 1200 3072 (Matth.21,9),quum
1253 2986 1353 3051 dicerit
1386 2988 1461 3053 coeli
1494 2993 1521 3052 et
1553 2994 1655 3054 terrae
1686 2996 1852 3055 mentorem
1890 3011 1984 3056 suum
2014 3010 2080 3056 esse
2112 2990 2228 3068 Demn,

226 3074 372 3143 Christus
394 3073 641 3156 Hierosolymam
662 3073 761 3155 paulo
789 3079 861 3139 ante
889 3078 1015 3138 mortem
1042 3074 1201 3157 inpressas
1252 3072 1442 3137 substituunt
1466 3079 1568 3139 tamen
1591 3076 1626 3139 in
1646 3075 1745 3140 locum
1771 3079 1838 3142 veri
1859 3077 1924 3142 Dei
1946 3076 2079 3154 idolum,
2107 3076 2184 3142 dum
2207 3096 2229 3140 o

225 3166 284 3227 est:
304 3159 460 3224 hosianna
479 3160 545 3240 filio
570 3159 688 3224 Dauid.
740 3159 838 3241 Vulpo
864 3160 948 3224 enim
971 3165 1076 3223 notum
1098 3180 1136 3225 ac
1158 3180 1201 3224 ce·
1255 3155 1379 3224 Christo
1399 3159 1571 3226 obhorrent.

225 3245 307 3314 lebre
334 3245 435 3326 fuisse
461 3250 601 3327 apparet,
623 3250 714 3326 atque
735 3266 774 3310 ea
804 3246 958 3309 communi
985 3265 1047 3310 usu
1068 3247 1201 3326 petitum

225 3332 307 3417 quod
328 3330 484 3409 canebant,
506 3333 634 3396 unicum
654 3330 716 3396 sibi
737 3336 855 3396 restare
876 3331 1106 3396 misericordiae
1137 3330 1201 3395 Dei

220 3419 340 3518 pipniis
361 3418 396 3481 in
418 3418 550 3482 aduentu
571 3417 780 3498 redemptoris.
825 3417 897 3482 Hoc
917 3418 1038 3482 ratione
1057 3415 1201 3482 Gtiristus

225 3502 575 3654 *uiciens
597 3503 794 3654 tecet
807 3502 1201 3655 esttenete
1594 3487 1745 3554 ΟΜ
1765 3487 1843 3551 m
1859 3487 1884 3570 ι)

224 3610 640 3760 hilei'nqmtfloannlt,
664 3674 704 3757 1).
749 3674 823 3739 Eia
840 3638 1065 3756 ennipopn
1082 3675 1202 3755 tapam
1254 3643 1420 3755 Legem
1441 3645 1571 3727 fuisse
1595 3645 1757 3751 datan,
1786 3677 1870 3729 non
1894 3676 2002 3757 quae
2023 3645 2229 3758 populum

225 3760 266 3828 to
294 3782 316 3826 α
339 3759 464 3825 Christo
488 3759 578 3859 fiaes·
602 3761 645 3824 ⁰⁴1
671 3764 797 3859 patron
828 3760 1013 3858 amendat,
1046 3759 1203 3843 stpntficm
1254 3777 1444 3847 veterem
1462 3766 1506 3847 in
1530 3794 1574 3847 se
1596 3766 1812 3872 retineret,
1838 3768 1913 3849 sed
1936 3796 2045 3877 quae
2066 3769 2229 3849 foveret

232 3851 334 3912 tamen
354 3866 431 3923 eant,
453 3849 578 3911 etiamsi
588 3845 655 3912 Deo
676 3851 832 3925 innititur,
847 3846 1006 3928 paulatim
1016 3866 1201 3925 euanescere,

229 3932 484 3998 „mmm
511 3932 958 4013 nemuspatrium
979 3932 1082 3997 solida
1101 3932 1203 4012 prm‘u
1255 3914 1375 3996 spem
1405 3885 1555 3968 salutis
1592 3887 1636 3967 in
1668 3886 1838 3969 Christo
1879 3918 2015 3998 usque
2053 3888 2107 3970 ad
2137 3886 2260 4014 eius·

231 4021 292 4083 tate
317 4019 460 4098 retineat,-
489 4018 608 4099 alioqui
635 4019 730 4083 altior
754 4039 872 4100 quoque
897 4023 942 4082 est
970 4017 1033 4082 Dei
1054 4019 1203 4082 maiestas
1621 4007 1861 4090 adventum.

228 4122 324 4186 quam
344 4107 379 4168 ut
400 4102 442 4167 ad
463 4123 533 4168 cam
548 4109 708 4186 penetrent
727 4105 879 4182 mortales,
900 4105 955 4185 qui
967 4109 1116 4184 tanquam
1135 4125 1202 4168 oer-
2023 4136 2027 4146 ·

229 4189 338 4253 mindi
369 4209 464 4271 super
496 4194 612 4254 terram
643 4194 772 4272 reptant.
825 4191 930 4271 Quare
961 4190 1043 4254 illud
1074 4189 1202 4271 vutpme
1342 4193 1369 4254 l.
1413 4188 1468 4253 Ec
1488 4189 1632 4254 continua
1653 4190 1724 4270 illa,
1752 4212 1846 4272 praru
1866 4189 2041 4269 retulimus,
2074 4192 2155 4256 serie
2174 4191 2231 4257 col-

226 4274 345 4340 diatum
366 4275 413 4340 sio
434 4275 577 4340 admitto:
604 4274 710 4340 Deum
734 4297 798 4341 esse
821 4276 897 4355 fidei
923 4275 1069 4340 obiectum
1096 4280 1131 4338 ut
1157 4280 1202 4339 to-
1254 4275 1348 4358 lipere
1368 4275 1445 4352 licet,
1467 4275 1561 4358 tepent
1582 4297 1643 4340 nou
1663 4278 1731 4342 ideo
1746 4283 1819 4358 post
1839 4283 1964 4343 mortem
1986 4277 2134 4342 Abrahae
2155 4298 2230 4358 mea-

228 4379 299 4427 men
320 4361 503 4426 correctione
524 4381 603 4442 opus
619 4361 744 4440 habeat;
770 4363 846 4444 quia
875 4381 938 4425 non
963 4361 1088 4441 fnestra
1116 4381 1201 4426 uoca-
1253 4362 1425 4444 drinpentis
1446 4362 1565 4427 circiter
1587 4364 1680 4428 annis
1699 4364 1799 4445 fuisse
1819 4365 2070 4446 superadditam,
2098 4368 2134 4427 ut
2158 4364 2230 4429 elec·

224 4450 277 4511 tur
305 4446 448 4512 Chmstus
474 4446 645 4512 invisibilis
671 4446 735 4512 Dei
762 4445 1114 4530 iniapo(Ool.l,15);
1146 4448 1201 4513 sed
1253 4452 1319 4511 tum
1340 4449 1494 4530 poputum
1520 4471 1542 4512 a
1565 4448 1687 4514 Christo
1711 4449 1886 4531 abduceretp
1912 4451 1975 4514 imo
2002 4455 2037 4513 nt
2063 4469 2231 4531 suspensos

224 4530 279 4597 hoc
296 4533 391 4617 elopio
408 4553 575 4612 monemur,
597 4534 661 4597 nisi
684 4539 824 4598 ocarrrat
845 4533 932 4596 roobis
950 4531 1040 4601 Deus
1061 4531 1200 4598 inGhri·
1252 4538 1362 4599 noea
1392 4536 1516 4599 animos
1551 4556 1649 4616 usq-ue
1680 4534 1722 4599 ad
1750 4537 1818 4600 eius
1846 4536 2025 4616 adratum,
2058 4536 2230 4602 accederet

224 4623 280 4698 sto,
301 4640 363 4683 non
378 4621 527 4702 possein
547 4619 680 4684 salutem
700 4619 789 4684 nobis
810 4621 1002 4686 innotescere.
1047 4618 1123 4683 Etsi
1143 4641 1201 4684 au·
1250 4621 1344 4684 etiam
1365 4621 1433 4685 eius
1445 4621 1649 4700 desiderium,
1672 4622 1745 4685 etin
1754 4624 1975 4703 eespiectatione
1986 4621 2181 4703 confirmaret
2191 4641 2229 4684 ne

224 4708 285 4769 tem
316 4705 402 4783 apud
435 4705 571 4770 ludaeos
602 4706 698 4788 falsis
729 4704 905 4771 commentis
936 4703 1201 4770 &ammoneant
1251 4706 1385 4790 loupicre
1405 4728 1494 4772 mora
1513 4707 1676 4789 deficerent
1720 4707 1814 4789 Lapis
1832 4710 1953 4773 nondne
1973 4730 2034 4773 uon
2054 4708 2156 4773 solum
2175 4707 2227 4770 de-

225 4788 345 4854 scribas
381 4791 462 4869 quod
500 4792 538 4856 de
575 4793 762 4873 redemptore
786 4790 956 4872 prophetae
994 4791 1198 4869 tradiderant,
1250 4812 1313 4857 oeni
1326 4799 1500 4876 praecepta,
1517 4814 1596 4875 quae
1607 4794 1663 4874 pie
1682 4793 1820 4873 iusteque
1835 4795 1959 4860 uiuendi
1976 4794 2116 4878 repulam
2133 4812 2228 4875 prae·

224 4875 358 4954 sumpsit
386 4879 488 4938 tamen
508 4896 569 4955 pro
602 4879 739 4958 emitesso
769 4876 928 4954 Christus,
959 4878 1053 4958 quasi
1072 4876 1199 4959 publico
1250 4877 1397 4958 scribunt,
1424 4879 1574 4962 intellipo,
1596 4878 1650 4943 sod
1668 4878 1805 4958 formam
1831 4881 1993 4965 relipionis
2016 4902 2077 4963 per
2098 4899 2227 4945 nmnum

222 4977 371 5024 aorisensu
392 4964 557 5040 receptum,
587 4982 647 5026 non
676 4963 767 5027 atiud
794 4963 887 5028 rebus
907 4963 1044 5043 perditis
1065 4983 1198 5029 essere

222 5043 367 5194 mium,
390 5045 590 5194 mohinbmm
600 5047 713 5194 §lium
732 5048 912 5114 liberandae
930 5049 1081 5128 ecclesiae,
1103 5070 1198 5132 quiam

293 5129 391 5195 iatore
412 5149 450 5194 er
477 5131 553 5196 ‘ita
633 5152 673 5196 on
709 5135 757 5198 uit
825 5135 907 5199 ‘idun
933 5136 1021 5199 mdo
1096 5137 1198 5200 ndum
1568 5168 1594 5179 ··
1638 5168 1642 5179 ·
1846 5172 1851 5183 ·

221 5220 258 5282 ut
284 5215 418 5296 mou,
451 5216 532 5299 quod
557 5216 640 5283 deod
665 5134 825 5297 Pbuluslu
835 5157 1004 5285 Otiristunl
1013 5156 1095 5288 eshhy
1104 5222 1198 5302 finem
1249 5239 1302 5294 nuc
1319 5168 1457 5297 limidi
1472 5166 2030 5305 mdmwmmaefmffllt
2050 5171 2073 5238 ς’
2092 5170 2227 5226 91-105
