<?xml version="1.0" encoding="UTF-8"?>
<!DOCTYPE html PUBLIC "-//W3C//DTD XHTML 1.0 Transitional//EN"
    "http://www.w3.org/TR/xhtml1/DTD/xhtml1-transitional.dtd">
<html xmlns="http://www.w3.org/1999/xhtml" xml:lang="en" lang="en">
 <head>
  <title>
</title>
<meta http-equiv="Content-Type" content="text/html;charset=utf-8" />
  <meta name='ocr-system' content='tesseract 3.04.00' />
  <meta name='ocr-capabilities' content='ocr_page ocr_carea ocr_par ocr_line ocrx_word'/>
</head>
<body>
  <div class='ocr_page' id='page_1' title='image "./ioanniscalvinii00cunigoog_0159.png"; bbox 0 0 4672 5842; ppageno 0'>
   <div class='ocr_carea' id='block_1_1' title="bbox 243 327 2252 431">
    <p class='ocr_par' dir='ltr' id='par_1_1' title="bbox 243 327 2252 431">
     <span class='ocr_line' id='line_1_1' title="bbox 243 327 2252 431; baseline 0.001 -34"><span class='ocrx_word' id='word_1_1' title='bbox 243 335 309 397; x_wconf 73' lang='lat' dir='ltr'>aaa</span> <span class='ocrx_word' id='word_1_2' title='bbox 892 327 1158 397; x_wconf 77' lang='lat' dir='ltr'>marmurae</span> <span class='ocrx_word' id='word_1_3' title='bbox 1180 330 1285 395; x_wconf 78' lang='lat' dir='ltr'>aaa.</span> <span class='ocrx_word' id='word_1_4' title='bbox 1308 328 1489 396; x_wconf 80' lang='lat' dir='ltr'>euarsr.</span> <span class='ocrx_word' id='word_1_5' title='bbox 1515 333 1606 394; x_wconf 77' lang='lat' dir='ltr'>resa</span> <span class='ocrx_word' id='word_1_6' title='bbox 2093 414 2108 431; x_wconf 73' lang='lat'><em>,</em></span> <span class='ocrx_word' id='word_1_7' title='bbox 2187 336 2252 405; x_wconf 80' lang='lat' dir='ltr'>aas</span> 
     </span>
    </p>
   </div>
   <div class='ocr_carea' id='block_1_2' title="bbox 246 518 2255 754">
    <p class='ocr_par' dir='ltr' id='par_1_2' title="bbox 246 518 2255 754">
     <span class='ocr_line' id='line_1_2' title="bbox 247 518 2252 603; baseline 0 -17"><span class='ocrx_word' id='word_1_8' title='bbox 247 522 343 586; x_wconf 81' lang='lat' dir='ltr'>vanis</span> <span class='ocrx_word' id='word_1_9' title='bbox 371 520 562 603; x_wconf 74' lang='lat' dir='ltr'>ambagibus</span> <span class='ocrx_word' id='word_1_10' title='bbox 589 519 750 584; x_wconf 78' lang='lat' dir='ltr'>extricare</span> <span class='ocrx_word' id='word_1_11' title='bbox 777 530 809 582; x_wconf 89' lang='lat' dir='ltr'>te</span> <span class='ocrx_word' id='word_1_12' title='bbox 838 518 978 582; x_wconf 90' lang='lat' dir='ltr'>coneris:</span> <span class='ocrx_word' id='word_1_13' title='bbox 1009 518 1066 583; x_wconf 93' lang='lat' dir='ltr'>nbi</span> <span class='ocrx_word' id='word_1_14' title='bbox 1094 519 1147 583; x_wconf 89' lang='lat' dir='ltr'>vel</span> <span class='ocrx_word' id='word_1_15' title='bbox 1175 519 1225 582; x_wconf 88' lang='lat' dir='ltr'>ira</span> <span class='ocrx_word' id='word_1_16' title='bbox 1249 528 1252 593; x_wconf 89' lang='grc' dir='ltr'>Ι</span> <span class='ocrx_word' id='word_1_17' title='bbox 1277 518 1465 584; x_wconf 87' lang='lat' dir='ltr'>societatem</span> <span class='ocrx_word' id='word_1_18' title='bbox 1497 540 1606 583; x_wconf 91' lang='lat' dir='ltr'>eoram</span> <span class='ocrx_word' id='word_1_19' title='bbox 1641 519 1711 601; x_wconf 90' lang='lat' dir='ltr'>ipso</span> <span class='ocrx_word' id='word_1_20' title='bbox 1740 519 1946 586; x_wconf 77' lang='lat' dir='ltr'>maledictam</span> <span class='ocrx_word' id='word_1_21' title='bbox 1980 532 2064 601; x_wconf 81' lang='lat' dir='ltr'>esse;</span> <span class='ocrx_word' id='word_1_22' title='bbox 2102 532 2135 586; x_wconf 89' lang='lat' dir='ltr'>et</span> <span class='ocrx_word' id='word_1_23' title='bbox 2161 523 2252 586; x_wconf 87' lang='lat' dir='ltr'>illam</span> 
     </span>
     <span class='ocr_line' id='line_1_3' title="bbox 246 600 2255 754; baseline 0.001 -82"><span class='ocrx_word' id='word_1_24' title='bbox 246 607 298 672; x_wconf 82' lang='lat' dir='ltr'>vel</span> <span class='ocrx_word' id='word_1_25' title='bbox 328 605 440 670; x_wconf 90' lang='lat' dir='ltr'>odium</span> <span class='ocrx_word' id='word_1_26' title='bbox 467 613 534 685; x_wconf 88' lang='lat' dir='ltr'>cst,</span> <span class='ocrx_word' id='word_1_27' title='bbox 560 606 627 669; x_wconf 92' lang='lat' dir='ltr'>illic</span> <span class='ocrx_word' id='word_1_28' title='bbox 649 613 700 671; x_wconf 89' lang='lat' dir='ltr'>est</span> <span class='ocrx_word' id='word_1_29' title='bbox 721 605 888 669; x_wconf 85' lang='lat' dir='ltr'>maleficus</span> <span class='ocrx_word' id='word_1_30' title='bbox 910 605 1054 670; x_wconf 85' lang='lat' dir='ltr'>affectus.</span> <span class='ocrx_word' id='word_1_31' title='bbox 1098 603 1137 669; x_wconf 83' lang='lat' dir='ltr'>Si</span> <span class='ocrx_word' id='word_1_32' title='bbox 1159 614 1224 669; x_wconf 87' lang='lat' dir='ltr'>ter-</span> <span class='ocrx_word' id='word_1_33' title='bbox 1249 600 1253 611; x_wconf 81' lang='grc'><strong><em>’</em></strong></span> <span class='ocrx_word' id='word_1_34' title='bbox 1276 605 1381 754; x_wconf 62' lang='lat' dir='ltr'>ipsam</span> <span class='ocrx_word' id='word_1_35' title='bbox 1404 605 1607 688; x_wconf 77' lang='lat' dir='ltr'>coniugalem</span> <span class='ocrx_word' id='word_1_36' title='bbox 1630 605 1665 668; x_wconf 91' lang='lat' dir='ltr'>in</span> <span class='ocrx_word' id='word_1_37' title='bbox 1686 606 1889 671; x_wconf 86' lang='lat' dir='ltr'>necessitatis</span> <span class='ocrx_word' id='word_1_38' title='bbox 1907 608 2088 671; x_wconf 88' lang='lat' dir='ltr'>remedium</span> <span class='ocrx_word' id='word_1_39' title='bbox 2109 629 2181 673; x_wconf 88' lang='lat' dir='ltr'>esse</span> <span class='ocrx_word' id='word_1_40' title='bbox 2202 630 2255 673; x_wconf 91' lang='lat' dir='ltr'>or-</span> 
     </span>
    </p>
   </div>
   <div class='ocr_carea' id='block_1_3' title="bbox 271 693 278 706">
    <p class='ocr_par' dir='ltr' id='par_1_3' title="bbox 271 693 278 706">
     <span class='ocr_line' id='line_1_4' title="bbox 271 693 278 706; baseline 0 0"><span class='ocrx_word' id='word_1_41' title='bbox 271 693 278 706; x_wconf 68' lang='grc' dir='ltr'><strong>θ</strong></span> 
     </span>
    </p>
   </div>
   <div class='ocr_carea' id='block_1_4' title="bbox 174 690 2256 2238">
    <p class='ocr_par' dir='ltr' id='par_1_4' title="bbox 174 690 2256 2238">
     <span class='ocr_line' id='line_1_5' title="bbox 281 690 2254 776; baseline 0.001 -19"><span class='ocrx_word' id='word_1_42' title='bbox 281 694 405 757; x_wconf 82' lang='lat' dir='ltr'>versari</span> <span class='ocrx_word' id='word_1_43' title='bbox 427 693 547 775; x_wconf 77' lang='lat' dir='ltr'>pergis,</span> <span class='ocrx_word' id='word_1_44' title='bbox 570 693 636 756; x_wconf 88' lang='lat' dir='ltr'>iarn</span> <span class='ocrx_word' id='word_1_45' title='bbox 659 713 715 755; x_wconf 90' lang='lat' dir='ltr'>ore</span> <span class='ocrx_word' id='word_1_46' title='bbox 737 692 871 773; x_wconf 88' lang='lat' dir='ltr'>spiritus</span> <span class='ocrx_word' id='word_1_47' title='bbox 894 692 1144 772; x_wconf 89' lang='lat' dir='ltr'>pronuntiatum</span> <span class='ocrx_word' id='word_1_48' title='bbox 1165 704 1223 769; x_wconf 87' lang='lat' dir='ltr'>est,</span> <span class='ocrx_word' id='word_1_49' title='bbox 1249 726 1252 747; x_wconf 81' lang='grc' dir='ltr'>ι</span> <span class='ocrx_word' id='word_1_50' title='bbox 1312 707 1432 765; x_wconf 92' lang='lat' dir='ltr'>natam,</span> <span class='ocrx_word' id='word_1_51' title='bbox 1456 713 1497 755; x_wconf 93' lang='lat' dir='ltr'>ne</span> <span class='ocrx_word' id='word_1_52' title='bbox 1519 690 1554 754; x_wconf 92' lang='lat' dir='ltr'>in</span> <span class='ocrx_word' id='word_1_53' title='bbox 1577 692 1754 755; x_wconf 85' lang='lat' dir='ltr'>effraenem</span> <span class='ocrx_word' id='word_1_54' title='bbox 1773 692 1941 756; x_wconf 77' lang='lat' dir='ltr'>libidinem</span> <span class='ocrx_word' id='word_1_55' title='bbox 1960 714 2165 776; x_wconf 89' lang='lat' dir='ltr'>proruamus.</span> <span class='ocrx_word' id='word_1_56' title='bbox 2202 695 2254 760; x_wconf 90' lang='lat' dir='ltr'>Nc</span> 
     </span>
     <span class='ocr_line' id='line_1_6' title="bbox 174 714 2255 865; baseline 0 -22"><span class='ocrx_word' id='word_1_57' title='bbox 174 784 181 793; x_wconf 91' lang='lat'>&#39;</span> <span class='ocrx_word' id='word_1_58' title='bbox 245 714 445 843; x_wconf 67' lang='lat' dir='ltr'>bbmieidam</span> <span class='ocrx_word' id='word_1_59' title='bbox 479 799 550 843; x_wconf 88' lang='lat' dir='ltr'>esse</span> <span class='ocrx_word' id='word_1_60' title='bbox 582 777 638 861; x_wconf 92' lang='lat' dir='ltr'>qui</span> <span class='ocrx_word' id='word_1_61' title='bbox 669 778 802 841; x_wconf 73' lang='lat' dir='ltr'>freatmm</span> <span class='ocrx_word' id='word_1_62' title='bbox 834 778 869 839; x_wconf 93' lang='lat' dir='ltr'>in</span> <span class='ocrx_word' id='word_1_63' title='bbox 902 776 998 841; x_wconf 89' lang='lat' dir='ltr'>corde</span> <span class='ocrx_word' id='word_1_64' title='bbox 1031 799 1091 842; x_wconf 90' lang='lat' dir='ltr'>suo</span> <span class='ocrx_word' id='word_1_65' title='bbox 1119 777 1226 842; x_wconf 89' lang='lat' dir='ltr'>oderit</span> <span class='ocrx_word' id='word_1_66' title='bbox 1249 774 1252 865; x_wconf 65' lang='lat' dir='ltr'>fl</span> <span class='ocrx_word' id='word_1_67' title='bbox 1277 799 1355 861; x_wconf 77' lang='lat' dir='ltr'>ergo</span> <span class='ocrx_word' id='word_1_68' title='bbox 1388 776 1481 841; x_wconf 91' lang='lat' dir='ltr'>nobis</span> <span class='ocrx_word' id='word_1_69' title='bbox 1513 777 1735 856; x_wconf 84' lang='lat' dir='ltr'>blandiamur,</span> <span class='ocrx_word' id='word_1_70' title='bbox 1771 777 1849 842; x_wconf 93' lang='lat' dir='ltr'>dnm</span> <span class='ocrx_word' id='word_1_71' title='bbox 1881 778 2032 844; x_wconf 81' lang='lat' dir='ltr'>audimus</span> <span class='ocrx_word' id='word_1_72' title='bbox 2064 801 2129 844; x_wconf 93' lang='lat' dir='ltr'>non</span> <span class='ocrx_word' id='word_1_73' title='bbox 2159 801 2255 863; x_wconf 87' lang='lat' dir='ltr'>posse</span> 
     </span>
     <span class='ocr_line' id='line_1_7' title="bbox 245 862 2256 948; baseline 0.002 -22"><span class='ocrx_word' id='word_1_74' title='bbox 245 864 276 948; x_wconf 83' lang='grc' dir='ltr'>(Ι</span> <span class='ocrx_word' id='word_1_75' title='bbox 300 863 559 948; x_wconf 76' lang='lat' dir='ltr'>loann.a,1e):</span> <span class='ocrx_word' id='word_1_76' title='bbox 590 886 645 928; x_wconf 90' lang='lat' dir='ltr'>ore</span> <span class='ocrx_word' id='word_1_77' title='bbox 667 863 801 927; x_wconf 90' lang='lat' dir='ltr'>Domini</span> <span class='ocrx_word' id='word_1_78' title='bbox 824 862 950 927; x_wconf 78' lang='lat' dir='ltr'>Christi</span> <span class='ocrx_word' id='word_1_79' title='bbox 972 865 1224 945; x_wconf 87' lang='lat' dir='ltr'>pronuntiatum</span> <span class='ocrx_word' id='word_1_80' title='bbox 1275 864 1386 929; x_wconf 86' lang='lat' dir='ltr'>virum</span> <span class='ocrx_word' id='word_1_81' title='bbox 1413 883 1488 926; x_wconf 93' lang='lat' dir='ltr'>cum</span> <span class='ocrx_word' id='word_1_82' title='bbox 1514 863 1667 939; x_wconf 88' lang='lat' dir='ltr'>muliere,</span> <span class='ocrx_word' id='word_1_83' title='bbox 1702 866 1772 927; x_wconf 91' lang='lat' dir='ltr'>sinc</span> <span class='ocrx_word' id='word_1_84' title='bbox 1799 865 1864 929; x_wconf 90' lang='lat' dir='ltr'>Dei</span> <span class='ocrx_word' id='word_1_85' title='bbox 1892 865 2131 944; x_wconf 87' lang='lat' dir='ltr'>maledictione,</span> <span class='ocrx_word' id='word_1_86' title='bbox 2159 874 2256 931; x_wconf 86' lang='lat' dir='ltr'>extra</span> 
     </span>
     <span class='ocr_line' id='line_1_8' title="bbox 245 949 1643 1032; baseline -0.003 -17"><span class='ocrx_word' id='word_1_87' title='bbox 245 959 304 1029; x_wconf 89' lang='lat' dir='ltr'>est,</span> <span class='ocrx_word' id='word_1_88' title='bbox 328 971 421 1014; x_wconf 88' lang='lat' dir='ltr'>reum</span> <span class='ocrx_word' id='word_1_89' title='bbox 440 972 511 1014; x_wconf 88' lang='lat' dir='ltr'>esse</span> <span class='ocrx_word' id='word_1_90' title='bbox 530 949 656 1021; x_wconf 86' lang='lat' dir='ltr'>iudicia,</span> <span class='ocrx_word' id='word_1_91' title='bbox 679 950 733 1030; x_wconf 91' lang='lat' dir='ltr'>qui</span> <span class='ocrx_word' id='word_1_92' title='bbox 753 949 848 1011; x_wconf 85' lang='lat' dir='ltr'>fratri</span> <span class='ocrx_word' id='word_1_93' title='bbox 870 950 1106 1025; x_wconf 90' lang='lat' dir='ltr'>suoirascitur;</span> <span class='ocrx_word' id='word_1_94' title='bbox 1130 970 1223 1013; x_wconf 90' lang='lat' dir='ltr'>reum</span> <span class='ocrx_word' id='word_1_95' title='bbox 1276 949 1466 1032; x_wconf 78' lang='lat' dir='ltr'>coniugium</span> <span class='ocrx_word' id='word_1_96' title='bbox 1488 949 1643 1031; x_wconf 88' lang='lat' dir='ltr'>copulari.</span> 
     </span>
     <span class='ocr_line' id='line_1_9' title="bbox 244 1034 2256 1118; baseline -0 -17"><span class='ocrx_word' id='word_1_97' title='bbox 244 1058 315 1101; x_wconf 87' lang='lat' dir='ltr'>esse</span> <span class='ocrx_word' id='word_1_98' title='bbox 338 1036 482 1114; x_wconf 90' lang='lat' dir='ltr'>concilio,</span> <span class='ocrx_word' id='word_1_99' title='bbox 505 1036 560 1117; x_wconf 89' lang='lat' dir='ltr'>qui</span> <span class='ocrx_word' id='word_1_100' title='bbox 584 1035 704 1099; x_wconf 88' lang='lat' dir='ltr'>dixerit</span> <span class='ocrx_word' id='word_1_101' title='bbox 721 1034 837 1113; x_wconf 79' lang='lat' dir='ltr'>raclia3</span> <span class='ocrx_word' id='word_1_102' title='bbox 860 1056 954 1098; x_wconf 91' lang='lat' dir='ltr'>reum</span> <span class='ocrx_word' id='word_1_103' title='bbox 970 1056 1040 1099; x_wconf 87' lang='lat' dir='ltr'>esse</span> <span class='ocrx_word' id='word_1_104' title='bbox 1054 1036 1224 1118; x_wconf 82' lang='lat' dir='ltr'>gehennae</span> <span class='ocrx_word' id='word_1_105' title='bbox 1362 1041 1412 1098; x_wconf 76' lang='lat'>4⁴2.</span> <span class='ocrx_word' id='word_1_106' title='bbox 1469 1036 1540 1100; x_wconf 88' lang='lat' dir='ltr'>Iam</span> <span class='ocrx_word' id='word_1_107' title='bbox 1574 1057 1677 1117; x_wconf 90' lang='lat' dir='ltr'>quum</span> <span class='ocrx_word' id='word_1_108' title='bbox 1709 1056 1769 1117; x_wconf 91' lang='lat' dir='ltr'>per</span> <span class='ocrx_word' id='word_1_109' title='bbox 1800 1044 1936 1100; x_wconf 87' lang='lat' dir='ltr'>naturae</span> <span class='ocrx_word' id='word_1_110' title='bbox 1968 1036 2187 1101; x_wconf 89' lang='lat' dir='ltr'>conditionem</span> <span class='ocrx_word' id='word_1_111' title='bbox 2221 1050 2256 1100; x_wconf 86' lang='lat' dir='ltr'>et</span> 
     </span>
     <span class='ocr_line' id='line_1_10' title="bbox 246 1120 2254 1206; baseline 0 -21"><span class='ocrx_word' id='word_1_112' title='bbox 246 1123 348 1206; x_wconf 82' lang='lat' dir='ltr'>ignis,</span> <span class='ocrx_word' id='word_1_113' title='bbox 373 1121 429 1204; x_wconf 92' lang='lat' dir='ltr'>qui</span> <span class='ocrx_word' id='word_1_114' title='bbox 450 1122 571 1185; x_wconf 85' lang='lat' dir='ltr'>dixerit</span> <span class='ocrx_word' id='word_1_115' title='bbox 593 1123 680 1185; x_wconf 74' lang='lat' dir='ltr'>frattae</span> <span class='ocrx_word' id='word_1_116' title='bbox 703 1121 837 1204; x_wconf 85' lang='lat' dir='ltr'>(Matth.</span> <span class='ocrx_word' id='word_1_117' title='bbox 858 1126 886 1198; x_wconf 80' lang='lat'>5,</span> <span class='ocrx_word' id='word_1_118' title='bbox 907 1121 971 1205; x_wconf 71' lang='lat'>22).</span> <span class='ocrx_word' id='word_1_119' title='bbox 1276 1142 1410 1188; x_wconf 87' lang='lat' dir='ltr'>accensa</span> <span class='ocrx_word' id='word_1_120' title='bbox 1434 1133 1507 1204; x_wconf 89' lang='lat' dir='ltr'>post</span> <span class='ocrx_word' id='word_1_121' title='bbox 1529 1122 1655 1203; x_wconf 88' lang='lat' dir='ltr'>lapsum</span> <span class='ocrx_word' id='word_1_122' title='bbox 1678 1120 1828 1197; x_wconf 84' lang='lat' dir='ltr'>libidine,</span> <span class='ocrx_word' id='word_1_123' title='bbox 1852 1122 1999 1187; x_wconf 87' lang='lat' dir='ltr'>mulieris</span> <span class='ocrx_word' id='word_1_124' title='bbox 2021 1124 2184 1187; x_wconf 89' lang='lat' dir='ltr'>consortio</span> <span class='ocrx_word' id='word_1_125' title='bbox 2203 1122 2254 1186; x_wconf 88' lang='lat' dir='ltr'>bis</span> 
     </span>
     <span class='ocr_line' id='line_1_11' title="bbox 333 1206 2255 1292; baseline 0.002 -21"><span class='ocrx_word' id='word_1_126' title='bbox 333 1213 383 1271; x_wconf 81' lang='lat'>40.</span> <span class='ocrx_word' id='word_1_127' title='bbox 429 1206 603 1290; x_wconf 88' lang='lat' dir='ltr'>Duplicern</span> <span class='ocrx_word' id='word_1_128' title='bbox 626 1216 736 1270; x_wconf 87' lang='lat' dir='ltr'>antem</span> <span class='ocrx_word' id='word_1_129' title='bbox 759 1207 957 1288; x_wconf 87' lang='lat' dir='ltr'>aequitatem</span> <span class='ocrx_word' id='word_1_130' title='bbox 982 1207 1145 1289; x_wconf 88' lang='lat' dir='ltr'>scriptura</span> <span class='ocrx_word' id='word_1_131' title='bbox 1165 1229 1224 1271; x_wconf 91' lang='lat' dir='ltr'>no·</span> <span class='ocrx_word' id='word_1_132' title='bbox 1276 1208 1407 1273; x_wconf 90' lang='lat' dir='ltr'>obnoxii</span> <span class='ocrx_word' id='word_1_133' title='bbox 1431 1208 1542 1283; x_wconf 86' lang='lat' dir='ltr'>simus,</span> <span class='ocrx_word' id='word_1_134' title='bbox 1566 1207 1629 1271; x_wconf 91' lang='lat' dir='ltr'>nisi</span> <span class='ocrx_word' id='word_1_135' title='bbox 1652 1227 1732 1289; x_wconf 91' lang='lat' dir='ltr'>qnos</span> <span class='ocrx_word' id='word_1_136' title='bbox 1756 1207 1916 1290; x_wconf 78' lang='lat' dir='ltr'>singulari</span> <span class='ocrx_word' id='word_1_137' title='bbox 1938 1209 2045 1292; x_wconf 64' lang='lat' dir='ltr'>gratia</span> <span class='ocrx_word' id='word_1_138' title='bbox 2062 1208 2155 1274; x_wconf 86' lang='lat' dir='ltr'>Deus</span> <span class='ocrx_word' id='word_1_139' title='bbox 2176 1208 2255 1274; x_wconf 87' lang='lat' dir='ltr'>inde</span> 
     </span>
     <span class='ocr_line' id='line_1_12' title="bbox 247 1293 2254 1379; baseline 0 -23"><span class='ocrx_word' id='word_1_140' title='bbox 247 1299 304 1371; x_wconf 87' lang='lat' dir='ltr'>tat,</span> <span class='ocrx_word' id='word_1_141' title='bbox 326 1315 391 1375; x_wconf 89' lang='lat' dir='ltr'>qua</span> <span class='ocrx_word' id='word_1_142' title='bbox 411 1294 530 1357; x_wconf 87' lang='lat' dir='ltr'>nititur</span> <span class='ocrx_word' id='word_1_143' title='bbox 551 1293 613 1357; x_wconf 90' lang='lat' dir='ltr'>hoc</span> <span class='ocrx_word' id='word_1_144' title='bbox 634 1303 859 1374; x_wconf 83' lang='lat' dir='ltr'>praeceptum:</span> <span class='ocrx_word' id='word_1_145' title='bbox 884 1294 962 1375; x_wconf 92' lang='lat' dir='ltr'>quia</span> <span class='ocrx_word' id='word_1_146' title='bbox 983 1302 1015 1356; x_wconf 92' lang='lat' dir='ltr'>et</span> <span class='ocrx_word' id='word_1_147' title='bbox 1034 1294 1141 1376; x_wconf 79' lang='lat' dir='ltr'>imago</span> <span class='ocrx_word' id='word_1_148' title='bbox 1159 1293 1224 1358; x_wconf 93' lang='lat' dir='ltr'>Dei</span> <span class='ocrx_word' id='word_1_149' title='bbox 1276 1294 1407 1367; x_wconf 86' lang='lat' dir='ltr'>exemit,</span> <span class='ocrx_word' id='word_1_150' title='bbox 1431 1293 1567 1357; x_wconf 86' lang='lat' dir='ltr'>videant.</span> <span class='ocrx_word' id='word_1_151' title='bbox 1586 1293 1711 1376; x_wconf 70' lang='lat' dir='ltr'>singuli</span> <span class='ocrx_word' id='word_1_152' title='bbox 1733 1293 1811 1374; x_wconf 94' lang='lat' dir='ltr'>quid</span> <span class='ocrx_word' id='word_1_153' title='bbox 1832 1293 1894 1357; x_wconf 88' lang='lat' dir='ltr'>sibi</span> <span class='ocrx_word' id='word_1_154' title='bbox 1917 1295 2030 1358; x_wconf 89' lang='lat' dir='ltr'>datum</span> <span class='ocrx_word' id='word_1_155' title='bbox 2054 1294 2105 1359; x_wconf 93' lang='lat' dir='ltr'>sit.</span> <span class='ocrx_word' id='word_1_156' title='bbox 2139 1295 2254 1379; x_wconf 80' lang='lat' dir='ltr'>Virgi-</span> 
     </span>
     <span class='ocr_line' id='line_1_13' title="bbox 246 1377 2254 1463; baseline 0 -19"><span class='ocrx_word' id='word_1_157' title='bbox 246 1387 297 1444; x_wconf 87' lang='lat' dir='ltr'>est</span> <span class='ocrx_word' id='word_1_158' title='bbox 325 1379 435 1457; x_wconf 93' lang='lat' dir='ltr'>homo,</span> <span class='ocrx_word' id='word_1_159' title='bbox 459 1389 492 1443; x_wconf 91' lang='lat' dir='ltr'>et</span> <span class='ocrx_word' id='word_1_160' title='bbox 519 1399 594 1442; x_wconf 89' lang='lat' dir='ltr'>caro</span> <span class='ocrx_word' id='word_1_161' title='bbox 622 1388 743 1443; x_wconf 84' lang='lat' dir='ltr'>nostra.</span> <span class='ocrx_word' id='word_1_162' title='bbox 790 1377 916 1458; x_wconf 81' lang='lat' dir='ltr'>Quare,</span> <span class='ocrx_word' id='word_1_163' title='bbox 954 1379 1016 1444; x_wconf 86' lang='lat' dir='ltr'>uisi</span> <span class='ocrx_word' id='word_1_164' title='bbox 1047 1380 1224 1462; x_wconf 79' lang='lat' dir='ltr'>imaginem</span> <span class='ocrx_word' id='word_1_165' title='bbox 1276 1381 1372 1457; x_wconf 88' lang='lat' dir='ltr'>nitas,</span> <span class='ocrx_word' id='word_1_166' title='bbox 1396 1382 1508 1453; x_wconf 86' lang='lat' dir='ltr'>lateor,</span> <span class='ocrx_word' id='word_1_167' title='bbox 1531 1378 1638 1442; x_wconf 86' lang='lat' dir='ltr'>virtus</span> <span class='ocrx_word' id='word_1_168' title='bbox 1660 1387 1711 1441; x_wconf 88' lang='lat' dir='ltr'>est</span> <span class='ocrx_word' id='word_1_169' title='bbox 1733 1400 1796 1442; x_wconf 94' lang='lat' dir='ltr'>non</span> <span class='ocrx_word' id='word_1_170' title='bbox 1820 1381 2071 1458; x_wconf 86' lang='lat' dir='ltr'>conterunenda;</span> <span class='ocrx_word' id='word_1_171' title='bbox 2094 1381 2152 1445; x_wconf 91' lang='lat' dir='ltr'>sed</span> <span class='ocrx_word' id='word_1_172' title='bbox 2174 1402 2254 1463; x_wconf 90' lang='lat' dir='ltr'>qno-</span> 
     </span>
     <span class='ocr_line' id='line_1_14' title="bbox 246 1454 2254 1549; baseline 0 -18"><span class='ocrx_word' id='word_1_173' title='bbox 246 1465 312 1531; x_wconf 91' lang='lat' dir='ltr'>Dei</span> <span class='ocrx_word' id='word_1_174' title='bbox 334 1464 456 1529; x_wconf 78' lang='lat' dir='ltr'>xiolare</span> <span class='ocrx_word' id='word_1_175' title='bbox 479 1465 589 1541; x_wconf 90' lang='lat' dir='ltr'>liceat,</span> <span class='ocrx_word' id='word_1_176' title='bbox 618 1471 860 1529; x_wconf 84' lang='lat' dir='ltr'>sacrosanctum</span> <span class='ocrx_word' id='word_1_177' title='bbox 884 1464 1004 1529; x_wconf 90' lang='lat' dir='ltr'>habere</span> <span class='ocrx_word' id='word_1_178' title='bbox 1025 1466 1132 1544; x_wconf 86' lang='lat' dir='ltr'>illum;</span> <span class='ocrx_word' id='word_1_179' title='bbox 1160 1465 1225 1529; x_wconf 89' lang='lat' dir='ltr'>nisi</span> <span class='ocrx_word' id='word_1_180' title='bbox 1249 1454 1252 1547; x_wconf 72' lang='lat' dir='ltr'>l</span> <span class='ocrx_word' id='word_1_181' title='bbox 1275 1468 1365 1530; x_wconf 91' lang='lat' dir='ltr'>niam</span> <span class='ocrx_word' id='word_1_182' title='bbox 1387 1465 1460 1530; x_wconf 90' lang='lat' dir='ltr'>aliis</span> <span class='ocrx_word' id='word_1_183' title='bbox 1482 1479 1602 1547; x_wconf 74' lang='lat' dir='ltr'>negata</span> <span class='ocrx_word' id='word_1_184' title='bbox 1624 1475 1688 1539; x_wconf 86' lang='lat' dir='ltr'>est,</span> <span class='ocrx_word' id='word_1_185' title='bbox 1712 1464 1784 1527; x_wconf 89' lang='lat' dir='ltr'>aliis</span> <span class='ocrx_word' id='word_1_186' title='bbox 1804 1466 1936 1530; x_wconf 88' lang='lat' dir='ltr'>nonnisi</span> <span class='ocrx_word' id='word_1_187' title='bbox 1959 1467 2000 1530; x_wconf 89' lang='lat' dir='ltr'>ad</span> <span class='ocrx_word' id='word_1_188' title='bbox 2023 1476 2153 1549; x_wconf 85' lang='lat' dir='ltr'>tempus</span> <span class='ocrx_word' id='word_1_189' title='bbox 2176 1488 2254 1532; x_wconf 90' lang='lat' dir='ltr'>con·</span> 
     </span>
     <span class='ocr_line' id='line_1_15' title="bbox 247 1550 2255 1637; baseline 0 -21"><span class='ocrx_word' id='word_1_190' title='bbox 247 1572 378 1616; x_wconf 89' lang='lat' dir='ltr'>omnem</span> <span class='ocrx_word' id='word_1_191' title='bbox 407 1572 527 1614; x_wconf 87' lang='lat' dir='ltr'>exuere</span> <span class='ocrx_word' id='word_1_192' title='bbox 551 1550 803 1626; x_wconf 81' lang='lat' dir='ltr'>humanitatem,</span> <span class='ocrx_word' id='word_1_193' title='bbox 832 1559 871 1613; x_wconf 91' lang='lat' dir='ltr'>ut</span> <span class='ocrx_word' id='word_1_194' title='bbox 898 1571 1028 1614; x_wconf 89' lang='lat' dir='ltr'>carnem</span> <span class='ocrx_word' id='word_1_195' title='bbox 1057 1552 1224 1634; x_wconf 83' lang='lat' dir='ltr'>propriam</span> <span class='ocrx_word' id='word_1_196' title='bbox 1249 1552 1252 1609; x_wconf 92' lang='lat' dir='ltr'>l</span> <span class='ocrx_word' id='word_1_197' title='bbox 1277 1573 1379 1627; x_wconf 86' lang='lat' dir='ltr'>cossa,</span> <span class='ocrx_word' id='word_1_198' title='bbox 1404 1551 1459 1633; x_wconf 92' lang='lat' dir='ltr'>qui</span> <span class='ocrx_word' id='word_1_199' title='bbox 1482 1550 1522 1613; x_wconf 89' lang='lat' dir='ltr'>ab</span> <span class='ocrx_word' id='word_1_200' title='bbox 1546 1551 1783 1615; x_wconf 73' lang='lat' dir='ltr'>incontinentia</span> <span class='ocrx_word' id='word_1_201' title='bbox 1803 1564 1982 1630; x_wconf 87' lang='lat' dir='ltr'>vexantur,</span> <span class='ocrx_word' id='word_1_202' title='bbox 2013 1562 2045 1616; x_wconf 93' lang='lat' dir='ltr'>et</span> <span class='ocrx_word' id='word_1_203' title='bbox 2069 1553 2255 1637; x_wconf 83' lang='lat' dir='ltr'>superiores</span> 
     </span>
     <span class='ocr_line' id='line_1_16' title="bbox 248 1632 2254 1718; baseline 0 -17"><span class='ocrx_word' id='word_1_204' title='bbox 248 1636 358 1701; x_wconf 78' lang='lat' dir='ltr'>lovere</span> <span class='ocrx_word' id='word_1_205' title='bbox 392 1634 555 1701; x_wconf 86' lang='lat' dir='ltr'>debemus.</span> <span class='ocrx_word' id='word_1_206' title='bbox 608 1635 702 1716; x_wconf 82' lang='lat' dir='ltr'>erae</span> <span class='ocrx_word' id='word_1_207' title='bbox 732 1659 750 1700; x_wconf 92' lang='lat' dir='ltr'>a</span> <span class='ocrx_word' id='word_1_208' title='bbox 779 1636 1003 1718; x_wconf 85' lang='lat' dir='ltr'>redemptione</span> <span class='ocrx_word' id='word_1_209' title='bbox 1036 1648 1070 1701; x_wconf 91' lang='lat' dir='ltr'>et</span> <span class='ocrx_word' id='word_1_210' title='bbox 1098 1637 1224 1702; x_wconf 81' lang='lat' dir='ltr'>Christi</span> <span class='ocrx_word' id='word_1_211' title='bbox 1249 1632 1252 1669; x_wconf 84' lang='lat'><strong>¹</strong></span> <span class='ocrx_word' id='word_1_212' title='bbox 1276 1640 1311 1702; x_wconf 93' lang='lat' dir='ltr'>in</span> <span class='ocrx_word' id='word_1_213' title='bbox 1341 1637 1519 1702; x_wconf 88' lang='lat' dir='ltr'>certamine</span> <span class='ocrx_word' id='word_1_214' title='bbox 1546 1658 1618 1700; x_wconf 85' lang='lat' dir='ltr'>esse</span> <span class='ocrx_word' id='word_1_215' title='bbox 1646 1646 1828 1718; x_wconf 89' lang='lat' dir='ltr'>nequeunt,</span> <span class='ocrx_word' id='word_1_216' title='bbox 1859 1637 1899 1701; x_wconf 91' lang='lat' dir='ltr'>ad</span> <span class='ocrx_word' id='word_1_217' title='bbox 1921 1640 2122 1702; x_wconf 85' lang='lat' dir='ltr'>matrimonii</span> <span class='ocrx_word' id='word_1_218' title='bbox 2146 1637 2254 1703; x_wconf 85' lang='lat' dir='ltr'>subsi-</span> 
     </span>
     <span class='ocr_line' id='line_1_17' title="bbox 246 1719 2255 1807; baseline 0.002 -24"><span class='ocrx_word' id='word_1_219' title='bbox 246 1722 354 1805; x_wconf 80' lang='lat' dir='ltr'>gratia</span> <span class='ocrx_word' id='word_1_220' title='bbox 376 1719 523 1785; x_wconf 90' lang='lat' dir='ltr'>ducenda</span> <span class='ocrx_word' id='word_1_221' title='bbox 545 1737 595 1786; x_wconf 85' lang='lat' dir='ltr'>est·</span> <span class='ocrx_word' id='word_1_222' title='bbox 608 1723 802 1798; x_wconf 89' lang='lat' dir='ltr'>exhortatio,</span> <span class='ocrx_word' id='word_1_223' title='bbox 826 1722 904 1787; x_wconf 91' lang='lat' dir='ltr'>alibi</span> <span class='ocrx_word' id='word_1_224' title='bbox 917 1723 1119 1788; x_wconf 78' lang='lat' dir='ltr'>tnretabitur.</span> <span class='ocrx_word' id='word_1_225' title='bbox 1148 1724 1224 1787; x_wconf 93' lang='lat' dir='ltr'>Dno</span> <span class='ocrx_word' id='word_1_226' title='bbox 1249 1748 1252 1763; x_wconf 87' lang='lat'><strong>·</strong></span> <span class='ocrx_word' id='word_1_227' title='bbox 1276 1724 1367 1787; x_wconf 90' lang='lat' dir='ltr'>dium</span> <span class='ocrx_word' id='word_1_228' title='bbox 1389 1746 1423 1786; x_wconf 90' lang='lat' dir='ltr'>se</span> <span class='ocrx_word' id='word_1_229' title='bbox 1445 1723 1628 1800; x_wconf 80' lang='lat' dir='ltr'>conferant,</span> <span class='ocrx_word' id='word_1_230' title='bbox 1659 1731 1694 1785; x_wconf 93' lang='lat' dir='ltr'>nt</span> <span class='ocrx_word' id='word_1_231' title='bbox 1726 1724 1770 1786; x_wconf 90' lang='lat' dir='ltr'>ita</span> <span class='ocrx_word' id='word_1_232' title='bbox 1793 1725 1827 1786; x_wconf 92' lang='lat' dir='ltr'>in</span> <span class='ocrx_word' id='word_1_233' title='bbox 1850 1744 1927 1788; x_wconf 88' lang='lat' dir='ltr'>suae</span> <span class='ocrx_word' id='word_1_234' title='bbox 1949 1725 2127 1789; x_wconf 84' lang='lat' dir='ltr'>vocationis</span> <span class='ocrx_word' id='word_1_235' title='bbox 2150 1724 2255 1807; x_wconf 55' lang='lat' dir='ltr'>modu</span> 
     </span>
     <span class='ocr_line' id='line_1_18' title="bbox 246 1807 2255 1892; baseline 0.001 -20"><span class='ocrx_word' id='word_1_236' title='bbox 246 1807 305 1872; x_wconf 90' lang='lat' dir='ltr'>illa</span> <span class='ocrx_word' id='word_1_237' title='bbox 326 1807 525 1872; x_wconf 87' lang='lat' dir='ltr'>naturaliter</span> <span class='ocrx_word' id='word_1_238' title='bbox 543 1808 577 1871; x_wconf 93' lang='lat' dir='ltr'>iu</span> <span class='ocrx_word' id='word_1_239' title='bbox 600 1808 733 1872; x_wconf 91' lang='lat' dir='ltr'>homine</span> <span class='ocrx_word' id='word_1_240' title='bbox 761 1808 959 1872; x_wconf 78' lang='lat' dir='ltr'>corisidcrari</span> <span class='ocrx_word' id='word_1_241' title='bbox 982 1809 1145 1873; x_wconf 86' lang='lat' dir='ltr'>Dominus</span> <span class='ocrx_word' id='word_1_242' title='bbox 1167 1832 1224 1874; x_wconf 86' lang='lat' dir='ltr'>ro·</span> <span class='ocrx_word' id='word_1_243' title='bbox 1277 1810 1462 1875; x_wconf 84' lang='lat' dir='ltr'>castitatem</span> <span class='ocrx_word' id='word_1_244' title='bbox 1491 1809 1607 1872; x_wconf 90' lang='lat' dir='ltr'>colant.</span> <span class='ocrx_word' id='word_1_245' title='bbox 1653 1809 1737 1871; x_wconf 88' lang='lat' dir='ltr'>Nam</span> <span class='ocrx_word' id='word_1_246' title='bbox 1768 1811 1821 1891; x_wconf 90' lang='lat' dir='ltr'>qui</span> <span class='ocrx_word' id='word_1_247' title='bbox 1852 1831 1918 1873; x_wconf 92' lang='lat' dir='ltr'>non</span> <span class='ocrx_word' id='word_1_248' title='bbox 1941 1810 2074 1892; x_wconf 90' lang='lat' dir='ltr'>capiunt</span> <span class='ocrx_word' id='word_1_249' title='bbox 2095 1811 2157 1875; x_wconf 91' lang='lat' dir='ltr'>hoc</span> <span class='ocrx_word' id='word_1_250' title='bbox 2180 1832 2255 1874; x_wconf 79' lang='lat' dir='ltr'>ver·</span> 
     </span>
     <span class='ocr_line' id='line_1_19' title="bbox 246 1892 2256 1978; baseline 0 -20"><span class='ocrx_word' id='word_1_251' title='bbox 246 1894 324 1972; x_wconf 90' lang='lat' dir='ltr'>luit,</span> <span class='ocrx_word' id='word_1_252' title='bbox 353 1915 436 1975; x_wconf 89' lang='lat' dir='ltr'>quae</span> <span class='ocrx_word' id='word_1_253' title='bbox 465 1915 524 1956; x_wconf 90' lang='lat' dir='ltr'>nos</span> <span class='ocrx_word' id='word_1_254' title='bbox 551 1892 590 1956; x_wconf 91' lang='lat' dir='ltr'>ad</span> <span class='ocrx_word' id='word_1_255' title='bbox 614 1893 893 1959; x_wconf 84' lang='lat' dir='ltr'>conservationem</span> <span class='ocrx_word' id='word_1_256' title='bbox 921 1896 992 1959; x_wconf 90' lang='lat' dir='ltr'>eius</span> <span class='ocrx_word' id='word_1_257' title='bbox 1015 1895 1223 1959; x_wconf 86' lang='lat' dir='ltr'>inducerent:</span> <span class='ocrx_word' id='word_1_258' title='bbox 1278 1894 1372 1973; x_wconf 90' lang='lat' dir='ltr'>burn,</span> <span class='ocrx_word' id='word_1_259' title='bbox 1402 1896 1428 1957; x_wconf 84' lang='lat' dir='ltr'>si</span> <span class='ocrx_word' id='word_1_260' title='bbox 1455 1917 1520 1958; x_wconf 93' lang='lat' dir='ltr'>non</span> <span class='ocrx_word' id='word_1_261' title='bbox 1546 1894 1710 1977; x_wconf 87' lang='lat' dir='ltr'>proposito</span> <span class='ocrx_word' id='word_1_262' title='bbox 1732 1915 1948 1978; x_wconf 86' lang='lat' dir='ltr'>concessoque</span> <span class='ocrx_word' id='word_1_263' title='bbox 1969 1896 2112 1961; x_wconf 87' lang='lat' dir='ltr'>remedio</span> <span class='ocrx_word' id='word_1_264' title='bbox 2134 1897 2256 1959; x_wconf 90' lang='lat' dir='ltr'>intern-</span> 
     </span>
     <span class='ocr_line' id='line_1_20' title="bbox 247 1979 2256 2066; baseline 0.001 -21"><span class='ocrx_word' id='word_1_265' title='bbox 247 1990 287 2045; x_wconf 89' lang='lat' dir='ltr'>ut</span> <span class='ocrx_word' id='word_1_266' title='bbox 315 1986 348 2043; x_wconf 92' lang='lat' dir='ltr'>ct</span> <span class='ocrx_word' id='word_1_267' title='bbox 375 2001 468 2045; x_wconf 86' lang='lat' dir='ltr'>suam</span> <span class='ocrx_word' id='word_1_268' title='bbox 491 1979 668 2061; x_wconf 84' lang='lat' dir='ltr'>imaginem</span> <span class='ocrx_word' id='word_1_269' title='bbox 699 1981 734 2043; x_wconf 92' lang='lat' dir='ltr'>in</span> <span class='ocrx_word' id='word_1_270' title='bbox 760 1981 831 2062; x_wconf 84' lang='lat' dir='ltr'>ipso</span> <span class='ocrx_word' id='word_1_271' title='bbox 861 1981 1053 2062; x_wconf 82' lang='lat' dir='ltr'>impressam</span> <span class='ocrx_word' id='word_1_272' title='bbox 1076 2002 1225 2045; x_wconf 79' lang='lat' dir='ltr'>reverea·</span> <span class='ocrx_word' id='word_1_273' title='bbox 1276 1982 1446 2065; x_wconf 88' lang='lat' dir='ltr'>perant-iae</span> <span class='ocrx_word' id='word_1_274' title='bbox 1475 2001 1554 2043; x_wconf 85' lang='lat' dir='ltr'>suae</span> <span class='ocrx_word' id='word_1_275' title='bbox 1580 1991 1788 2058; x_wconf 82' lang='lat' dir='ltr'>succinnant,</span> <span class='ocrx_word' id='word_1_276' title='bbox 1822 2002 1896 2044; x_wconf 84' lang='lat' dir='ltr'>curu</span> <span class='ocrx_word' id='word_1_277' title='bbox 1923 1983 1994 2047; x_wconf 90' lang='lat' dir='ltr'>Deo</span> <span class='ocrx_word' id='word_1_278' title='bbox 2021 1992 2188 2066; x_wconf 86' lang='lat' dir='ltr'>pugnant.</span> <span class='ocrx_word' id='word_1_279' title='bbox 2218 2003 2256 2047; x_wconf 89' lang='lat' dir='ltr'>ae</span> 
     </span>
     <span class='ocr_line' id='line_1_21' title="bbox 248 2065 2256 2150; baseline 0 -21"><span class='ocrx_word' id='word_1_280' title='bbox 248 2087 341 2141; x_wconf 88' lang='lat' dir='ltr'>mur,</span> <span class='ocrx_word' id='word_1_281' title='bbox 370 2074 403 2130; x_wconf 92' lang='lat' dir='ltr'>et</span> <span class='ocrx_word' id='word_1_282' title='bbox 429 2086 561 2130; x_wconf 89' lang='lat' dir='ltr'>caruem</span> <span class='ocrx_word' id='word_1_283' title='bbox 590 2076 735 2129; x_wconf 86' lang='lat' dir='ltr'>nostram</span> <span class='ocrx_word' id='word_1_284' title='bbox 764 2065 998 2146; x_wconf 87' lang='lat' dir='ltr'>aniplexemur.</span> <span class='ocrx_word' id='word_1_285' title='bbox 1044 2066 1119 2129; x_wconf 86' lang='lat' dir='ltr'>Non</span> <span class='ocrx_word' id='word_1_286' title='bbox 1147 2088 1225 2149; x_wconf 84' lang='lat' dir='ltr'>ergo</span> <span class='ocrx_word' id='word_1_287' title='bbox 1279 2069 1439 2131; x_wconf 84' lang='lat' dir='ltr'>resistunt</span> <span class='ocrx_word' id='word_1_288' title='bbox 1471 2069 1540 2130; x_wconf 85' lang='lat' dir='ltr'>eins</span> <span class='ocrx_word' id='word_1_289' title='bbox 1572 2066 1777 2129; x_wconf 89' lang='lat' dir='ltr'>ordinationi.</span> <span class='ocrx_word' id='word_1_290' title='bbox 1827 2068 1942 2149; x_wconf 90' lang='lat' dir='ltr'>Neque</span> <span class='ocrx_word' id='word_1_291' title='bbox 1975 2069 2057 2132; x_wconf 90' lang='lat' dir='ltr'>mihi</span> <span class='ocrx_word' id='word_1_292' title='bbox 2091 2068 2256 2150; x_wconf 89' lang='lat' dir='ltr'>quispiam</span> 
     </span>
     <span class='ocr_line' id='line_1_22' title="bbox 249 2150 2256 2238; baseline 0.001 -22"><span class='ocrx_word' id='word_1_293' title='bbox 249 2153 354 2216; x_wconf 85' lang='lat' dir='ltr'>evasit</span> <span class='ocrx_word' id='word_1_294' title='bbox 382 2150 546 2215; x_wconf 90' lang='lat' dir='ltr'>homicidii</span> <span class='ocrx_word' id='word_1_295' title='bbox 574 2152 712 2219; x_wconf 85' lang='lat' dir='ltr'>crimen.</span> <span class='ocrx_word' id='word_1_296' title='bbox 742 2151 796 2233; x_wconf 89' lang='lat' dir='ltr'>qui</span> <span class='ocrx_word' id='word_1_297' title='bbox 826 2172 846 2214; x_wconf 92' lang='lat' dir='ltr'>a</span> <span class='ocrx_word' id='word_1_298' title='bbox 874 2152 1044 2235; x_wconf 78' lang='lat' dir='ltr'>sanguinis</span> <span class='ocrx_word' id='word_1_299' title='bbox 1067 2152 1226 2217; x_wconf 87' lang='lat' dir='ltr'>effusione</span> <span class='ocrx_word' id='word_1_300' title='bbox 1279 2153 1447 2235; x_wconf 87' lang='lat' dir='ltr'>obstrepat</span> <span class='ocrx_word' id='word_1_301' title='bbox 1469 2151 1570 2234; x_wconf 91' lang='lat' dir='ltr'>(quod</span> <span class='ocrx_word' id='word_1_302' title='bbox 1593 2151 1689 2214; x_wconf 88' lang='lat' dir='ltr'>multi</span> <span class='ocrx_word' id='word_1_303' title='bbox 1710 2151 1807 2216; x_wconf 90' lang='lat' dir='ltr'>hodie</span> <span class='ocrx_word' id='word_1_304' title='bbox 1829 2153 1970 2238; x_wconf 86' lang='lat' dir='ltr'>faciunt)</span> <span class='ocrx_word' id='word_1_305' title='bbox 1990 2155 2053 2217; x_wconf 89' lang='lat' dir='ltr'>Dei</span> <span class='ocrx_word' id='word_1_306' title='bbox 2077 2174 2111 2218; x_wconf 88' lang='lat' dir='ltr'>se</span> <span class='ocrx_word' id='word_1_307' title='bbox 2133 2154 2256 2219; x_wconf 90' lang='lat' dir='ltr'>auxilio</span> 
     </span>
    </p>
   </div>
   <div class='ocr_carea' id='block_1_5' title="bbox 248 2235 1228 2405">
    <p class='ocr_par' dir='ltr' id='par_1_5' title="bbox 248 2235 1228 2405">
     <span class='ocr_line' id='line_1_23' title="bbox 249 2235 1228 2319; baseline 0.001 -18"><span class='ocrx_word' id='word_1_308' title='bbox 249 2237 309 2302; x_wconf 89' lang='lat' dir='ltr'>sibi</span> <span class='ocrx_word' id='word_1_309' title='bbox 333 2237 532 2318; x_wconf 89' lang='lat' dir='ltr'>temperarit.</span> <span class='ocrx_word' id='word_1_310' title='bbox 579 2235 715 2317; x_wconf 79' lang='lat' dir='ltr'>Siquid</span> <span class='ocrx_word' id='word_1_311' title='bbox 739 2258 836 2319; x_wconf 89' lang='lat' dir='ltr'>opere</span> <span class='ocrx_word' id='word_1_312' title='bbox 857 2246 1035 2319; x_wconf 85' lang='lat' dir='ltr'>perpetras,</span> <span class='ocrx_word' id='word_1_313' title='bbox 1059 2239 1087 2300; x_wconf 91' lang='lat' dir='ltr'>si</span> <span class='ocrx_word' id='word_1_314' title='bbox 1108 2250 1228 2302; x_wconf 85' lang='lat' dir='ltr'>conatu</span> 
     </span>
     <span class='ocr_line' id='line_1_24' title="bbox 248 2322 1227 2405; baseline 0.002 -19"><span class='ocrx_word' id='word_1_315' title='bbox 248 2322 462 2399; x_wconf 87' lang='lat' dir='ltr'>machinaris,</span> <span class='ocrx_word' id='word_1_316' title='bbox 491 2323 517 2385; x_wconf 80' lang='lat' dir='ltr'>si</span> <span class='ocrx_word' id='word_1_317' title='bbox 541 2332 616 2385; x_wconf 83' lang='lat' dir='ltr'>roto</span> <span class='ocrx_word' id='word_1_318' title='bbox 639 2333 671 2385; x_wconf 88' lang='lat' dir='ltr'>et</span> <span class='ocrx_word' id='word_1_319' title='bbox 693 2323 827 2387; x_wconf 88' lang='lat' dir='ltr'>consilio</span> <span class='ocrx_word' id='word_1_320' title='bbox 849 2324 1008 2404; x_wconf 86' lang='lat' dir='ltr'>concipis,</span> <span class='ocrx_word' id='word_1_321' title='bbox 1037 2323 1124 2405; x_wconf 93' lang='lat' dir='ltr'>qnod</span> <span class='ocrx_word' id='word_1_322' title='bbox 1146 2325 1227 2388; x_wconf 88' lang='lat' dir='ltr'>alte·</span> 
     </span>
    </p>
   </div>
   <div class='ocr_carea' id='block_1_6' title="bbox 151 2407 1224 2479">
    <p class='ocr_par' dir='ltr' id='par_1_6' title="bbox 151 2407 1224 2479">
     <span class='ocr_line' id='line_1_25' title="bbox 151 2407 1224 2479; baseline 0.002 -8"><span class='ocrx_word' id='word_1_323' title='bbox 151 2436 165 2457; x_wconf 85' lang='lat'><strong>·</strong></span> <span class='ocrx_word' id='word_1_324' title='bbox 249 2408 318 2472; x_wconf 88' lang='lat' dir='ltr'>rius</span> <span class='ocrx_word' id='word_1_325' title='bbox 350 2407 450 2472; x_wconf 88' lang='lat' dir='ltr'>saluti</span> <span class='ocrx_word' id='word_1_326' title='bbox 484 2407 527 2470; x_wconf 86' lang='lat' dir='ltr'>sit</span> <span class='ocrx_word' id='word_1_327' title='bbox 560 2407 752 2479; x_wconf 82' lang='lat' dir='ltr'>adversum,</span> <span class='ocrx_word' id='word_1_328' title='bbox 787 2408 953 2473; x_wconf 89' lang='lat' dir='ltr'>homicidii</span> <span class='ocrx_word' id='word_1_329' title='bbox 987 2431 1063 2474; x_wconf 88' lang='lat' dir='ltr'>reus</span> <span class='ocrx_word' id='word_1_330' title='bbox 1093 2411 1224 2474; x_wconf 89' lang='lat' dir='ltr'>teneris</span> 
     </span>
    </p>
   </div>
   <div class='ocr_carea' id='block_1_7' title="bbox 247 2492 1227 3006">
    <p class='ocr_par' dir='ltr' id='par_1_7' title="bbox 247 2492 1227 3006">
     <span class='ocr_line' id='line_1_26' title="bbox 248 2492 1226 2579; baseline 0.003 -23"><span class='ocrx_word' id='word_1_331' title='bbox 248 2492 322 2556; x_wconf 90' lang='lat' dir='ltr'>Nisi</span> <span class='ocrx_word' id='word_1_332' title='bbox 354 2514 485 2557; x_wconf 88' lang='lat' dir='ltr'>rursum</span> <span class='ocrx_word' id='word_1_333' title='bbox 517 2494 607 2557; x_wconf 91' lang='lat' dir='ltr'>illam</span> <span class='ocrx_word' id='word_1_334' title='bbox 639 2514 698 2575; x_wconf 90' lang='lat' dir='ltr'>pro</span> <span class='ocrx_word' id='word_1_335' title='bbox 730 2495 884 2560; x_wconf 84' lang='lat' dir='ltr'>facultate</span> <span class='ocrx_word' id='word_1_336' title='bbox 919 2504 951 2559; x_wconf 91' lang='lat' dir='ltr'>et</span> <span class='ocrx_word' id='word_1_337' title='bbox 984 2498 1226 2579; x_wconf 84' lang='lat' dir='ltr'>opportunitate</span> 
     </span>
     <span class='ocr_line' id='line_1_27' title="bbox 250 2578 1226 2664; baseline 0.003 -22"><span class='ocrx_word' id='word_1_338' title='bbox 250 2580 337 2642; x_wconf 88' lang='lat' dir='ltr'>tueri</span> <span class='ocrx_word' id='word_1_339' title='bbox 356 2578 475 2657; x_wconf 90' lang='lat' dir='ltr'>studes,</span> <span class='ocrx_word' id='word_1_340' title='bbox 499 2600 537 2644; x_wconf 90' lang='lat' dir='ltr'>ca</span> <span class='ocrx_word' id='word_1_341' title='bbox 556 2601 683 2662; x_wconf 92' lang='lat' dir='ltr'>qnoque</span> <span class='ocrx_word' id='word_1_342' title='bbox 705 2581 911 2645; x_wconf 86' lang='lat' dir='ltr'>immanitate</span> <span class='ocrx_word' id='word_1_343' title='bbox 932 2582 1038 2663; x_wconf 85' lang='lat' dir='ltr'>legem</span> <span class='ocrx_word' id='word_1_344' title='bbox 1059 2583 1226 2664; x_wconf 83' lang='lat' dir='ltr'>praevari-</span> 
     </span>
     <span class='ocr_line' id='line_1_28' title="bbox 249 2664 1227 2748; baseline 0.001 -17"><span class='ocrx_word' id='word_1_345' title='bbox 249 2667 343 2731; x_wconf 84' lang='lat' dir='ltr'>caris.</span> <span class='ocrx_word' id='word_1_346' title='bbox 388 2664 484 2745; x_wconf 83' lang='lat' dir='ltr'>Quod</span> <span class='ocrx_word' id='word_1_347' title='bbox 514 2666 540 2729; x_wconf 89' lang='lat' dir='ltr'>si</span> <span class='ocrx_word' id='word_1_348' title='bbox 569 2675 740 2748; x_wconf 89' lang='lat' dir='ltr'>tantopere</span> <span class='ocrx_word' id='word_1_349' title='bbox 768 2666 807 2731; x_wconf 88' lang='lat' dir='ltr'>de</span> <span class='ocrx_word' id='word_1_350' title='bbox 837 2669 980 2748; x_wconf 90' lang='lat' dir='ltr'>eorporis</span> <span class='ocrx_word' id='word_1_351' title='bbox 1004 2668 1227 2732; x_wconf 86' lang='lat' dir='ltr'>incolumitate</span> 
     </span>
     <span class='ocr_line' id='line_1_29' title="bbox 247 2749 1227 2837; baseline 0.003 -22"><span class='ocrx_word' id='word_1_352' title='bbox 247 2749 423 2828; x_wconf 87' lang='lat' dir='ltr'>laboratur,</span> <span class='ocrx_word' id='word_1_353' title='bbox 443 2752 521 2815; x_wconf 90' lang='lat' dir='ltr'>hinc</span> <span class='ocrx_word' id='word_1_354' title='bbox 539 2752 740 2835; x_wconf 80' lang='lat' dir='ltr'>colligamus,</span> <span class='ocrx_word' id='word_1_355' title='bbox 763 2765 922 2834; x_wconf 90' lang='lat' dir='ltr'>quantum</span> <span class='ocrx_word' id='word_1_356' title='bbox 941 2753 1040 2816; x_wconf 90' lang='lat' dir='ltr'>studii</span> <span class='ocrx_word' id='word_1_357' title='bbox 1059 2760 1093 2817; x_wconf 92' lang='lat' dir='ltr'>et</span> <span class='ocrx_word' id='word_1_358' title='bbox 1110 2775 1227 2837; x_wconf 88' lang='lat' dir='ltr'>operae</span> 
     </span>
     <span class='ocr_line' id='line_1_30' title="bbox 249 2836 1227 2920; baseline 0.002 -18"><span class='ocrx_word' id='word_1_359' title='bbox 249 2837 348 2902; x_wconf 88' lang='lat' dir='ltr'>saluti</span> <span class='ocrx_word' id='word_1_360' title='bbox 378 2839 507 2902; x_wconf 88' lang='lat' dir='ltr'>animae</span> <span class='ocrx_word' id='word_1_361' title='bbox 529 2836 699 2915; x_wconf 80' lang='lat' dir='ltr'>debeat-ur,</span> <span class='ocrx_word' id='word_1_362' title='bbox 728 2859 812 2920; x_wconf 92' lang='lat' dir='ltr'>quac</span> <span class='ocrx_word' id='word_1_363' title='bbox 838 2839 874 2902; x_wconf 91' lang='lat' dir='ltr'>in</span> <span class='ocrx_word' id='word_1_364' title='bbox 896 2840 1094 2903; x_wconf 90' lang='lat' dir='ltr'>immensum</span> <span class='ocrx_word' id='word_1_365' title='bbox 1116 2861 1227 2907; x_wconf 88' lang='lat' dir='ltr'>coram</span> 
     </span>
     <span class='ocr_line' id='line_1_31' title="bbox 251 2922 590 3006; baseline -0.003 -19"><span class='ocrx_word' id='word_1_366' title='bbox 251 2922 394 2989; x_wconf 91' lang='lat' dir='ltr'>Domino</span> <span class='ocrx_word' id='word_1_367' title='bbox 415 2923 590 3006; x_wconf 88' lang='lat' dir='ltr'>praecellit.</span> 
     </span>
    </p>
   </div>
   <div class='ocr_carea' id='block_1_8' title="bbox 502 3162 967 3217">
    <p class='ocr_par' dir='ltr' id='par_1_8' title="bbox 502 3162 967 3217">
     <span class='ocr_line' id='line_1_32' title="bbox 502 3162 967 3217; baseline 0.004 -2"><span class='ocrx_word' id='word_1_368' title='bbox 502 3162 750 3216; x_wconf 77' lang='lat' dir='ltr'>Paauearauu</span> <span class='ocrx_word' id='word_1_369' title='bbox 769 3162 967 3217; x_wconf 84' lang='lat' dir='ltr'>SEPTIMUM.</span> 
     </span>
    </p>
   </div>
   <div class='ocr_carea' id='block_1_9' title="bbox 572 3305 906 3375">
    <p class='ocr_par' dir='ltr' id='par_1_9' title="bbox 572 3305 906 3375">
     <span class='ocr_line' id='line_1_33' title="bbox 572 3305 906 3375; baseline 0.003 -2"><span class='ocrx_word' id='word_1_370' title='bbox 572 3307 645 3373; x_wconf 91' lang='lat' dir='ltr'>Non</span> <span class='ocrx_word' id='word_1_371' title='bbox 673 3305 906 3375; x_wconf 87' lang='lat' dir='ltr'>moechaberis.</span> 
     </span>
    </p>
   </div>
   <div class='ocr_carea' id='block_1_10' title="bbox 242 3471 1226 5018">
    <p class='ocr_par' dir='ltr' id='par_1_10' title="bbox 242 3471 1226 5018">
     <span class='ocr_line' id='line_1_34' title="bbox 336 3471 1226 3556; baseline 0.007 -23"><span class='ocrx_word' id='word_1_372' title='bbox 336 3476 387 3536; x_wconf 78' lang='lat'>41.</span> <span class='ocrx_word' id='word_1_373' title='bbox 432 3471 526 3537; x_wconf 81' lang='lat' dir='ltr'>Finis</span> <span class='ocrx_word' id='word_1_374' title='bbox 554 3471 638 3535; x_wconf 88' lang='lat' dir='ltr'>eius:</span> <span class='ocrx_word' id='word_1_375' title='bbox 672 3472 748 3554; x_wconf 89' lang='lat' dir='ltr'>quia</span> <span class='ocrx_word' id='word_1_376' title='bbox 773 3473 963 3554; x_wconf 88' lang='lat' dir='ltr'>pudicitiam</span> <span class='ocrx_word' id='word_1_377' title='bbox 991 3482 1023 3537; x_wconf 92' lang='lat' dir='ltr'>et</span> <span class='ocrx_word' id='word_1_378' title='bbox 1050 3474 1226 3556; x_wconf 83' lang='lat' dir='ltr'>puritatem</span> 
     </span>
     <span class='ocr_line' id='line_1_35' title="bbox 248 3558 1225 3634; baseline 0 -11"><span class='ocrx_word' id='word_1_379' title='bbox 248 3558 343 3623; x_wconf 87' lang='lat' dir='ltr'>Deus</span> <span class='ocrx_word' id='word_1_380' title='bbox 365 3566 469 3634; x_wconf 90' lang='lat' dir='ltr'>amat,</span> <span class='ocrx_word' id='word_1_381' title='bbox 493 3558 651 3622; x_wconf 87' lang='lat' dir='ltr'>facessere</span> <span class='ocrx_word' id='word_1_382' title='bbox 674 3579 694 3621; x_wconf 87' lang='lat' dir='ltr'>a</span> <span class='ocrx_word' id='word_1_383' title='bbox 714 3559 807 3623; x_wconf 91' lang='lat' dir='ltr'>uobis</span> <span class='ocrx_word' id='word_1_384' title='bbox 829 3580 960 3622; x_wconf 89' lang='lat' dir='ltr'>omnem</span> <span class='ocrx_word' id='word_1_385' title='bbox 982 3560 1225 3625; x_wconf 90' lang='lat' dir='ltr'>immunditiem</span> 
     </span>
     <span class='ocr_line' id='line_1_36' title="bbox 248 3642 1224 3729; baseline 0.001 -21"><span class='ocrx_word' id='word_1_386' title='bbox 248 3653 408 3729; x_wconf 88' lang='lat' dir='ltr'>oportere.</span> <span class='ocrx_word' id='word_1_387' title='bbox 454 3642 593 3709; x_wconf 78' lang='lat' dir='ltr'>Summa</span> <span class='ocrx_word' id='word_1_388' title='bbox 614 3644 716 3727; x_wconf 79' lang='lat' dir='ltr'>igitur</span> <span class='ocrx_word' id='word_1_389' title='bbox 738 3645 816 3723; x_wconf 90' lang='lat' dir='ltr'>erit,</span> <span class='ocrx_word' id='word_1_390' title='bbox 846 3657 883 3708; x_wconf 89' lang='lat' dir='ltr'>ut</span> <span class='ocrx_word' id='word_1_391' title='bbox 907 3665 949 3708; x_wconf 89' lang='lat' dir='ltr'>ne</span> <span class='ocrx_word' id='word_1_392' title='bbox 972 3666 1037 3726; x_wconf 88' lang='lat' dir='ltr'>qua</span> <span class='ocrx_word' id='word_1_393' title='bbox 1059 3647 1224 3727; x_wconf 86' lang='lat' dir='ltr'>spurcitia,</span> 
     </span>
     <span class='ocr_line' id='line_1_37' title="bbox 248 3729 1225 3812; baseline 0.001 -18"><span class='ocrx_word' id='word_1_394' title='bbox 248 3738 307 3795; x_wconf 90' lang='lat' dir='ltr'>aut</span> <span class='ocrx_word' id='word_1_395' title='bbox 334 3730 508 3794; x_wconf 89' lang='lat' dir='ltr'>libidinosa</span> <span class='ocrx_word' id='word_1_396' title='bbox 541 3729 733 3811; x_wconf 89' lang='lat' dir='ltr'>intemperie</span> <span class='ocrx_word' id='word_1_397' title='bbox 761 3731 868 3795; x_wconf 90' lang='lat' dir='ltr'>earnis</span> <span class='ocrx_word' id='word_1_398' title='bbox 895 3730 1114 3812; x_wconf 88' lang='lat' dir='ltr'>inquinemur.</span> <span class='ocrx_word' id='word_1_399' title='bbox 1160 3732 1225 3797; x_wconf 81' lang='lat' dir='ltr'>Oui</span> 
     </span>
     <span class='ocr_line' id='line_1_38' title="bbox 246 3816 1224 3899; baseline -0.001 -17"><span class='ocrx_word' id='word_1_400' title='bbox 246 3816 422 3899; x_wconf 88' lang='lat' dir='ltr'>respondet</span> <span class='ocrx_word' id='word_1_401' title='bbox 439 3817 673 3880; x_wconf 89' lang='lat' dir='ltr'>affirmativum</span> <span class='ocrx_word' id='word_1_402' title='bbox 692 3824 910 3898; x_wconf 86' lang='lat' dir='ltr'>praeceptum,</span> <span class='ocrx_word' id='word_1_403' title='bbox 935 3828 974 3878; x_wconf 91' lang='lat' dir='ltr'>nt</span> <span class='ocrx_word' id='word_1_404' title='bbox 991 3826 1078 3882; x_wconf 89' lang='lat' dir='ltr'>caste</span> <span class='ocrx_word' id='word_1_405' title='bbox 1096 3828 1130 3883; x_wconf 90' lang='lat' dir='ltr'>ct</span> <span class='ocrx_word' id='word_1_406' title='bbox 1147 3838 1224 3884; x_wconf 90' lang='lat' dir='ltr'>con·</span> 
     </span>
     <span class='ocr_line' id='line_1_39' title="bbox 245 3901 1223 3984; baseline 0.002 -18"><span class='ocrx_word' id='word_1_407' title='bbox 245 3904 392 3967; x_wconf 87' lang='lat' dir='ltr'>tinenter</span> <span class='ocrx_word' id='word_1_408' title='bbox 429 3924 542 3967; x_wconf 91' lang='lat' dir='ltr'>omnes</span> <span class='ocrx_word' id='word_1_409' title='bbox 581 3901 669 3965; x_wconf 85' lang='lat' dir='ltr'>vitae</span> <span class='ocrx_word' id='word_1_410' title='bbox 708 3910 838 3966; x_wconf 82' lang='lat' dir='ltr'>nostrae</span> <span class='ocrx_word' id='word_1_411' title='bbox 873 3909 984 3984; x_wconf 88' lang='lat' dir='ltr'>partes</span> <span class='ocrx_word' id='word_1_412' title='bbox 1023 3903 1223 3968; x_wconf 80' lang='lat' dir='ltr'>moderemur.</span> 
     </span>
     <span class='ocr_line' id='line_1_40' title="bbox 246 3986 1224 4071; baseline -0.001 -18"><span class='ocrx_word' id='word_1_413' title='bbox 246 3986 487 4053; x_wconf 80' lang='lat' dir='ltr'>Scortationem</span> <span class='ocrx_word' id='word_1_414' title='bbox 508 3994 619 4052; x_wconf 88' lang='lat' dir='ltr'>autem</span> <span class='ocrx_word' id='word_1_415' title='bbox 635 3987 831 4051; x_wconf 88' lang='lat' dir='ltr'>nominatim</span> <span class='ocrx_word' id='word_1_416' title='bbox 848 3994 947 4066; x_wconf 81' lang='lat' dir='ltr'>vetat,</span> <span class='ocrx_word' id='word_1_417' title='bbox 971 3988 1130 4071; x_wconf 89' lang='lat' dir='ltr'>adquam</span> <span class='ocrx_word' id='word_1_418' title='bbox 1151 4000 1224 4054; x_wconf 87' lang='lat' dir='ltr'>ten-</span> 
     </span>
     <span class='ocr_line' id='line_1_41' title="bbox 246 4072 1225 4156; baseline -0.002 -17"><span class='ocrx_word' id='word_1_419' title='bbox 246 4073 296 4139; x_wconf 90' lang='lat' dir='ltr'>dit</span> <span class='ocrx_word' id='word_1_420' title='bbox 327 4075 434 4139; x_wconf 90' lang='lat' dir='ltr'>omnis</span> <span class='ocrx_word' id='word_1_421' title='bbox 460 4073 573 4137; x_wconf 91' lang='lat' dir='ltr'>libido:</span> <span class='ocrx_word' id='word_1_422' title='bbox 607 4086 645 4136; x_wconf 90' lang='lat' dir='ltr'>ut</span> <span class='ocrx_word' id='word_1_423' title='bbox 674 4073 763 4138; x_wconf 90' lang='lat' dir='ltr'>illius</span> <span class='ocrx_word' id='word_1_424' title='bbox 789 4072 943 4138; x_wconf 87' lang='lat' dir='ltr'>foeditate</span> <span class='ocrx_word' id='word_1_425' title='bbox 966 4073 1064 4156; x_wconf 89' lang='lat' dir='ltr'>(quac</span> <span class='ocrx_word' id='word_1_426' title='bbox 1086 4077 1225 4141; x_wconf 80' lang='lat' dir='ltr'>crassior</span> 
     </span>
     <span class='ocr_line' id='line_1_42' title="bbox 246 4154 1224 4243; baseline -0.001 -17"><span class='ocrx_word' id='word_1_427' title='bbox 246 4168 297 4226; x_wconf 89' lang='lat' dir='ltr'>est</span> <span class='ocrx_word' id='word_1_428' title='bbox 329 4168 364 4223; x_wconf 90' lang='lat' dir='ltr'>et</span> <span class='ocrx_word' id='word_1_429' title='bbox 388 4159 596 4243; x_wconf 89' lang='lat' dir='ltr'>palpabilior‚</span> <span class='ocrx_word' id='word_1_430' title='bbox 630 4166 792 4241; x_wconf 88' lang='lat' dir='ltr'>quatenus</span> <span class='ocrx_word' id='word_1_431' title='bbox 822 4154 945 4225; x_wconf 86' lang='lat' dir='ltr'>scilicet</span> <span class='ocrx_word' id='word_1_432' title='bbox 971 4162 1098 4241; x_wconf 89' lang='lat' dir='ltr'>corpori</span> <span class='ocrx_word' id='word_1_433' title='bbox 1125 4163 1224 4226; x_wconf 87' lang='lat' dir='ltr'>etiam</span> 
     </span>
     <span class='ocr_line' id='line_1_43' title="bbox 243 4244 1223 4329; baseline 0 -18"><span class='ocrx_word' id='word_1_434' title='bbox 243 4246 407 4314; x_wconf 89' lang='lat' dir='ltr'>maculam</span> <span class='ocrx_word' id='word_1_435' title='bbox 425 4245 545 4329; x_wconf 88' lang='lat' dir='ltr'>inurit)</span> <span class='ocrx_word' id='word_1_436' title='bbox 566 4245 603 4308; x_wconf 93' lang='lat' dir='ltr'>in</span> <span class='ocrx_word' id='word_1_437' title='bbox 624 4244 768 4311; x_wconf 89' lang='lat' dir='ltr'>libidinis</span> <span class='ocrx_word' id='word_1_438' title='bbox 786 4245 931 4310; x_wconf 89' lang='lat' dir='ltr'>cuiusvis</span> <span class='ocrx_word' id='word_1_439' title='bbox 948 4245 1223 4311; x_wconf 89' lang='lat' dir='ltr'>abominationem</span> 
     </span>
     <span class='ocr_line' id='line_1_44' title="bbox 243 4329 1224 4416; baseline -0.002 -19"><span class='ocrx_word' id='word_1_440' title='bbox 243 4354 304 4398; x_wconf 89' lang='lat' dir='ltr'>uos</span> <span class='ocrx_word' id='word_1_441' title='bbox 343 4332 493 4397; x_wconf 86' lang='lat' dir='ltr'>adducat</span> <span class='ocrx_word' id='word_1_442' title='bbox 509 4332 532 4416; x_wconf 90' lang='lat'>¹)</span> <span class='ocrx_word' id='word_1_443' title='bbox 586 4329 751 4411; x_wconf 77' lang='lat' dir='ltr'>Quoniam</span> <span class='ocrx_word' id='word_1_444' title='bbox 785 4332 847 4396; x_wconf 90' lang='lat' dir='ltr'>hac</span> <span class='ocrx_word' id='word_1_445' title='bbox 879 4331 951 4415; x_wconf 78' lang='lat' dir='ltr'>lege</span> <span class='ocrx_word' id='word_1_446' title='bbox 984 4331 1134 4397; x_wconf 90' lang='lat' dir='ltr'>conditus</span> <span class='ocrx_word' id='word_1_447' title='bbox 1173 4341 1224 4397; x_wconf 89' lang='lat' dir='ltr'>est</span> 
     </span>
     <span class='ocr_line' id='line_1_45' title="bbox 244 4416 1223 4499; baseline 0.001 -15"><span class='ocrx_word' id='word_1_448' title='bbox 244 4419 343 4484; x_wconf 89' lang='lat' dir='ltr'>homo</span> <span class='ocrx_word' id='word_1_449' title='bbox 372 4428 410 4483; x_wconf 93' lang='lat' dir='ltr'>ut</span> <span class='ocrx_word' id='word_1_450' title='bbox 438 4417 616 4482; x_wconf 87' lang='lat' dir='ltr'>solitariam</span> <span class='ocrx_word' id='word_1_451' title='bbox 641 4418 742 4482; x_wconf 89' lang='lat' dir='ltr'>vitam</span> <span class='ocrx_word' id='word_1_452' title='bbox 771 4439 838 4482; x_wconf 91' lang='lat' dir='ltr'>non</span> <span class='ocrx_word' id='word_1_453' title='bbox 860 4426 953 4499; x_wconf 84' lang='lat' dir='ltr'>agat,</span> <span class='ocrx_word' id='word_1_454' title='bbox 984 4416 1041 4481; x_wconf 89' lang='lat' dir='ltr'>sed</span> <span class='ocrx_word' id='word_1_455' title='bbox 1069 4417 1223 4485; x_wconf 88' lang='lat' dir='ltr'>adiuncto</span> 
     </span>
     <span class='ocr_line' id='line_1_46' title="bbox 244 4502 1222 4585; baseline -0.001 -14"><span class='ocrx_word' id='word_1_456' title='bbox 244 4504 306 4571; x_wconf 91' lang='lat' dir='ltr'>sibi</span> <span class='ocrx_word' id='word_1_457' title='bbox 329 4505 472 4570; x_wconf 90' lang='lat' dir='ltr'>subsidio</span> <span class='ocrx_word' id='word_1_458' title='bbox 495 4513 624 4579; x_wconf 82' lang='lat' dir='ltr'>utatur,</span> <span class='ocrx_word' id='word_1_459' title='bbox 649 4502 765 4567; x_wconf 90' lang='lat' dir='ltr'>deinde</span> <span class='ocrx_word' id='word_1_460' title='bbox 787 4525 829 4568; x_wconf 87' lang='lat' dir='ltr'>cx</span> <span class='ocrx_word' id='word_1_461' title='bbox 850 4504 974 4585; x_wconf 87' lang='lat' dir='ltr'>peccati</span> <span class='ocrx_word' id='word_1_462' title='bbox 997 4504 1222 4570; x_wconf 87' lang='lat' dir='ltr'>maledictione</span> 
     </span>
     <span class='ocr_line' id='line_1_47' title="bbox 242 4588 1222 4673; baseline -0.001 -17"><span class='ocrx_word' id='word_1_463' title='bbox 242 4592 279 4656; x_wconf 90' lang='lat' dir='ltr'>in</span> <span class='ocrx_word' id='word_1_464' title='bbox 308 4591 393 4655; x_wconf 90' lang='lat' dir='ltr'>hanc</span> <span class='ocrx_word' id='word_1_465' title='bbox 420 4589 648 4657; x_wconf 87' lang='lat' dir='ltr'>necessitatem</span> <span class='ocrx_word' id='word_1_466' title='bbox 670 4590 776 4673; x_wconf 78' lang='lat' dir='ltr'>magis</span> <span class='ocrx_word' id='word_1_467' title='bbox 798 4588 947 4654; x_wconf 90' lang='lat' dir='ltr'>addictus</span> <span class='ocrx_word' id='word_1_468' title='bbox 969 4595 1033 4667; x_wconf 88' lang='lat' dir='ltr'>est,</span> <span class='ocrx_word' id='word_1_469' title='bbox 1062 4599 1222 4673; x_wconf 89' lang='lat' dir='ltr'>quantum</span> 
     </span>
     <span class='ocr_line' id='line_1_48' title="bbox 245 4674 1222 4758; baseline 0 -17"><span class='ocrx_word' id='word_1_470' title='bbox 245 4676 325 4741; x_wconf 89' lang='lat' dir='ltr'>satis</span> <span class='ocrx_word' id='word_1_471' title='bbox 344 4688 423 4750; x_wconf 89' lang='lat' dir='ltr'>crat,</span> <span class='ocrx_word' id='word_1_472' title='bbox 447 4677 611 4741; x_wconf 89' lang='lat' dir='ltr'>Dominus</span> <span class='ocrx_word' id='word_1_473' title='bbox 623 4675 801 4757; x_wconf 90' lang='lat' dir='ltr'>opitulatus</span> <span class='ocrx_word' id='word_1_474' title='bbox 823 4682 874 4739; x_wconf 87' lang='lat' dir='ltr'>est</span> <span class='ocrx_word' id='word_1_475' title='bbox 894 4674 987 4740; x_wconf 90' lang='lat' dir='ltr'>nobis</span> <span class='ocrx_word' id='word_1_476' title='bbox 1009 4676 1043 4738; x_wconf 95' lang='lat' dir='ltr'>iu</span> <span class='ocrx_word' id='word_1_477' title='bbox 1056 4676 1118 4740; x_wconf 90' lang='lat' dir='ltr'>hac</span> <span class='ocrx_word' id='word_1_478' title='bbox 1129 4685 1222 4758; x_wconf 89' lang='lat' dir='ltr'>parte</span> 
     </span>
     <span class='ocr_line' id='line_1_49' title="bbox 245 4761 1222 4845; baseline 0 -19"><span class='ocrx_word' id='word_1_479' title='bbox 245 4761 324 4826; x_wconf 88' lang='lat' dir='ltr'>dum</span> <span class='ocrx_word' id='word_1_480' title='bbox 346 4764 535 4845; x_wconf 78' lang='lat' dir='ltr'>coniugium</span> <span class='ocrx_word' id='word_1_481' title='bbox 552 4761 706 4833; x_wconf 87' lang='lat' dir='ltr'>instituit,</span> <span class='ocrx_word' id='word_1_482' title='bbox 729 4763 822 4827; x_wconf 92' lang='lat' dir='ltr'>cuius</span> <span class='ocrx_word' id='word_1_483' title='bbox 844 4761 1031 4826; x_wconf 87' lang='lat' dir='ltr'>societatem</span> <span class='ocrx_word' id='word_1_484' title='bbox 1053 4783 1113 4826; x_wconf 90' lang='lat' dir='ltr'>sua</span> <span class='ocrx_word' id='word_1_485' title='bbox 1130 4773 1222 4826; x_wconf 86' lang='lat' dir='ltr'>auto·</span> 
     </span>
     <span class='ocr_line' id='line_1_50' title="bbox 246 4846 1219 4930; baseline -0.001 -19"><span class='ocrx_word' id='word_1_486' title='bbox 246 4849 345 4911; x_wconf 87' lang='lat' dir='ltr'>ritate</span> <span class='ocrx_word' id='word_1_487' title='bbox 366 4847 497 4924; x_wconf 89' lang='lat' dir='ltr'>initam,</span> <span class='ocrx_word' id='word_1_488' title='bbox 521 4870 581 4911; x_wconf 88' lang='lat' dir='ltr'>sua</span> <span class='ocrx_word' id='word_1_489' title='bbox 598 4868 726 4930; x_wconf 87' lang='lat' dir='ltr'>quoque</span> <span class='ocrx_word' id='word_1_490' title='bbox 747 4846 973 4913; x_wconf 90' lang='lat' dir='ltr'>benedictione</span> <span class='ocrx_word' id='word_1_491' title='bbox 995 4848 1219 4913; x_wconf 73' lang='lat' dir='ltr'>sanctificarit..</span> 
     </span>
     <span class='ocr_line' id='line_1_51' title="bbox 244 4932 1220 5018; baseline 0.001 -22"><span class='ocrx_word' id='word_1_492' title='bbox 244 4932 341 4997; x_wconf 88' lang='lat' dir='ltr'>Unde</span> <span class='ocrx_word' id='word_1_493' title='bbox 364 4940 491 4994; x_wconf 88' lang='lat' dir='ltr'>constat</span> <span class='ocrx_word' id='word_1_494' title='bbox 513 4940 546 4996; x_wconf 89' lang='lat' dir='ltr'>et</span> <span class='ocrx_word' id='word_1_495' title='bbox 567 4933 665 4997; x_wconf 88' lang='lat' dir='ltr'>aliam</span> <span class='ocrx_word' id='word_1_496' title='bbox 687 4933 875 5015; x_wconf 87' lang='lat' dir='ltr'>quamlibet,</span> <span class='ocrx_word' id='word_1_497' title='bbox 904 4942 999 4998; x_wconf 85' lang='lat' dir='ltr'>extra</span> <span class='ocrx_word' id='word_1_498' title='bbox 1021 4933 1220 5018; x_wconf 84' lang='lat' dir='ltr'>coniugium,</span> 
     </span>
    </p>
   </div>
   <div class='ocr_carea' id='block_1_11' title="bbox 245 5186 1221 5325">
    <p class='ocr_par' dir='ltr' id='par_1_11' title="bbox 245 5186 1221 5325">
     <span class='ocr_line' id='line_1_52' title="bbox 245 5186 1221 5325; baseline 0.005 -83"><span class='ocrx_word' id='word_1_499' title='bbox 245 5187 345 5325; x_wconf 37' lang='lat' dir='ltr'>mg)</span> <span class='ocrx_word' id='word_1_500' title='bbox 364 5187 439 5243; x_wconf 82' lang='lat' dir='ltr'>Edd.</span> <span class='ocrx_word' id='word_1_501' title='bbox 456 5186 605 5241; x_wconf 64' lang='grc' dir='ltr'>ηοιιηοῐὶοι</span> <span class='ocrx_word' id='word_1_502' title='bbox 626 5189 788 5243; x_wconf 74' lang='lat' dir='ltr'>recentiora</span> <span class='ocrx_word' id='word_1_503' title='bbox 805 5190 922 5243; x_wconf 84' lang='lat' dir='ltr'>abducat</span> <span class='ocrx_word' id='word_1_504' title='bbox 938 5189 1031 5259; x_wconf 84' lang='grc'><strong>(1611.</strong></span> <span class='ocrx_word' id='word_1_505' title='bbox 1050 5188 1126 5245; x_wconf 78' lang='grc'><strong>1664.</strong></span> <span class='ocrx_word' id='word_1_506' title='bbox 1145 5190 1221 5247; x_wconf 80' lang='grc'><strong>1667.</strong></span> 
     </span>
    </p>
   </div>
   <div class='ocr_carea' id='block_1_12' title="bbox 1272 2236 2304 5233">
    <p class='ocr_par' dir='ltr' id='par_1_12' title="bbox 1276 2236 2304 3862">
     <span class='ocr_line' id='line_1_53' title="bbox 1279 2236 2255 2320; baseline 0.001 -18"><span class='ocrx_word' id='word_1_507' title='bbox 1279 2239 1426 2302; x_wconf 89' lang='lat' dir='ltr'>adiutum</span> <span class='ocrx_word' id='word_1_508' title='bbox 1448 2239 1557 2302; x_wconf 88' lang='lat' dir='ltr'>onmia</span> <span class='ocrx_word' id='word_1_509' title='bbox 1579 2258 1682 2320; x_wconf 85' lang='lat' dir='ltr'>posse.</span> <span class='ocrx_word' id='word_1_510' title='bbox 1727 2236 1791 2301; x_wconf 91' lang='lat' dir='ltr'>Dei</span> <span class='ocrx_word' id='word_1_511' title='bbox 1815 2238 1903 2301; x_wconf 91' lang='lat' dir='ltr'>enim</span> <span class='ocrx_word' id='word_1_512' title='bbox 1925 2239 2085 2303; x_wconf 90' lang='lat' dir='ltr'>auxilium</span> <span class='ocrx_word' id='word_1_513' title='bbox 2108 2261 2172 2303; x_wconf 94' lang='lat' dir='ltr'>non</span> <span class='ocrx_word' id='word_1_514' title='bbox 2191 2240 2255 2304; x_wconf 90' lang='lat' dir='ltr'>nisi</span> 
     </span>
     <span class='ocr_line' id='line_1_54' title="bbox 1279 2320 2257 2406; baseline 0.002 -19"><span class='ocrx_word' id='word_1_515' title='bbox 1279 2325 1320 2388; x_wconf 90' lang='lat' dir='ltr'>iis</span> <span class='ocrx_word' id='word_1_516' title='bbox 1342 2325 1443 2399; x_wconf 88' lang='lat' dir='ltr'>adest,</span> <span class='ocrx_word' id='word_1_517' title='bbox 1467 2324 1577 2406; x_wconf 92' lang='lat' dir='ltr'>quiin</span> <span class='ocrx_word' id='word_1_518' title='bbox 1600 2323 1662 2388; x_wconf 90' lang='lat' dir='ltr'>viis</span> <span class='ocrx_word' id='word_1_519' title='bbox 1685 2323 1754 2386; x_wconf 79' lang='lat' dir='ltr'>stris</span> <span class='ocrx_word' id='word_1_520' title='bbox 1776 2320 1953 2402; x_wconf 82' lang='lat' dir='ltr'>ambrilant,</span> <span class='ocrx_word' id='word_1_521' title='bbox 1976 2326 2039 2389; x_wconf 89' lang='lat' dir='ltr'>hoc</span> <span class='ocrx_word' id='word_1_522' title='bbox 2057 2340 2116 2403; x_wconf 89' lang='lat' dir='ltr'>est,</span> <span class='ocrx_word' id='word_1_523' title='bbox 2139 2327 2175 2389; x_wconf 92' lang='lat' dir='ltr'>in</span> <span class='ocrx_word' id='word_1_524' title='bbox 2197 2346 2257 2390; x_wconf 90' lang='lat' dir='ltr'>sua</span> 
     </span>
     <span class='ocr_line' id='line_1_55' title="bbox 1280 2409 2256 2495; baseline 0 -21"><span class='ocrx_word' id='word_1_525' title='bbox 1280 2412 1457 2488; x_wconf 86' lang='lat' dir='ltr'>vocatione,</span> <span class='ocrx_word' id='word_1_526' title='bbox 1482 2432 1500 2474; x_wconf 92' lang='lat' dir='ltr'>a</span> <span class='ocrx_word' id='word_1_527' title='bbox 1522 2432 1586 2492; x_wconf 89' lang='lat' dir='ltr'>qua</span> <span class='ocrx_word' id='word_1_528' title='bbox 1609 2430 1643 2473; x_wconf 90' lang='lat' dir='ltr'>se</span> <span class='ocrx_word' id='word_1_529' title='bbox 1666 2429 1779 2474; x_wconf 89' lang='lat' dir='ltr'>omnes</span> <span class='ocrx_word' id='word_1_530' title='bbox 1802 2409 1997 2489; x_wconf 86' lang='lat' dir='ltr'>subducunt,</span> <span class='ocrx_word' id='word_1_531' title='bbox 2019 2413 2075 2493; x_wconf 92' lang='lat' dir='ltr'>qui</span> <span class='ocrx_word' id='word_1_532' title='bbox 2097 2412 2256 2495; x_wconf 88' lang='lat' dir='ltr'>praeteri-</span> 
     </span>
     <span class='ocr_line' id='line_1_56' title="bbox 1279 2495 2257 2580; baseline 0.002 -21"><span class='ocrx_word' id='word_1_533' title='bbox 1279 2497 1323 2561; x_wconf 90' lang='lat' dir='ltr'>tis</span> <span class='ocrx_word' id='word_1_534' title='bbox 1344 2496 1407 2560; x_wconf 89' lang='lat' dir='ltr'>Dei</span> <span class='ocrx_word' id='word_1_535' title='bbox 1433 2496 1588 2560; x_wconf 85' lang='lat' dir='ltr'>subsidiis</span> <span class='ocrx_word' id='word_1_536' title='bbox 1611 2495 1822 2561; x_wconf 86' lang='lat' dir='ltr'>necessitates</span> <span class='ocrx_word' id='word_1_537' title='bbox 1850 2518 1926 2561; x_wconf 87' lang='lat' dir='ltr'>suas</span> <span class='ocrx_word' id='word_1_538' title='bbox 1954 2518 2109 2580; x_wconf 83' lang='lat' dir='ltr'>superare</span> <span class='ocrx_word' id='word_1_539' title='bbox 2132 2497 2257 2563; x_wconf 90' lang='lat' dir='ltr'>elucta-</span> 
     </span>
     <span class='ocr_line' id='line_1_57' title="bbox 1279 2581 2257 2664; baseline 0.001 -19"><span class='ocrx_word' id='word_1_540' title='bbox 1279 2584 1370 2664; x_wconf 90' lang='lat' dir='ltr'>rique</span> <span class='ocrx_word' id='word_1_541' title='bbox 1403 2583 1493 2645; x_wconf 91' lang='lat' dir='ltr'>inani</span> <span class='ocrx_word' id='word_1_542' title='bbox 1526 2581 1711 2644; x_wconf 85' lang='lat' dir='ltr'>temeritate</span> <span class='ocrx_word' id='word_1_543' title='bbox 1744 2582 1956 2647; x_wconf 87' lang='lat' dir='ltr'>contendunt.</span> <span class='ocrx_word' id='word_1_544' title='bbox 2009 2582 2257 2648; x_wconf 81' lang='lat' dir='ltr'>Continentiam</span> 
     </span>
     <span class='ocr_line' id='line_1_58' title="bbox 1279 2666 2257 2764; baseline 0.001 -33"><span class='ocrx_word' id='word_1_545' title='bbox 1279 2668 1444 2751; x_wconf 79' lang='lat' dir='ltr'>singulare</span> <span class='ocrx_word' id='word_1_546' title='bbox 1466 2688 1537 2732; x_wconf 91' lang='lat' dir='ltr'>esse</span> <span class='ocrx_word' id='word_1_547' title='bbox 1558 2667 1622 2764; x_wconf 84' lang='lat' dir='ltr'>Dei</span> <span class='ocrx_word' id='word_1_548' title='bbox 1646 2666 1782 2746; x_wconf 87' lang='lat' dir='ltr'>donum,</span> <span class='ocrx_word' id='word_1_549' title='bbox 1811 2675 1908 2749; x_wconf 88' lang='lat' dir='ltr'>atque</span> <span class='ocrx_word' id='word_1_550' title='bbox 1936 2689 1977 2732; x_wconf 88' lang='lat' dir='ltr'>ex</span> <span class='ocrx_word' id='word_1_551' title='bbox 1999 2690 2112 2733; x_wconf 89' lang='lat' dir='ltr'>eorum</span> <span class='ocrx_word' id='word_1_552' title='bbox 2134 2689 2257 2751; x_wconf 84' lang='lat' dir='ltr'>genere</span> 
     </span>
     <span class='ocr_line' id='line_1_59' title="bbox 1280 2754 2257 2837; baseline 0.002 -20"><span class='ocrx_word' id='word_1_553' title='bbox 1280 2775 1361 2837; x_wconf 90' lang='lat' dir='ltr'>quac</span> <span class='ocrx_word' id='word_1_554' title='bbox 1384 2775 1451 2817; x_wconf 92' lang='lat' dir='ltr'>non</span> <span class='ocrx_word' id='word_1_555' title='bbox 1472 2774 1671 2835; x_wconf 81' lang='lat' dir='ltr'>promiscue,</span> <span class='ocrx_word' id='word_1_556' title='bbox 1698 2773 1757 2817; x_wconf 91' lang='lat' dir='ltr'>nec</span> <span class='ocrx_word' id='word_1_557' title='bbox 1780 2754 1815 2817; x_wconf 94' lang='lat' dir='ltr'>in</span> <span class='ocrx_word' id='word_1_558' title='bbox 1838 2755 2030 2819; x_wconf 85' lang='lat' dir='ltr'>universum</span> <span class='ocrx_word' id='word_1_559' title='bbox 2052 2755 2180 2837; x_wconf 90' lang='lat' dir='ltr'>corpori</span> <span class='ocrx_word' id='word_1_560' title='bbox 2203 2776 2257 2819; x_wconf 87' lang='lat' dir='ltr'>ee·</span> 
     </span>
     <span class='ocr_line' id='line_1_60' title="bbox 1279 2838 2258 2920; baseline 0.002 -17"><span class='ocrx_word' id='word_1_561' title='bbox 1279 2840 1410 2918; x_wconf 91' lang='lat' dir='ltr'>clesiac,</span> <span class='ocrx_word' id='word_1_562' title='bbox 1446 2839 1503 2903; x_wconf 91' lang='lat' dir='ltr'>sed</span> <span class='ocrx_word' id='word_1_563' title='bbox 1536 2838 1649 2920; x_wconf 92' lang='lat' dir='ltr'>paneis</span> <span class='ocrx_word' id='word_1_564' title='bbox 1676 2839 1833 2903; x_wconf 88' lang='lat' dir='ltr'>membris</span> <span class='ocrx_word' id='word_1_565' title='bbox 1863 2841 2069 2905; x_wconf 82' lang='lat' dir='ltr'>coufentntur</span> <span class='ocrx_word' id='word_1_566' title='bbox 2091 2840 2258 2905; x_wconf 90' lang='lat' dir='ltr'>Dominus</span> 
     </span>
     <span class='ocr_line' id='line_1_61' title="bbox 1280 2924 2257 3008; baseline 0.001 -19"><span class='ocrx_word' id='word_1_567' title='bbox 1280 2926 1422 2990; x_wconf 86' lang='lat' dir='ltr'>affirmat</span> <span class='ocrx_word' id='word_1_568' title='bbox 1443 2924 1579 3008; x_wconf 87' lang='lat' dir='ltr'>(Matth.</span> <span class='ocrx_word' id='word_1_569' title='bbox 1602 2928 1650 3001; x_wconf 82' lang='lat' dir='ltr'>la,</span> <span class='ocrx_word' id='word_1_570' title='bbox 1675 2924 1738 3008; x_wconf 81' lang='lat'>12).</span> <span class='ocrx_word' id='word_1_571' title='bbox 1774 2925 1926 2990; x_wconf 89' lang='lat' dir='ltr'>Primum</span> <span class='ocrx_word' id='word_1_572' title='bbox 1945 2928 2033 2989; x_wconf 91' lang='lat' dir='ltr'>enim</span> <span class='ocrx_word' id='word_1_573' title='bbox 2049 2932 2178 2990; x_wconf 89' lang='lat' dir='ltr'>certum</span> <span class='ocrx_word' id='word_1_574' title='bbox 2196 2927 2257 2990; x_wconf 91' lang='lat' dir='ltr'>ho·</span> 
     </span>
     <span class='ocr_line' id='line_1_62' title="bbox 1278 3011 2257 3095; baseline 0 -20"><span class='ocrx_word' id='word_1_575' title='bbox 1278 3013 1404 3075; x_wconf 92' lang='lat' dir='ltr'>minum</span> <span class='ocrx_word' id='word_1_576' title='bbox 1438 3032 1541 3094; x_wconf 86' lang='lat' dir='ltr'>genus</span> <span class='ocrx_word' id='word_1_577' title='bbox 1574 3011 1666 3090; x_wconf 87' lang='lat' dir='ltr'>facit,</span> <span class='ocrx_word' id='word_1_578' title='bbox 1706 3011 1793 3093; x_wconf 91' lang='lat' dir='ltr'>quod</span> <span class='ocrx_word' id='word_1_579' title='bbox 1832 3033 1867 3076; x_wconf 87' lang='lat' dir='ltr'>se</span> <span class='ocrx_word' id='word_1_580' title='bbox 1900 3013 2093 3077; x_wconf 80' lang='lat' dir='ltr'>castraverit</span> <span class='ocrx_word' id='word_1_581' title='bbox 2123 3022 2257 3095; x_wconf 90' lang='lat' dir='ltr'>propter</span> 
     </span>
     <span class='ocr_line' id='line_1_63' title="bbox 1279 3096 2257 3180; baseline 0.001 -20"><span class='ocrx_word' id='word_1_582' title='bbox 1279 3118 1421 3180; x_wconf 79' lang='lat' dir='ltr'>regnum</span> <span class='ocrx_word' id='word_1_583' title='bbox 1442 3096 1622 3174; x_wconf 90' lang='lat' dir='ltr'>coelorum,</span> <span class='ocrx_word' id='word_1_584' title='bbox 1651 3096 1714 3161; x_wconf 88' lang='lat' dir='ltr'>hoc</span> <span class='ocrx_word' id='word_1_585' title='bbox 1735 3106 1799 3175; x_wconf 91' lang='lat' dir='ltr'>cst,</span> <span class='ocrx_word' id='word_1_586' title='bbox 1828 3106 1867 3161; x_wconf 91' lang='lat' dir='ltr'>ut</span> <span class='ocrx_word' id='word_1_587' title='bbox 1893 3097 2032 3162; x_wconf 89' lang='lat' dir='ltr'>solutius</span> <span class='ocrx_word' id='word_1_588' title='bbox 2059 3117 2097 3161; x_wconf 92' lang='lat' dir='ltr'>ac</span> <span class='ocrx_word' id='word_1_589' title='bbox 2121 3096 2257 3162; x_wconf 89' lang='lat' dir='ltr'>liberius</span> 
     </span>
     <span class='ocr_line' id='line_1_64' title="bbox 1279 3181 2257 3266; baseline 0.001 -19"><span class='ocrx_word' id='word_1_590' title='bbox 1279 3204 1396 3247; x_wconf 84' lang='lat' dir='ltr'>vacare-</span> <span class='ocrx_word' id='word_1_591' title='bbox 1418 3183 1511 3265; x_wconf 72' lang='lat' dir='ltr'>regni</span> <span class='ocrx_word' id='word_1_592' title='bbox 1533 3181 1682 3247; x_wconf 88' lang='lat' dir='ltr'>coelestis</span> <span class='ocrx_word' id='word_1_593' title='bbox 1710 3184 1852 3266; x_wconf 82' lang='lat' dir='ltr'>negotiis</span> <span class='ocrx_word' id='word_1_594' title='bbox 1874 3183 1977 3249; x_wconf 89' lang='lat' dir='ltr'>liceat.</span> <span class='ocrx_word' id='word_1_595' title='bbox 2023 3184 2070 3248; x_wconf 86' lang='lat' dir='ltr'>At</span> <span class='ocrx_word' id='word_1_596' title='bbox 2092 3205 2133 3247; x_wconf 91' lang='lat' dir='ltr'>ne</span> <span class='ocrx_word' id='word_1_597' title='bbox 2155 3183 2257 3248; x_wconf 85' lang='lat' dir='ltr'>talem</span> 
     </span>
     <span class='ocr_line' id='line_1_65' title="bbox 1279 3268 2255 3353; baseline 0 -20"><span class='ocrx_word' id='word_1_598' title='bbox 1279 3269 1510 3333; x_wconf 74' lang='lat' dir='ltr'>aestuationem</span> <span class='ocrx_word' id='word_1_599' title='bbox 1538 3289 1608 3332; x_wconf 91' lang='lat' dir='ltr'>esse</span> <span class='ocrx_word' id='word_1_600' title='bbox 1638 3268 1671 3332; x_wconf 92' lang='lat' dir='ltr'>in</span> <span class='ocrx_word' id='word_1_601' title='bbox 1699 3269 1842 3332; x_wconf 91' lang='lat' dir='ltr'>hominis</span> <span class='ocrx_word' id='word_1_602' title='bbox 1872 3271 1968 3334; x_wconf 87' lang='lat' dir='ltr'>sitam</span> <span class='ocrx_word' id='word_1_603' title='bbox 1997 3276 2158 3353; x_wconf 87' lang='lat' dir='ltr'>potestate</span> <span class='ocrx_word' id='word_1_604' title='bbox 2180 3270 2255 3352; x_wconf 88' lang='lat' dir='ltr'>quis</span> 
     </span>
     <span class='ocr_line' id='line_1_66' title="bbox 1277 3353 2304 3441; baseline 0.002 -23"><span class='ocrx_word' id='word_1_605' title='bbox 1277 3361 1386 3437; x_wconf 90' lang='lat' dir='ltr'>putet,</span> <span class='ocrx_word' id='word_1_606' title='bbox 1414 3354 1512 3436; x_wconf 90' lang='lat' dir='ltr'>paulo</span> <span class='ocrx_word' id='word_1_607' title='bbox 1540 3362 1614 3417; x_wconf 88' lang='lat' dir='ltr'>ante</span> <span class='ocrx_word' id='word_1_608' title='bbox 1635 3353 1823 3419; x_wconf 90' lang='lat' dir='ltr'>ostenderat</span> <span class='ocrx_word' id='word_1_609' title='bbox 1842 3375 1910 3419; x_wconf 93' lang='lat' dir='ltr'>non</span> <span class='ocrx_word' id='word_1_610' title='bbox 1931 3376 2044 3420; x_wconf 90' lang='lat' dir='ltr'>omnes</span> <span class='ocrx_word' id='word_1_611' title='bbox 2066 3376 2137 3420; x_wconf 87' lang='lat' dir='ltr'>esse</span> <span class='ocrx_word' id='word_1_612' title='bbox 2159 3375 2255 3438; x_wconf 90' lang='lat' dir='ltr'>capa·</span> <span class='ocrx_word' id='word_1_613' title='bbox 2300 3434 2304 3441; x_wconf 29' lang='grc'><strong>,</strong></span> 
     </span>
     <span class='ocr_line' id='line_1_67' title="bbox 1278 3439 2255 3523; baseline 0 -19"><span class='ocrx_word' id='word_1_614' title='bbox 1278 3460 1341 3518; x_wconf 88' lang='lat' dir='ltr'>ces,</span> <span class='ocrx_word' id='word_1_615' title='bbox 1361 3439 1418 3504; x_wconf 89' lang='lat' dir='ltr'>sed</span> <span class='ocrx_word' id='word_1_616' title='bbox 1435 3440 1553 3523; x_wconf 88' lang='lat' dir='ltr'>quibus</span> <span class='ocrx_word' id='word_1_617' title='bbox 1569 3441 1780 3522; x_wconf 86' lang='lat' dir='ltr'>peculiariter</span> <span class='ocrx_word' id='word_1_618' title='bbox 1797 3462 1816 3503; x_wconf 92' lang='lat' dir='ltr'>e</span> <span class='ocrx_word' id='word_1_619' title='bbox 1833 3441 1923 3506; x_wconf 92' lang='lat' dir='ltr'>coelo</span> <span class='ocrx_word' id='word_1_620' title='bbox 1939 3441 2053 3506; x_wconf 90' lang='lat' dir='ltr'>datum</span> <span class='ocrx_word' id='word_1_621' title='bbox 2071 3442 2122 3506; x_wconf 91' lang='lat' dir='ltr'>sit.</span> <span class='ocrx_word' id='word_1_622' title='bbox 2157 3441 2255 3507; x_wconf 88' lang='lat' dir='ltr'>Unde</span> 
     </span>
     <span class='ocr_line' id='line_1_68' title="bbox 1277 3525 2254 3609; baseline -0.001 -17"><span class='ocrx_word' id='word_1_623' title='bbox 1277 3525 1457 3603; x_wconf 84' lang='lat' dir='ltr'>concludit,</span> <span class='ocrx_word' id='word_1_624' title='bbox 1479 3526 1537 3607; x_wconf 90' lang='lat' dir='ltr'>qui</span> <span class='ocrx_word' id='word_1_625' title='bbox 1557 3535 1666 3607; x_wconf 89' lang='lat' dir='ltr'>potest</span> <span class='ocrx_word' id='word_1_626' title='bbox 1687 3547 1803 3609; x_wconf 88' lang='lat' dir='ltr'>capere</span> <span class='ocrx_word' id='word_1_627' title='bbox 1825 3528 1941 3609; x_wconf 87' lang='lat' dir='ltr'>capiat.</span> <span class='ocrx_word' id='word_1_628' title='bbox 1986 3528 2116 3591; x_wconf 85' lang='lat' dir='ltr'>Assorit</span> <span class='ocrx_word' id='word_1_629' title='bbox 2137 3528 2254 3591; x_wconf 89' lang='lat' dir='ltr'>etiam-</span> 
     </span>
     <span class='ocr_line' id='line_1_69' title="bbox 1277 3611 2252 3696; baseline -0.002 -21"><span class='ocrx_word' id='word_1_630' title='bbox 1277 3632 1358 3675; x_wconf 91' lang='lat' dir='ltr'>num</span> <span class='ocrx_word' id='word_1_631' title='bbox 1391 3612 1537 3694; x_wconf 87' lang='lat' dir='ltr'>apertius</span> <span class='ocrx_word' id='word_1_632' title='bbox 1568 3611 1707 3691; x_wconf 81' lang='lat' dir='ltr'>Paulus,</span> <span class='ocrx_word' id='word_1_633' title='bbox 1740 3611 1820 3676; x_wconf 91' lang='lat' dir='ltr'>dum</span> <span class='ocrx_word' id='word_1_634' title='bbox 1854 3612 1966 3676; x_wconf 88' lang='lat' dir='ltr'>scribit</span> <span class='ocrx_word' id='word_1_635' title='bbox 1997 3612 2030 3695; x_wconf 93' lang='lat' dir='ltr'>(l</span> <span class='ocrx_word' id='word_1_636' title='bbox 2051 3614 2126 3678; x_wconf 84' lang='lat' dir='ltr'>Oor.</span> <span class='ocrx_word' id='word_1_637' title='bbox 2155 3617 2187 3685; x_wconf 80' lang='lat'>7,</span> <span class='ocrx_word' id='word_1_638' title='bbox 2208 3614 2252 3696; x_wconf 85' lang='lat'>7),</span> 
     </span>
     <span class='ocr_line' id='line_1_70' title="bbox 1277 3696 2253 3781; baseline 0.002 -21"><span class='ocrx_word' id='word_1_639' title='bbox 1277 3718 1544 3780; x_wconf 89' lang='lat' dir='ltr'>unumquemque</span> <span class='ocrx_word' id='word_1_640' title='bbox 1583 3696 1703 3762; x_wconf 90' lang='lat' dir='ltr'>habere</span> <span class='ocrx_word' id='word_1_641' title='bbox 1741 3699 1911 3781; x_wconf 87' lang='lat' dir='ltr'>proprimn</span> <span class='ocrx_word' id='word_1_642' title='bbox 1951 3697 2073 3763; x_wconf 90' lang='lat' dir='ltr'>donum</span> <span class='ocrx_word' id='word_1_643' title='bbox 2114 3720 2134 3763; x_wconf 90' lang='lat' dir='ltr'>a</span> <span class='ocrx_word' id='word_1_644' title='bbox 2164 3699 2253 3777; x_wconf 92' lang='lat' dir='ltr'>Deo;</span> 
     </span>
     <span class='ocr_line' id='line_1_71' title="bbox 1276 3784 1832 3862; baseline 0.002 -15"><span class='ocrx_word' id='word_1_645' title='bbox 1276 3805 1379 3847; x_wconf 91' lang='lat' dir='ltr'>unum</span> <span class='ocrx_word' id='word_1_646' title='bbox 1403 3784 1458 3862; x_wconf 91' lang='lat' dir='ltr'>sic,</span> <span class='ocrx_word' id='word_1_647' title='bbox 1482 3784 1622 3847; x_wconf 87' lang='lat' dir='ltr'>alterum</span> <span class='ocrx_word' id='word_1_648' title='bbox 1643 3791 1754 3847; x_wconf 91' lang='lat' dir='ltr'>autem</span> <span class='ocrx_word' id='word_1_649' title='bbox 1777 3784 1832 3849; x_wconf 91' lang='lat' dir='ltr'>sic.</span> 
     </span>
    </p>

    <p class='ocr_par' dir='ltr' id='par_1_13' title="bbox 1272 3868 2254 5233">
     <span class='ocr_line' id='line_1_72' title="bbox 1362 3868 2252 3951; baseline 0.002 -20"><span class='ocrx_word' id='word_1_650' title='bbox 1362 3874 1413 3934; x_wconf 79' lang='lat'>43.</span> <span class='ocrx_word' id='word_1_651' title='bbox 1459 3868 1599 3949; x_wconf 81' lang='lat' dir='ltr'>Quando</span> <span class='ocrx_word' id='word_1_652' title='bbox 1627 3877 1740 3951; x_wconf 87' lang='lat' dir='ltr'>aperta</span> <span class='ocrx_word' id='word_1_653' title='bbox 1762 3868 2009 3934; x_wconf 88' lang='lat' dir='ltr'>denuntiatione</span> <span class='ocrx_word' id='word_1_654' title='bbox 2028 3869 2252 3943; x_wconf 90' lang='lat' dir='ltr'>admonemur,</span> 
     </span>
     <span class='ocr_line' id='line_1_73' title="bbox 1276 3954 2252 4031; baseline 0.002 -13"><span class='ocrx_word' id='word_1_655' title='bbox 1276 3976 1342 4019; x_wconf 89' lang='lat' dir='ltr'>non</span> <span class='ocrx_word' id='word_1_656' title='bbox 1365 3977 1436 4020; x_wconf 88' lang='lat' dir='ltr'>esse</span> <span class='ocrx_word' id='word_1_657' title='bbox 1457 3954 1632 4020; x_wconf 89' lang='lat' dir='ltr'>cuiuslibet</span> <span class='ocrx_word' id='word_1_658' title='bbox 1659 3978 1791 4021; x_wconf 87' lang='lat' dir='ltr'>servare</span> <span class='ocrx_word' id='word_1_659' title='bbox 1811 3958 1994 4020; x_wconf 88' lang='lat' dir='ltr'>castitatem</span> <span class='ocrx_word' id='word_1_660' title='bbox 2020 3957 2056 4019; x_wconf 93' lang='lat' dir='ltr'>in</span> <span class='ocrx_word' id='word_1_661' title='bbox 2080 3954 2252 4031; x_wconf 88' lang='lat' dir='ltr'>caelibatu,</span> 
     </span>
     <span class='ocr_line' id='line_1_74' title="bbox 1276 4040 2254 4125; baseline 0.001 -21"><span class='ocrx_word' id='word_1_662' title='bbox 1276 4041 1405 4105; x_wconf 89' lang='lat' dir='ltr'>etiamsi</span> <span class='ocrx_word' id='word_1_663' title='bbox 1427 4040 1534 4106; x_wconf 91' lang='lat' dir='ltr'>studio</span> <span class='ocrx_word' id='word_1_664' title='bbox 1552 4049 1585 4106; x_wconf 93' lang='lat' dir='ltr'>et</span> <span class='ocrx_word' id='word_1_665' title='bbox 1606 4050 1725 4106; x_wconf 92' lang='lat' dir='ltr'>conatu</span> <span class='ocrx_word' id='word_1_666' title='bbox 1747 4041 1788 4105; x_wconf 91' lang='lat' dir='ltr'>ad</span> <span class='ocrx_word' id='word_1_667' title='bbox 1810 4042 1845 4105; x_wconf 92' lang='lat' dir='ltr'>id</span> <span class='ocrx_word' id='word_1_668' title='bbox 1865 4043 2009 4108; x_wconf 88' lang='lat' dir='ltr'>maxime</span> <span class='ocrx_word' id='word_1_669' title='bbox 2031 4042 2168 4125; x_wconf 88' lang='lat' dir='ltr'>aspirct;</span> <span class='ocrx_word' id='word_1_670' title='bbox 2195 4065 2254 4125; x_wconf 86' lang='lat' dir='ltr'>pe-</span> 
     </span>
     <span class='ocr_line' id='line_1_75' title="bbox 1275 4127 2252 4212; baseline 0.003 -21"><span class='ocrx_word' id='word_1_671' title='bbox 1275 4127 1432 4192; x_wconf 88' lang='lat' dir='ltr'>culiarem</span> <span class='ocrx_word' id='word_1_672' title='bbox 1443 4149 1513 4192; x_wconf 89' lang='lat' dir='ltr'>esse</span> <span class='ocrx_word' id='word_1_673' title='bbox 1536 4129 1685 4212; x_wconf 74' lang='lat' dir='ltr'>guttim,</span> <span class='ocrx_word' id='word_1_674' title='bbox 1701 4149 1800 4210; x_wconf 88' lang='lat' dir='ltr'>qnam</span> <span class='ocrx_word' id='word_1_675' title='bbox 1818 4127 1983 4192; x_wconf 91' lang='lat' dir='ltr'>Dominus</span> <span class='ocrx_word' id='word_1_676' title='bbox 1994 4150 2060 4192; x_wconf 93' lang='lat' dir='ltr'>non</span> <span class='ocrx_word' id='word_1_677' title='bbox 2072 4128 2137 4193; x_wconf 89' lang='lat' dir='ltr'>nisi</span> <span class='ocrx_word' id='word_1_678' title='bbox 2154 4130 2252 4194; x_wconf 88' lang='lat' dir='ltr'>certis</span> 
     </span>
     <span class='ocr_line' id='line_1_76' title="bbox 1276 4212 2252 4298; baseline 0.002 -22"><span class='ocrx_word' id='word_1_679' title='bbox 1276 4212 1463 4277; x_wconf 90' lang='lat' dir='ltr'>homiuibus</span> <span class='ocrx_word' id='word_1_680' title='bbox 1485 4215 1624 4293; x_wconf 73' lang='lat' dir='ltr'>confert,</span> <span class='ocrx_word' id='word_1_681' title='bbox 1652 4236 1715 4296; x_wconf 90' lang='lat' dir='ltr'>quo</span> <span class='ocrx_word' id='word_1_682' title='bbox 1736 4216 1823 4297; x_wconf 92' lang='lat' dir='ltr'>ipsos</span> <span class='ocrx_word' id='word_1_683' title='bbox 1845 4212 1965 4279; x_wconf 90' lang='lat' dir='ltr'>habeat</span> <span class='ocrx_word' id='word_1_684' title='bbox 1986 4213 2028 4278; x_wconf 89' lang='lat' dir='ltr'>ad</span> <span class='ocrx_word' id='word_1_685' title='bbox 2050 4236 2134 4298; x_wconf 89' lang='lat' dir='ltr'>opus</span> <span class='ocrx_word' id='word_1_686' title='bbox 2155 4237 2252 4279; x_wconf 92' lang='lat' dir='ltr'>suum</span> 
     </span>
     <span class='ocr_line' id='line_1_77' title="bbox 1275 4299 2252 4381; baseline 0.004 -19"><span class='ocrx_word' id='word_1_687' title='bbox 1275 4299 1507 4381; x_wconf 82' lang='lat' dir='ltr'>expeditiores:</span> <span class='ocrx_word' id='word_1_688' title='bbox 1532 4301 1722 4365; x_wconf 89' lang='lat' dir='ltr'>uenneDeo</span> <span class='ocrx_word' id='word_1_689' title='bbox 1744 4307 1777 4365; x_wconf 88' lang='lat' dir='ltr'>et</span> <span class='ocrx_word' id='word_1_690' title='bbox 1798 4309 1937 4364; x_wconf 88' lang='lat' dir='ltr'>naturae</span> <span class='ocrx_word' id='word_1_691' title='bbox 1959 4301 1999 4365; x_wconf 90' lang='lat' dir='ltr'>ab</span> <span class='ocrx_word' id='word_1_692' title='bbox 2022 4322 2059 4365; x_wconf 91' lang='lat' dir='ltr'>co</span> <span class='ocrx_word' id='word_1_693' title='bbox 2080 4301 2252 4366; x_wconf 88' lang='lat' dir='ltr'>institutae</span> 
     </span>
     <span class='ocr_line' id='line_1_78' title="bbox 1275 4385 2252 4469; baseline 0.003 -22"><span class='ocrx_word' id='word_1_694' title='bbox 1275 4405 1514 4469; x_wconf 78' lang='lat' dir='ltr'>repugnamus,</span> <span class='ocrx_word' id='word_1_695' title='bbox 1541 4385 1567 4451; x_wconf 92' lang='lat' dir='ltr'>si</span> <span class='ocrx_word' id='word_1_696' title='bbox 1598 4407 1665 4450; x_wconf 91' lang='lat' dir='ltr'>non</span> <span class='ocrx_word' id='word_1_697' title='bbox 1687 4388 1776 4452; x_wconf 83' lang='lat' dir='ltr'>vitae</span> <span class='ocrx_word' id='word_1_698' title='bbox 1798 4394 1928 4450; x_wconf 87' lang='lat' dir='ltr'>nostrae</span> <span class='ocrx_word' id='word_1_699' title='bbox 1955 4406 2059 4469; x_wconf 85' lang='lat' dir='ltr'>genus</span> <span class='ocrx_word' id='word_1_700' title='bbox 2087 4386 2129 4451; x_wconf 91' lang='lat' dir='ltr'>ad</span> <span class='ocrx_word' id='word_1_701' title='bbox 2149 4387 2252 4452; x_wconf 84' lang='lat' dir='ltr'>facul-</span> 
     </span>
     <span class='ocr_line' id='line_1_79' title="bbox 1274 4470 2252 4538; baseline 0.001 -3"><span class='ocrx_word' id='word_1_702' title='bbox 1274 4470 1353 4535; x_wconf 86' lang='lat' dir='ltr'>tatis</span> <span class='ocrx_word' id='word_1_703' title='bbox 1382 4479 1512 4535; x_wconf 90' lang='lat' dir='ltr'>nostrae</span> <span class='ocrx_word' id='word_1_704' title='bbox 1535 4473 1668 4537; x_wconf 91' lang='lat' dir='ltr'>modurn</span> <span class='ocrx_word' id='word_1_705' title='bbox 1691 4470 1994 4537; x_wconf 85' lang='lat' dir='ltr'>accommodamus?</span> <span class='ocrx_word' id='word_1_706' title='bbox 2039 4473 2106 4536; x_wconf 89' lang='lat' dir='ltr'>Hic</span> <span class='ocrx_word' id='word_1_707' title='bbox 2127 4480 2252 4538; x_wconf 88' lang='lat' dir='ltr'>scorta-</span> 
     </span>
     <span class='ocr_line' id='line_1_80' title="bbox 1274 4557 2252 4643; baseline 0 -22"><span class='ocrx_word' id='word_1_708' title='bbox 1274 4557 1398 4641; x_wconf 78' lang='lat' dir='ltr'>tionem</span> <span class='ocrx_word' id='word_1_709' title='bbox 1418 4558 1581 4624; x_wconf 89' lang='lat' dir='ltr'>Dominus</span> <span class='ocrx_word' id='word_1_710' title='bbox 1602 4557 1768 4643; x_wconf 88' lang='lat' dir='ltr'>prohibet;</span> <span class='ocrx_word' id='word_1_711' title='bbox 1795 4558 1972 4640; x_wconf 85' lang='lat' dir='ltr'>puritatem</span> <span class='ocrx_word' id='word_1_712' title='bbox 1999 4567 2133 4643; x_wconf 81' lang='lat' dir='ltr'>ergoet</span> <span class='ocrx_word' id='word_1_713' title='bbox 2154 4559 2252 4641; x_wconf 91' lang='lat' dir='ltr'>pudi-</span> 
     </span>
     <span class='ocr_line' id='line_1_81' title="bbox 1274 4643 2253 4727; baseline 0.004 -22"><span class='ocrx_word' id='word_1_714' title='bbox 1274 4643 1386 4706; x_wconf 88' lang='lat' dir='ltr'>citiam</span> <span class='ocrx_word' id='word_1_715' title='bbox 1418 4664 1438 4706; x_wconf 90' lang='lat' dir='ltr'>a</span> <span class='ocrx_word' id='word_1_716' title='bbox 1471 4646 1564 4711; x_wconf 90' lang='lat' dir='ltr'>nobis</span> <span class='ocrx_word' id='word_1_717' title='bbox 1592 4643 1739 4727; x_wconf 86' lang='lat' dir='ltr'>requirit.</span> <span class='ocrx_word' id='word_1_718' title='bbox 1783 4645 1866 4708; x_wconf 87' lang='lat' dir='ltr'>Eius</span> <span class='ocrx_word' id='word_1_719' title='bbox 1893 4644 2074 4709; x_wconf 83' lang='lat' dir='ltr'>servandac</span> <span class='ocrx_word' id='word_1_720' title='bbox 2100 4663 2168 4708; x_wconf 90' lang='lat' dir='ltr'>una</span> <span class='ocrx_word' id='word_1_721' title='bbox 2200 4653 2253 4709; x_wconf 87' lang='lat' dir='ltr'>est-</span> 
     </span>
     <span class='ocr_line' id='line_1_82' title="bbox 1273 4728 2250 4814; baseline 0.002 -22"><span class='ocrx_word' id='word_1_722' title='bbox 1273 4730 1366 4808; x_wconf 89' lang='lat' dir='ltr'>rati0,</span> <span class='ocrx_word' id='word_1_723' title='bbox 1400 4738 1438 4794; x_wconf 90' lang='lat' dir='ltr'>ut</span> <span class='ocrx_word' id='word_1_724' title='bbox 1464 4753 1523 4796; x_wconf 87' lang='lat' dir='ltr'>suo</span> <span class='ocrx_word' id='word_1_725' title='bbox 1546 4732 1683 4814; x_wconf 89' lang='lat' dir='ltr'>quisque</span> <span class='ocrx_word' id='word_1_726' title='bbox 1704 4729 1838 4793; x_wconf 91' lang='lat' dir='ltr'>modulo</span> <span class='ocrx_word' id='word_1_727' title='bbox 1865 4750 1900 4794; x_wconf 89' lang='lat' dir='ltr'>sc</span> <span class='ocrx_word' id='word_1_728' title='bbox 1928 4731 2092 4795; x_wconf 86' lang='lat' dir='ltr'>metiatur.</span> <span class='ocrx_word' id='word_1_729' title='bbox 2143 4728 2250 4794; x_wconf 89' lang='lat' dir='ltr'>Nemo</span> 
     </span>
     <span class='ocr_line' id='line_1_83' title="bbox 1274 4816 2250 4894; baseline 0.001 -16"><span class='ocrx_word' id='word_1_730' title='bbox 1274 4823 1397 4880; x_wconf 89' lang='lat' dir='ltr'>temere</span> <span class='ocrx_word' id='word_1_731' title='bbox 1429 4816 1675 4881; x_wconf 89' lang='lat' dir='ltr'>matrimonium</span> <span class='ocrx_word' id='word_1_732' title='bbox 1709 4821 1911 4894; x_wconf 87' lang='lat' dir='ltr'>contemnat,</span> <span class='ocrx_word' id='word_1_733' title='bbox 1947 4817 2052 4882; x_wconf 85' lang='lat' dir='ltr'>veluti</span> <span class='ocrx_word' id='word_1_734' title='bbox 2082 4837 2151 4880; x_wconf 84' lang='lat' dir='ltr'>rein</span> <span class='ocrx_word' id='word_1_735' title='bbox 2187 4816 2250 4881; x_wconf 92' lang='lat' dir='ltr'>sibi</span> 
     </span>
     <span class='ocr_line' id='line_1_84' title="bbox 1274 4901 2249 4982; baseline 0.001 -18"><span class='ocrx_word' id='word_1_736' title='bbox 1274 4908 1333 4965; x_wconf 90' lang='lat' dir='ltr'>aut</span> <span class='ocrx_word' id='word_1_737' title='bbox 1361 4903 1513 4966; x_wconf 90' lang='lat' dir='ltr'>inutilem</span> <span class='ocrx_word' id='word_1_738' title='bbox 1546 4911 1604 4965; x_wconf 90' lang='lat' dir='ltr'>aut</span> <span class='ocrx_word' id='word_1_739' title='bbox 1635 4920 1887 4982; x_wconf 82' lang='lat' dir='ltr'>supervacuam3</span> <span class='ocrx_word' id='word_1_740' title='bbox 1925 4924 2021 4968; x_wconf 87' lang='lat' dir='ltr'>nemo</span> <span class='ocrx_word' id='word_1_741' title='bbox 2052 4901 2249 4967; x_wconf 84' lang='lat' dir='ltr'>caelibatum</span> 
     </span>
     <span class='ocr_line' id='line_1_85' title="bbox 1274 4987 2249 5072; baseline 0.001 -21"><span class='ocrx_word' id='word_1_742' title='bbox 1274 4987 1371 5052; x_wconf 80' lang='lat' dir='ltr'>aliter</span> <span class='ocrx_word' id='word_1_743' title='bbox 1392 4993 1531 5069; x_wconf 90' lang='lat' dir='ltr'>expetat,</span> <span class='ocrx_word' id='word_1_744' title='bbox 1555 5007 1652 5068; x_wconf 88' lang='lat' dir='ltr'>quam</span> <span class='ocrx_word' id='word_1_745' title='bbox 1675 4987 1704 5050; x_wconf 91' lang='lat' dir='ltr'>si</span> <span class='ocrx_word' id='word_1_746' title='bbox 1725 5006 1829 5052; x_wconf 89' lang='lat' dir='ltr'>uxore</span> <span class='ocrx_word' id='word_1_747' title='bbox 1850 5006 1961 5052; x_wconf 88' lang='lat' dir='ltr'>carere</span> <span class='ocrx_word' id='word_1_748' title='bbox 1982 4990 2095 5072; x_wconf 86' lang='lat' dir='ltr'>possit.</span> <span class='ocrx_word' id='word_1_749' title='bbox 2133 4989 2249 5072; x_wconf 87' lang='lat' dir='ltr'>Neque</span> 
     </span>
     <span class='ocr_line' id='line_1_86' title="bbox 1272 5068 2249 5154; baseline 0.001 -17"><span class='ocrx_word' id='word_1_750' title='bbox 1272 5073 1308 5136; x_wconf 88' lang='lat' dir='ltr'>in</span> <span class='ocrx_word' id='word_1_751' title='bbox 1340 5094 1377 5137; x_wconf 91' lang='lat' dir='ltr'>eo</span> <span class='ocrx_word' id='word_1_752' title='bbox 1410 5072 1510 5136; x_wconf 89' lang='lat' dir='ltr'>etiam</span> <span class='ocrx_word' id='word_1_753' title='bbox 1538 5071 1645 5134; x_wconf 88' lang='lat' dir='ltr'>carnis</span> <span class='ocrx_word' id='word_1_754' title='bbox 1674 5073 1907 5154; x_wconf 85' lang='lat' dir='ltr'>tranquillitati</span> <span class='ocrx_word' id='word_1_755' title='bbox 1938 5074 1991 5139; x_wconf 82' lang='lat' dir='ltr'>vol</span> <span class='ocrx_word' id='word_1_756' title='bbox 2026 5068 2249 5140; x_wconf 80' lang='lat' dir='ltr'>commoditati</span> 
     </span>
     <span class='ocr_line' id='line_1_87' title="bbox 1272 5155 2248 5233; baseline 0.001 -9"><span class='ocrx_word' id='word_1_757' title='bbox 1272 5157 1435 5233; x_wconf 87' lang='lat' dir='ltr'>consulat,</span> <span class='ocrx_word' id='word_1_758' title='bbox 1469 5155 1526 5220; x_wconf 89' lang='lat' dir='ltr'>sed</span> <span class='ocrx_word' id='word_1_759' title='bbox 1558 5162 1688 5219; x_wconf 87' lang='lat' dir='ltr'>tantum</span> <span class='ocrx_word' id='word_1_760' title='bbox 1721 5166 1760 5221; x_wconf 91' lang='lat' dir='ltr'>ut</span> <span class='ocrx_word' id='word_1_761' title='bbox 1793 5157 1924 5225; x_wconf 83' lang='lat' dir='ltr'>viriculo</span> <span class='ocrx_word' id='word_1_762' title='bbox 1957 5160 2020 5225; x_wconf 91' lang='lat' dir='ltr'>hoc</span> <span class='ocrx_word' id='word_1_763' title='bbox 2047 5161 2174 5227; x_wconf 90' lang='lat' dir='ltr'>solutus</span> <span class='ocrx_word' id='word_1_764' title='bbox 2207 5160 2248 5225; x_wconf 91' lang='lat' dir='ltr'>ad</span> 
     </span>
    </p>
   </div>
   <div class='ocr_carea' id='block_1_13' title="bbox 1272 5241 2251 5330">
    <p class='ocr_par' dir='ltr' id='par_1_14' title="bbox 1272 5241 2251 5330">
     <span class='ocr_line' id='line_1_88' title="bbox 1272 5241 2251 5330; baseline 0.005 -22"><span class='ocrx_word' id='word_1_765' title='bbox 1272 5243 1383 5308; x_wconf 91' lang='lat' dir='ltr'>omnia</span> <span class='ocrx_word' id='word_1_766' title='bbox 1402 5241 1535 5327; x_wconf 88' lang='lat' dir='ltr'>pietatis</span> <span class='ocrx_word' id='word_1_767' title='bbox 1555 5242 1662 5307; x_wconf 87' lang='lat' dir='ltr'>officia</span> <span class='ocrx_word' id='word_1_768' title='bbox 1682 5243 1863 5327; x_wconf 87' lang='lat' dir='ltr'>promptior</span> <span class='ocrx_word' id='word_1_769' title='bbox 1884 5246 1928 5309; x_wconf 87' lang='lat' dir='ltr'>sit</span> <span class='ocrx_word' id='word_1_770' title='bbox 1948 5266 1986 5311; x_wconf 89' lang='lat' dir='ltr'>ac</span> <span class='ocrx_word' id='word_1_771' title='bbox 2006 5249 2162 5330; x_wconf 85' lang='lat' dir='ltr'>paratior.</span> <span class='ocrx_word' id='word_1_772' title='bbox 2202 5248 2251 5312; x_wconf 78' lang='lat' dir='ltr'>at</span> 
     </span>
    </p>
   </div>
   <div class='ocr_carea' id='block_1_14' title="bbox 0 0 2340 5842">
    <p class='ocr_par' dir='ltr' id='par_1_15' title="bbox 0 0 2340 5842">
     <span class='ocr_line' id='line_1_89' title="bbox 0 0 2340 5842; baseline 0 1"><span class='ocrx_word' id='word_1_773' title='bbox 0 0 2340 5842; x_wconf 95' lang='lat' dir='ltr'> </span> 
     </span>
    </p>
   </div>
  </div>
 </body>
</html>
