4672 5842
136 313 198 378 309
438 311 528 376 LIB.
551 312 597 377 Π.
642 313 705 376 DE
730 311 1018 387 OQGNITIONE
1041 313 1125 378 DEI
1145 313 1495 383 REDEMPTORIS.
1540 314 1639 383 OAP.
1662 318 1758 385 VHI.
1782 320 1844 388 IX.
2084 329 2149 393 310

136 503 241 567 rietur
263 500 336 583 (Er.
359 503 412 577 18,
432 499 497 584 20).
542 499 643 577 Item,
672 499 758 582 quod
785 521 891 583 nuper
911 501 1023 566 citavi:
1058 502 1114 566 sti·
1163 501 1278 580 pietatc
1300 503 1521 582 excelluerunt,
1545 525 1601 569 nos
1622 504 1712 571 Dens
1734 510 1894 586 praetulit.
1941 508 2002 575 Cui
2029 509 2148 579 senten

136 587 293 672 pendium
328 587 450 668 peccati
482 607 570 657 mors
604 585 714 668 (Rom.
735 590 771 663 6,
791 586 856 671 23).
912 586 974 652 Isti
1007 595 1116 651 nutem
1167 587 1230 649 tiae
1250 588 1378 652 minimo
1405 595 1560 671 repupnot
1579 592 1659 656 alter
1679 592 1763 656 locus
1785 595 1912 678 (Ioann.
1933 599 1968 673 8,
1990 602 2060 680 56),
2093 599 2148 664 nbi

135 673 221 758 quod
266 682 411 738 occasum
434 693 505 736 esso
526 672 679 750 fatentur,
701 671 778 753 quia
799 681 1114 756 negaranequeunt,
1166 673 1285 738 dicitnr
1307 672 1472 738 Abrabam
1499 676 1616 740 cidisse
1643 678 1727 742 diem
1750 678 1880 759 Christi,
1910 686 1939 745 et
1957 685 2074 764 paudio
2094 704 2147 755 en·

135 783 189 826 mo
256 781 274 823 e
306 768 418 822 tamen
455 779 522 822 non
555 779 626 822 osse
658 757 868 823 contendunt.
926 757 993 824 Sed
1026 761 1115 824 enim
1166 758 1305 823 multasse.
1353 756 1436 840 Quia
1463 762 1522 825 elsi
1543 760 1703 828 obscurior
1722 765 1786 845 suit
1807 766 1941 831 intuitus
1961 770 2009 832 rei
2031 770 2147 849 procul

136 847 213 930 quia
233 846 308 928 plus
325 845 405 907 satis
419 843 965 922 hactenusinsanisoindulsorunt,
990 846 1116 911 discant
1167 849 1311 923 remotae,
1341 846 1421 909 rribil
1453 851 1557 912 lamen
1590 850 1633 913 ad
1664 849 1736 913 bene
1762 852 1912 932 speraruli
1933 855 2147 921 certitudinem

137 933 253 998 saltem
276 929 449 1013 aliquando
473 929 669 1010 resipiscere.
711 927 809 1009 Quod
831 932 857 995 si
880 930 1018 996 delirare
1040 953 1114 1013 per·
1167 931 1280 1013 defuit;
1312 933 1393 996 ande
1421 932 1543 998 laetitia
1571 933 1631 998 illa
1656 956 1735 1016 qnae
1761 943 1903 1001 carectum
1920 941 2147 1019 ‘patriarcham

137 1026 298 1091 severant,
320 1016 386 1080 illis
408 1015 518 1080 velere
540 1016 646 1094 iussis,
669 1015 814 1081 habeant
834 1017 895 1080 filii
916 1016 990 1095 Dei,
1019 1038 1114 1081 omno
1167 1017 1209 1081 ad
1230 1022 1356 1081 mortem
1385 1037 1483 1097 nsque
1504 1020 1742 1084 comitatensi*
1768 1021 1875 1103 Neque
1895 1045 1955 1087 nou
1976 1025 2033 1089 illa
2055 1027 2148 1092 Iomo-

136 1113 306 1188 peccatum
333 1102 470 1166 mortale
497 1123 582 1180 osso;
614 1102 692 1184 quia
721 1110 771 1166 est
793 1101 949 1168 adversus
969 1103 1034 1168 Dei
1056 1124 1113 1167 vo·
1166 1103 1218 1166 nis
1239 1101 1406 1182 Baptistae
1424 1103 1515 1186 (ibid.
1531 1109 1557 1183 l,
1575 1105 1643 1191 18):
1661 1105 1767 1170 Deum
1786 1129 1874 1173 nenio
1895 1111 1974 1175 cidit
1995 1133 2143 1194 unquam,

136 1193 298 1256 luntatem
320 1187 468 1264 rebellio,
491 1209 575 1270 quae
597 1188 668 1252 cius
689 1188 773 1252 iram
795 1190 977 1254 neccssaria
996 1210 1114 1271 provo·
1166 1190 1343 1270 urnpcnitns
1364 1189 1419 1269 qni
1438 1196 1483 1253 est
1504 1191 1539 1253 in
1559 1191 1635 1254 sinu
1648 1194 1757 1272 patris
1777 1196 1937 1258 enarravit
1958 1197 2052 1276 uobis,
2069 1200 2144 1280 pios

136 1285 203 1355 oat3
237 1275 313 1358 quia
334 1273 487 1357 estlegis
509 1274 760 1356 praevaricatio,
796 1276 950 1357 inquam
972 1275 1114 1339 edictum
1166 1276 1221 1355 qni
1242 1279 1313 1339 ante
1333 1276 1449 1339 mortui
1468 1276 1597 1357 fueraut
1616 1277 1752 1343 occludit
1772 1300 1794 1342 c
1814 1282 1955 1344 scrutate
1975 1283 2144 1366 intellipcn·
2272 1299 2275 1305 ’

136 1371 187 1428 est
208 1363 278 1427 sine
301 1361 491 1443 exceptione
503 1359 567 1425 Dei
588 1359 758 1424 iudicium:
784 1368 972 1425 sanctorum
995 1360 1114 1425 delicta
1165 1360 1227 1425 tiae
1248 1366 1276 1424 et
1295 1361 1374 1426 lucis
1396 1380 1475 1442 quac
1495 1362 1625 1444 rcfnlpet
1647 1364 1682 1426 in
1695 1361 1812 1428 Olrristi
1826 1386 1979 1446 persona·
2000 1370 2054 1433 sed
2075 1369 2144 1435 illa

136 1447 279 1514 venialia
305 1467 392 1524 esse,
425 1468 491 1510 non
514 1467 556 1509 cx
579 1454 694 1529 suapte
715 1454 848 1524 natura,
883 1446 941 1511 sed
974 1448 1050 1530 quie
1071 1452 1128 1511 ex'
1163 1467 1236 1510 rnrn
1256 1453 1369 1511 sortem
1389 1466 1459 1509 cum
1478 1451 1584 1511 nostra
1604 1468 1798 1528 comparans,
1819 1453 1967 1531 mpslerin
1988 1475 2068 1535 qnae
2086 1455 2144 1521 snb

134 1537 199 1601 Dei
219 1532 442 1599 misericordia
463 1533 594 1596 veniam
616 1539 865 1615 consequuntur.
881 1535 906 1616 ¹)
1164 1531 1285 1596 andrie
1305 1533 1431 1597 obscure
1453 1538 1573 1596 tamum
1593 1535 1744 1612 mcculati
1761 1541 1842 1614 sunt,
1863 1536 1946 1601 docet
1967 1540 2056 1604 nobis
2076 1563 2158 1607 ma.

1164 1618 1279 1698 reitesta
1301 1638 1382 1696 csse;
1410 1618 1668 1697 quemadmodum
1689 1621 1785 1699 probe
1814 1621 1948 1702 explicat
1966 1631 2056 1705 antor
2077 1628 2141 1708 epi-

1163 1702 1258 1768 stolae
1278 1703 1321 1767 ad
1338 1703 1496 1768 Hebraeos
1514 1703 1558 1788 (l,
1575 1703 1617 1788 l),
1639 1705 1850 1786 multifariam
1868 1701 2020 1774 et'multis
2040 1713 2143 1778 modis

502 1788 654 1854 CAPUT
676 1788 738 1853 IX.
1163 1789 1323 1870 loquuturi
1335 1789 1442 1887 'fuisse
1463 1789 1537 1852 olim
1552 1810 1614 1887 per
1629 1790 1808 1872 propbetas,
1830 1813 1912 1857 ranno
1927 1815 1998 1858 cero
2013 1817 2074 1878 per
2094 1797 2142 1863 di·

137 1916 376 2019 Christum,
422 1914 613 2023 quamvis
667 1915 745 1995 sub
790 1915 889 2025 lese
940 1899 1109 2000 'Iudaeis
1162 1874 2142 2043 ltttltlttctttttt⁰clementini-‘itt

184 2036 381 2148 cognitus
412 2034 554 2138 fuerit,
586 2045 729 2115 tamen
760 2034 805 2115 in
835 2037 1057 2147 evangelio
1157 2048 1279 2128 pat-ris,
1306 2046 1380 2111 olim
1403 2046 1536 2146 ludaeis
1557 2048 1737 2145 innotuerit,
1764 2049 1858 2114 ενενινν
1878 2051 1955 2116 alibi
1976 2054 2141 2121 educimus

320 2156 493 2236 dmum
523 2154 761 2236 exhibitum
793 2155 933 2238 fuisse·
1163 2131 1646 2298 trinitati-illle
1664 2133 2141 2311 qqneqqqmeqrqrqqq

223 2311 249 2370 1.
297 2305 382 2386 Quia
402 2323 463 2368 nou
482 2302 607 2384 frustra
626 2302 717 2368 Deus
743 2305 811 2369 iam
834 2305 909 2370 olim
924 2327 985 2386 per
1005 2306 1112 2386 capia-
1164 2303 1269 2369 Deum
1296 2304 1352 2384 qui
1378 2303 1473 2368 iussit
1499 2325 1515 2368 e
1537 2303 1668 2368 tenebris
1689 2305 1793 2370 lrcnren
1813 2309 2031 2389 splendescere,
2059 2278 2141 2379 iuni

134 2393 231 2457 tiones
250 2395 278 2456 ct
298 2389 456 2469 sacrificia
477 2389 573 2454 coluit
593 2409 625 2453 se
640 2394 767 2470 patrem
782 2392 899 2471 tenori,
921 2411 975 2455 nec
990 2392 1111 2474 trinua
1163 2389 1308 2454 illuxisse
1338 2388 1482 2455 cordibus
1513 2391 1643 2469 nostrie,
1676 2393 1719 2456 ad
1746 2393 1970 2459 illustrandam
1997 2398 2140 2462 notitiam

130 2477 284 2560 mulum
304 2476 429 2541 dedum
449 2475 716 2554 sibicorascrraoit
738 2477 805 2542 iam
824 2481 897 2541 tnnc
918 2477 1005 2544 leand
1021 2477 1112 2543 dubie
1161 2476 1281 2560 pieriae
1303 2474 1367 2540 Dei
1390 2476 1426 2539 in
1446 2475 1528 2554 facie
1551 2475 1626 2540 Iesu
1649 2474 1776 2542 Obristi.
1811 2479 1893 2560 Quia
1915 2480 1970 2545 ubi
1990 2483 2142 2564 apparuit

134 2565 171 2628 in
191 2563 296 2628 endem
316 2562 453 2644 irnapine
474 2562 612 2644 coquum
632 2567 677 2626 est
697 2563 733 2626 in
753 2584 817 2643 qna
836 2583 920 2627 nunc
935 2563 1030 2645 pleno
1049 2564 1111 2646 fut-
1160 2564 1198 2633 ,in
1226 2561 1284 2625 bac
1308 2581 1370 2624 suo
1391 2561 1542 2644 imapine‚
1571 2562 1793 2642 quodammodo
1820 2585 1853 2628 sc
1877 2567 1961 2647 fecit·
1977 2569 2138 2648 risibilem,

131 2670 204 2733 pore
230 2649 316 2713 uobis
350 2653 489 2729 apparet.
540 2646 616 2712 Ideo
642 2647 836 2727 Malachiae
862 2654 1029 2730 postquam
1055 2649 1111 2715 In-
1156 2653 1273 2731 praeut
1295 2646 1425 2712 obscura
1452 2646 1681 2713 dumbratilis
1706 2654 1776 2713 ante
1795 2652 1904 2732 fuerat
1925 2654 1994 2717 eins
2015 2656 2139 2735 species.

134 2736 227 2801 docos
248 2735 291 2799 ad
312 2734 407 2817 lepern
428 2731 533 2797 Masis
553 2734 648 2798 iussit
669 2735 829 2814 attendere,
851 2740 881 2800 et
901 2736 937 2799 in
958 2736 1027 2801 eius
1047 2741 1111 2801 stn-
1167 2735 1232 2815 Quo
1252 2734 1376 2815 turpior
1396 2737 1425 2797 et
1446 2733 1549 2816 erupis
1569 2733 1756 2799 detestabilis
1767 2741 1811 2800 cst
1830 2757 1935 2800 eornm
1947 2738 2141 2820 inpratitudo

134 2822 186 2886 dio
212 2839 412 2901 puseuerare
444 2818 537 2902 (qnia
561 2824 633 2900 post
661 2820 729 2884 eius
756 2826 884 2885 mortem
905 2821 1021 2902 futura'
1045 2827 1112 2886 erat
1162 2840 1200 2884 nc
1216 2820 1375 2900 mantas,
1400 2818 1456 2900 qui
1485 2819 1534 2884 bic
1561 2819 1597 2882 in
1624 2820 1754 2884 mnidic
1779 2824 1957 2886 caecutiunt.
2001 2823 2047 2887 Et
2072 2825 2140 2891 ideo

136 2907 246 2987 aliqua
266 2906 408 2970 munais
424 2904 599 2987 prophetici
620 2905 837 2991 interruptio),
860 2927 932 2971 uror
952 2907 1112 2972 denunciat
1162 2910 1275 2970 mentes
1297 2925 1403 2969 eornm
1424 2925 1445 2967 a
1466 2908 1581 2969 satana
1602 2904 1808 2971 obtenebratas
1829 2928 1893 2972 esse
1914 2909 1991 2973 dicit
2006 2909 2138 2991 Paulus,

134 2992 329 3056 manarum
356 3010 421 3055 esse
441 2990 536 3056 solem
557 2991 697 3055 iustitiae
719 2990 812 3077 (Mal.
833 2996 861 3071 3,
882 2991 946 3077 20).
994 2993 1112 3074 Quibus
1162 3011 1201 3055 ne
1227 2995 1353 3056 cernant
1378 2989 1514 3073 pluriam
1538 2987 1670 3070 Olrristi,
1698 2992 1785 3056 nullo
1811 2994 1875 3057 celo
1896 2995 2077 3075 interposito
2103 2994 2140 3061 in

134 3078 235 3143 corbis
257 3078 405 3156 αννιενεν,
427 3077 520 3160 lepem
541 3078 576 3140 in
597 3076 768 3142 larvalem
788 3079 914 3160 utpios
935 3080 970 3142 in
991 3100 1112 3162 exspem
1162 3077 1317 3160 eoanpelio
1338 3076 1544 3158 refnlpentcm

134 3164 249 3228 tatione
275 3164 397 3228 cemuri
421 3161 540 3228 Christi
567 3164 733 3242 aucium
761 3165 828 3229 eins
855 3169 957 3229 tamen
977 3166 1111 3230 odorum
1249 3166 1277 3226 2.
1325 3160 1426 3225 Porro
1453 3161 1646 3245 eoarrpetinm
1673 3163 1791 3245 accipio
1807 3184 1870 3244 pro
1891 3165 1980 3229 clara
2000 3167 2142 3250 mpsterii

132 3250 220 3332 lenpe
235 3249 314 3330 plus
334 3249 416 3313 lucis
436 3250 627 3329 sperandum
648 3268 720 3313 esse.
764 3250 837 3314 Hac
855 3252 975 3315 ratione
998 3250 1112 3316 Petrus
1165 3247 1283 3314 Uliristi
1309 3247 1568 3328 manifestatione.
1614 3247 1729 3312 Fateor
1749 3254 1839 3328 certe,
1870 3256 2023 3332 quatenns
2047 3273 2140 3317 coam

129 3334 300 3419 propbetas
320 3335 397 3400 dicit
414 3334 518 3416 fuisse
544 3336 715 3400 sciscitatos
735 3341 762 3399 et
782 3337 888 3400 sedulo
908 3337 1113 3418 inquisivisse
1159 3335 1276 3420 pelium
1307 3337 1433 3398 occatur
1466 3354 1488 3397 a
1518 3332 1622 3399 Paulo
1649 3335 1791 3399 doctrino
1816 3335 1907 3416 fidei,
1940 3338 2010 3403 eins
2030 3343 2142 3420 partes

132 3422 170 3485 dc
192 3420 306 3496 salute,
328 3440 406 3500 qnae
427 3441 508 3485 nunc
523 3441 584 3503 per
605 3421 798 3504 eoanpelium
813 3423 974 3504 patefacta
995 3428 1055 3502 est,
1083 3427 1111 3488 et
1161 3422 1278 3487 censeri
1306 3439 1504 3502 quaecunque
1524 3420 1653 3499 passim
1678 3421 1714 3485 in
1742 3420 1805 3504 lepc
1826 3429 1990 3487 occurrunt
2004 3424 2142 3504 promis-

130 3507 234 3589 fuisse
261 3505 329 3569 illis
354 3506 535 3584 revelatum,
564 3508 647 3587 quod
668 3528 729 3571 non
750 3508 812 3571 sibi
833 3509 881 3573 cel
901 3529 958 3572 sno
979 3509 1109 3587 suendo,
1162 3509 1263 3573 nones
1292 3507 1330 3572 de
1347 3507 1487 3588 protrita
1503 3511 1699 3587 peccatorum
1720 3508 1915 3588 remissione,
1945 3510 2059 3592 quibus
2079 3509 2141 3576 sibi

132 3592 188 3659 sul
208 3590 297 3655 nobis
316 3591 531 3656 ministrarent
551 3614 588 3658 ea
609 3614 689 3674 qnae
703 3594 966 3678 pereoanpelium
988 3616 1111 3660 annun-
1161 3593 1250 3658 Dens
1271 3591 1450 3656 reconciliat
1470 3591 1615 3656 domines.
1648 3591 1762 3657 Fidem
1781 3595 1863 3658 enim
1885 3595 2056 3661 terroribus
2076 3596 2143 3662 illic

132 3679 255 3742 tianlur
276 3676 309 3759 (l
329 3674 417 3739 Petr.
441 3681 467 3755 1,
490 3682 537 3742 10.
560 3680 622 3760 12).
668 3679 743 3744 Non
766 3682 848 3760 quod
868 3682 994 3745 inutilis
1013 3682 1111 3764 fuerit
1161 3680 1298 3761 opponit,
1325 3677 1438 3758 quibus
1465 3679 1594 3761 cupitur
1621 3683 1648 3742 ct
1673 3685 1806 3746 cenatur
1827 3682 2024 3761 columnatio,
2054 3683 2084 3746 si
2103 3701 2142 3746 eu

132 3764 226 3828 ceteri
250 3761 368 3842 populo
400 3782 505 3826 eornm
535 3765 691 3844 doctrina,
725 3767 773 3831 cel
799 3766 883 3846 ipsis
909 3769 1003 3831 ctiam
1028 3767 1110 3831 nibil
1161 3765 1304 3847 operibns
1316 3762 1454 3844 petenda
1471 3763 1512 3826 sit
1528 3765 1625 3828 sulus.
1661 3764 1749 3830 Unde
1765 3768 1912 3845 sequitur,
1934 3789 2034 3832 nocem
2051 3784 2153 3832 eoan'

128 3848 303 3930 profuerit;
335 3848 390 3913 sed
418 3850 495 3929 quia
520 3849 664 3915 thesauro
693 3853 786 3933 potiti
812 3873 874 3916 non
901 3858 986 3932 snut,
1021 3874 1110 3933 quem
1159 3851 1235 3934 petii
1263 3851 1349 3933 turpe
1371 3849 1532 3947 sumuulq,
1561 3851 1617 3915 snb
1645 3871 1682 3914 ea
1703 3851 1928 3931 comprehendi,
1958 3874 2037 3934 quac
2067 3852 2141 3917 olim

133 3934 220 3997 nobis
241 3935 416 3998 transmisit
435 3934 525 3999 Dens
542 3956 602 4017 per
623 3957 729 4001 corum
741 3959 880 4004 manum.
917 3939 1004 4003 Nam
1021 3939 1110 4004 bodie
1160 3937 1336 4001 testimonia
1358 3935 1448 4000 Dens
1466 3937 1700 4002 misericordiae
1723 3957 1799 4000 suae
1816 3940 2001 4019 paternique
2020 3939 2142 4021 favoris

134 4019 221 4084 nobis
242 4024 313 4084 ante
324 4020 427 4084 oculos
436 4021 641 4102 familiariter
656 4026 844 4105 proponitur
862 4026 967 4108 pratia
989 4027 1026 4090 dc
1046 4046 1110 4106 qna
1155 4022 1304 4105 patribus
1332 4021 1423 4086 dedit
1475 4021 1590 4086 Verum
1611 4044 1672 4103 per
1700 4022 1910 4087 excellentiam
1936 4027 2045 4104 aptari
2074 4025 2141 4090 dica

133 4106 286 4186 testificati
307 4111 396 4187 suun
417 4112 445 4172 et
465 4127 562 4188 quum
583 4129 652 4172 eum
671 4111 786 4175 modim
805 4112 1015 4190 delibaverint,
1037 4111 1109 4175 ube·
1161 4110 1203 4175 ad
1219 4107 1498 4190 promulpationcm
1518 4108 1670 4172 ecbibitae
1690 4109 1726 4171 in
1747 4106 1869 4173 Christo
1884 4112 2025 4192 pratiac;
2048 4112 2142 4193 idque

134 4192 201 4256 rior
221 4190 308 4255 nobis
329 4192 456 4274 offertur
475 4194 545 4258 eius
564 4194 684 4274 fruitio.
728 4194 803 4260 Ideo
827 4195 978 4276 Obristus,
1001 4199 1110 4279 quise
1160 4216 1222 4260 non
1243 4194 1332 4259 modo
1352 4195 1505 4258 conrnuni
1525 4214 1587 4258 nsa
1606 4200 1760 4275 receptum
1781 4199 1833 4273 cst,
1856 4196 1910 4259 sed
1930 4217 1951 4259 a
1972 4195 2093 4260 Christi
2115 4200 2142 4259 et

134 4277 341 4341 tastimcnimn
373 4300 394 4342 a
422 4279 511 4344 Mose
542 4279 653 4345 babere
685 4283 800 4345 asserit
832 4281 961 4367 (Ioann.
982 4288 1017 4362 5,
1042 4282 1109 4368 46),
1161 4280 1370 4362 apostolorum
1401 4281 1567 4344 autoritate
1593 4281 1705 4362 pendet
1731 4279 2000 4364 (Matth.4,1r;
2028 4287 2062 4357 9,
2084 4285 2140 4360 35;

132 4364 254 4444 pratiae
275 4368 378 4428 lamen
398 4385 668 4446 mensuramque
694 4365 826 4431 ludaeos
852 4389 1040 4449 superamus
1060 4391 1110 4434 cn
1163 4363 1415 4448 rrim.1,1o).
1467 4364 1553 4431 Unde
1569 4367 1740 4447 proquinrn
1760 4365 1815 4431 loc
1836 4367 1886 4430 illi
1907 4365 2070 4443 tribuitur,
2093 4365 2140 4447 ip

134 4448 220 4512 tollit.
265 4447 353 4513 Nam
373 4449 545 4532 discipulos
566 4452 725 4531 alloquens
747 4453 880 4536 (March.
903 4459 950 4533 13,
973 4456 1042 4539 16),
1064 4455 1110 4520 be·
1161 4472 1231 4519 snm
1248 4450 1448 4532 praedicasse
1469 4454 1660 4535 ecanpelinm
1681 4454 1777 4535 repni.
1817 4451 1862 4514 Et
1883 4451 2018 4515 Marcus
2040 4450 2085 4531 (l,
2107 4448 2140 4534 1)

134 4534 197 4611 ati,
220 4535 336 4614 iuquit,
364 4538 460 4615 oculi,
488 4538 542 4618 qui
568 4538 673 4603 uident
698 4558 779 4618 quae
799 4541 924 4617 videtis,
958 4547 986 4604 et
1006 4542 1109 4606 beatae
1157 4539 1325 4623 praefatur
1352 4537 1406 4600 boc
1434 4538 1538 4601 modo:
1570 4538 1699 4601 initium
1725 4538 1877 4619 eoarrpelii
1907 4536 1982 4600 Iesu
2012 4535 2140 4602 Christi.

135 4640 242 4697 aures,
274 4640 354 4701 puae
381 4624 517 4687 audiunt
543 4644 622 4704 qnae
648 4644 702 4688 oos
726 4626 853 4690 aurinis.
905 4625 1001 4689 Multi
1027 4629 1110 4691 enim
1143 4625 1228 4711 ,Ner
1249 4642 1319 4686 cero
1341 4643 1419 4703 opus
1440 4629 1484 4686 cst
1506 4623 1584 4687 locos
1606 4623 1759 4705 colliperc,
1789 4621 1902 4702 quibus
1920 4621 2069 4702 probetur
2090 4642 2141 4688 res

135 4725 218 4788 repes
235 4710 262 4770 el
278 4706 448 4788 prophetae
467 4708 522 4773 boc
541 4713 698 4792 aptarunt,
723 4731 776 4776 nec
795 4713 900 4792 adepti
917 4717 990 4776 sunt
1012 4711 1107 4796 (Luc.
1160 4712 1240 4776 salis
1261 4727 1415 4789 superque
1436 4714 1516 4772 nota.
1563 4707 1627 4771 Suo
1654 4709 1751 4791 ipilur
1773 4708 1906 4771 adventu
1930 4705 2074 4772 Christus
2095 4708 2142 4772 oi-

140 4795 194 4870 10,
214 4791 280 4876 23).
322 4791 412 4860 Haec
431 4816 494 4860 non
520 4815 625 4876 parua
657 4801 702 4860 est
734 4798 929 4862 revelationis
960 4800 1110 4882 ccarrpeli-
1161 4802 1226 4861 tam
1243 4800 1270 4860 et
1287 4795 1548 4859 immortalitatem
1565 4794 1738 4859 illustravit
1753 4813 1813 4875 per
1832 4792 2032 4877 eoanpeliurn.
2066 4794 2142 4876 Qui-

135 4896 188 4941 cae
218 4880 453 4959 commendatio,
492 4881 574 4961 quod
611 4883 730 4947 sanctis
751 4885 911 4965 pestribus,
949 4886 1005 4965 qni
1031 4905 1110 4950 rara
1162 4884 1219 4948 bus
1240 4879 1342 4945 orrbis
1358 4901 1420 4944 non
1443 4882 1587 4965 intellipit
1604 4879 1728 4945 Paulus
1749 4881 1903 4944 demersos
1917 4880 2019 4961 fuisse
2031 4885 2143 4962 patres

1161 4971 1197 5034 in
1213 4967 1344 5033 tembris
1363 4968 1486 5047 mortis,
1513 4969 1606 5032 donec
1633 4986 1758 5032 carnem
1783 4966 1925 5031 indueret
1948 4966 2038 5047 filins
2060 4966 2143 5048 De,-

1161 5055 1216 5120 sed
1243 5053 1324 5118 banc
1345 5056 1601 5136 prueropatioam
1628 5054 1753 5118 lionoris
1780 5054 1936 5135 monopolio
1964 5053 2141 5133 nendicans,

134 5168 402 5294 acinam
417 5171 754 5313 oren-nica
770 5174 1110 5313 moranni
1161 5139 2053 5309 ncqctsnmrnnnnnnilne
2067 5159 2144 5305 tt}

1877 5326 1932 5380 20*
