<?xml version="1.0" encoding="UTF-8"?>
<!DOCTYPE html PUBLIC "-//W3C//DTD XHTML 1.0 Transitional//EN"
    "http://www.w3.org/TR/xhtml1/DTD/xhtml1-transitional.dtd">
<html xmlns="http://www.w3.org/1999/xhtml" xml:lang="en" lang="en">
 <head>
  <title>
</title>
<meta http-equiv="Content-Type" content="text/html;charset=utf-8" />
  <meta name='ocr-system' content='tesseract 3.04.00' />
  <meta name='ocr-capabilities' content='ocr_page ocr_carea ocr_par ocr_line ocrx_word'/>
</head>
<body>
  <div class='ocr_page' id='page_1' title='image "./ioanniscalvinii00cunigoog_0360.png"; bbox 0 0 4672 5842; ppageno 0'>
   <div class='ocr_carea' id='block_1_1' title="bbox 94 303 2097 373">
    <p class='ocr_par' dir='ltr' id='par_1_1' title="bbox 94 303 2097 373">
     <span class='ocr_line' id='line_1_1' title="bbox 94 303 2097 373; baseline 0.001 -3"><span class='ocrx_word' id='word_1_1' title='bbox 94 308 155 371; x_wconf 88' lang='grc'><strong><em>697</em></strong></span> <span class='ocrx_word' id='word_1_2' title='bbox 243 304 334 370; x_wconf 84' lang='lat' dir='ltr'><strong>LIB.</strong></span> <span class='ocrx_word' id='word_1_3' title='bbox 356 304 420 370; x_wconf 94' lang='lat' dir='ltr'>III.</span> <span class='ocrx_word' id='word_1_4' title='bbox 463 306 528 371; x_wconf 82' lang='lat' dir='ltr'><strong><em>DE</em></strong></span> <span class='ocrx_word' id='word_1_5' title='bbox 548 304 684 372; x_wconf 86' lang='lat' dir='ltr'>MODO</span> <span class='ocrx_word' id='word_1_6' title='bbox 704 305 1055 371; x_wconf 79' lang='lat' dir='ltr'><strong>PEROIPIENDAE</strong></span> <span class='ocrx_word' id='word_1_7' title='bbox 1077 303 1267 372; x_wconf 74' lang='lat' dir='ltr'><strong><em>cflfllsnl</em></strong></span> <span class='ocrx_word' id='word_1_8' title='bbox 1289 305 1507 373; x_wconf 68' lang='lat' dir='ltr'><strong><em>annm.</em></strong></span> <span class='ocrx_word' id='word_1_9' title='bbox 1551 303 1650 371; x_wconf 75' lang='lat' dir='ltr'>OAP.</span> <span class='ocrx_word' id='word_1_10' title='bbox 1672 305 1788 370; x_wconf 79' lang='lat' dir='ltr'>XXIL</span> <span class='ocrx_word' id='word_1_11' title='bbox 1810 304 1945 370; x_wconf 84' lang='lat' dir='ltr'>XXIII.</span> <span class='ocrx_word' id='word_1_12' title='bbox 2034 309 2097 373; x_wconf 83' lang='grc'><strong><em>698</em></strong></span> 
     </span>
    </p>
   </div>
   <div class='ocr_carea' id='block_1_2' title="bbox 88 493 2181 5044">
    <p class='ocr_par' dir='ltr' id='par_1_2' title="bbox 88 493 2181 5044">
     <span class='ocr_line' id='line_1_2' title="bbox 92 493 2097 577; baseline 0 -18"><span class='ocrx_word' id='word_1_13' title='bbox 92 495 156 559; x_wconf 89' lang='lat' dir='ltr'><strong><em>sibi</em></strong></span> <span class='ocrx_word' id='word_1_14' title='bbox 171 495 305 575; x_wconf 87' lang='lat' dir='ltr'><strong><em>proprio</em></strong></span> <span class='ocrx_word' id='word_1_15' title='bbox 325 498 409 558; x_wconf 91' lang='lat' dir='ltr'><strong><em>motu</em></strong></span> <span class='ocrx_word' id='word_1_16' title='bbox 431 496 599 576; x_wconf 76' lang='lat' dir='ltr'><strong><em>acquirere,</em></strong></span> <span class='ocrx_word' id='word_1_17' title='bbox 621 495 675 558; x_wconf 88' lang='lat' dir='ltr'><strong><em>sed</em></strong></span> <span class='ocrx_word' id='word_1_18' title='bbox 690 514 788 575; x_wconf 82' lang='lat' dir='ltr'><strong><em>perus</em></strong></span> <span class='ocrx_word' id='word_1_19' title='bbox 808 493 914 558; x_wconf 88' lang='lat' dir='ltr'><strong><em>Deum</em></strong></span> <span class='ocrx_word' id='word_1_20' title='bbox 935 495 1069 558; x_wconf 74' lang='lat' dir='ltr'><strong><em>resideat</em></strong></span> <span class='ocrx_word' id='word_1_21' title='bbox 1121 495 1232 572; x_wconf 85' lang='lat' dir='ltr'><strong><em>movit,</em></strong></span> <span class='ocrx_word' id='word_1_22' title='bbox 1254 517 1335 560; x_wconf 91' lang='lat' dir='ltr'><strong><em>num</em></strong></span> <span class='ocrx_word' id='word_1_23' title='bbox 1357 496 1488 577; x_wconf 89' lang='lat' dir='ltr'><strong><em>iniquus</em></strong></span> <span class='ocrx_word' id='word_1_24' title='bbox 1505 495 1659 572; x_wconf 87' lang='lat' dir='ltr'><strong><em>sitDeus‚</em></strong></span> <span class='ocrx_word' id='word_1_25' title='bbox 1671 493 1753 558; x_wconf 88' lang='lat' dir='ltr'><strong><em>illud</em></strong></span> <span class='ocrx_word' id='word_1_26' title='bbox 1772 495 1858 575; x_wconf 92' lang='lat' dir='ltr'><strong><em>quod</em></strong></span> <span class='ocrx_word' id='word_1_27' title='bbox 1878 495 2097 560; x_wconf 87' lang='lat' dir='ltr'><strong><em>certissimum</em></strong></span> 
     </span>
     <span class='ocr_line' id='line_1_3' title="bbox 93 580 2097 665; baseline 0.001 -22"><span class='ocrx_word' id='word_1_28' title='bbox 93 581 168 644; x_wconf 74' lang='lat' dir='ltr'><strong><em>llaec</em></strong></span> <span class='ocrx_word' id='word_1_29' title='bbox 185 580 298 662; x_wconf 81' lang='lat' dir='ltr'><strong><em>pluria,</em></strong></span> <span class='ocrx_word' id='word_1_30' title='bbox 320 580 502 665; x_wconf 77' lang='lat' dir='ltr'><strong><em>illuminari</em></strong></span> <span class='ocrx_word' id='word_1_31' title='bbox 524 581 563 644; x_wconf 89' lang='lat' dir='ltr'><strong><em>ab</em></strong></span> <span class='ocrx_word' id='word_1_32' title='bbox 584 601 617 645; x_wconf 90' lang='lat' dir='ltr'><strong><em>eo</em></strong></span> <span class='ocrx_word' id='word_1_33' title='bbox 632 580 734 663; x_wconf 74' lang='lat' dir='ltr'><strong><em>qratia</em></strong></span> <span class='ocrx_word' id='word_1_34' title='bbox 750 600 826 660; x_wconf 90' lang='lat' dir='ltr'><strong><em>quos</em></strong></span> <span class='ocrx_word' id='word_1_35' title='bbox 844 585 914 644; x_wconf 90' lang='lat' dir='ltr'><strong><em>ante</em></strong></span> <span class='ocrx_word' id='word_1_36' title='bbox 932 581 1068 663; x_wconf 87' lang='lat' dir='ltr'><strong><em>eleqerat.</em></strong></span> <span class='ocrx_word' id='word_1_37' title='bbox 1121 587 1155 644; x_wconf 88' lang='lat' dir='ltr'><strong><em>ct</em></strong></span> <span class='ocrx_word' id='word_1_38' title='bbox 1163 582 1409 663; x_wconf 83' lang='lat' dir='ltr'><strong><em>apertissimum</em></strong></span> <span class='ocrx_word' id='word_1_39' title='bbox 1424 580 1693 647; x_wconf 80' lang='lat' dir='ltr'><strong><em>fiiissetiustitiac</em></strong></span> <span class='ocrx_word' id='word_1_40' title='bbox 1712 580 1782 644; x_wconf 90' lang='lat' dir='ltr'><strong><em>eius</em></strong></span> <span class='ocrx_word' id='word_1_41' title='bbox 1797 581 2011 662; x_wconf 81' lang='lat' dir='ltr'><strong>patrocinium</strong></span> <span class='ocrx_word' id='word_1_42' title='bbox 2030 603 2097 647; x_wconf 91' lang='lat' dir='ltr'><strong><em>non</em></strong></span> 
     </span>
     <span class='ocr_line' id='line_1_4' title="bbox 96 664 2096 751; baseline 0 -21"><span class='ocrx_word' id='word_1_43' title='bbox 96 667 187 730; x_wconf 81' lang='lat' dir='ltr'><strong><em>Recte</em></strong></span> <span class='ocrx_word' id='word_1_44' title='bbox 208 666 292 728; x_wconf 89' lang='lat' dir='ltr'><strong><em>enim</em></strong></span> <span class='ocrx_word' id='word_1_45' title='bbox 313 664 551 751; x_wconf 86' lang='lat' dir='ltr'><strong><em>Bernardus:¹)</em></strong></span> <span class='ocrx_word' id='word_1_46' title='bbox 579 666 689 744; x_wconf 89' lang='lat' dir='ltr'><strong><em>amici,</em></strong></span> <span class='ocrx_word' id='word_1_47' title='bbox 712 667 827 746; x_wconf 91' lang='lat' dir='ltr'><strong><em>inquit,</em></strong></span> <span class='ocrx_word' id='word_1_48' title='bbox 851 686 992 730; x_wconf 88' lang='lat' dir='ltr'><strong><em>seorsum</em></strong></span> <span class='ocrx_word' id='word_1_49' title='bbox 1013 686 1070 730; x_wconf 87' lang='lat' dir='ltr'><strong><em>au·</em></strong></span> <span class='ocrx_word' id='word_1_50' title='bbox 1121 675 1268 749; x_wconf 87' lang='lat' dir='ltr'><strong><em>usurpat,</em></strong></span> <span class='ocrx_word' id='word_1_51' title='bbox 1280 666 1390 732; x_wconf 90' lang='lat' dir='ltr'><strong><em>Deum</em></strong></span> <span class='ocrx_word' id='word_1_52' title='bbox 1402 666 1692 750; x_wconf 87' lang='lat' dir='ltr'><strong><em>rependissoEsau</em></strong></span> <span class='ocrx_word' id='word_1_53' title='bbox 1704 664 1881 751; x_wconf 85' lang='lat' dir='ltr'><strong><em>secundum</em></strong></span> <span class='ocrx_word' id='word_1_54' title='bbox 1894 686 1986 730; x_wconf 87' lang='lat' dir='ltr'><strong><em>suam</em></strong></span> <span class='ocrx_word' id='word_1_55' title='bbox 2002 667 2096 730; x_wconf 90' lang='lat' dir='ltr'><strong><em>mali·</em></strong></span> 
     </span>
     <span class='ocr_line' id='line_1_5' title="bbox 93 751 2097 833; baseline 0 -17"><span class='ocrx_word' id='word_1_56' title='bbox 93 754 198 829; x_wconf 77' lang='lat' dir='ltr'><strong><em>dimit,</em></strong></span> <span class='ocrx_word' id='word_1_57' title='bbox 227 752 341 831; x_wconf 88' lang='lat' dir='ltr'><strong><em>quibus</em></strong></span> <span class='ocrx_word' id='word_1_58' title='bbox 368 758 396 815; x_wconf 91' lang='lat' dir='ltr'><strong><em>et</em></strong></span> <span class='ocrx_word' id='word_1_59' title='bbox 423 751 574 832; x_wconf 87' lang='lat' dir='ltr'><strong><em>loquitur:</em></strong></span> <span class='ocrx_word' id='word_1_60' title='bbox 601 753 693 817; x_wconf 87' lang='lat' dir='ltr'><strong><em>nolite</em></strong></span> <span class='ocrx_word' id='word_1_61' title='bbox 719 752 826 816; x_wconf 89' lang='lat' dir='ltr'><strong><em>timere</em></strong></span> <span class='ocrx_word' id='word_1_62' title='bbox 846 751 964 831; x_wconf 82' lang='lat' dir='ltr'><strong><em>pusille</em></strong></span> <span class='ocrx_word' id='word_1_63' title='bbox 983 771 1069 833; x_wconf 82' lang='lat' dir='ltr'><strong><em>pree,</em></strong></span> <span class='ocrx_word' id='word_1_64' title='bbox 1122 752 1202 815; x_wconf 89' lang='lat' dir='ltr'><strong><em>tiam</em></strong></span> <span class='ocrx_word' id='word_1_65' title='bbox 1209 776 1218 832; x_wconf 83' lang='lat'><em>3</em></span> <span class='ocrx_word' id='word_1_66' title='bbox 1247 753 1303 818; x_wconf 87' lang='lat' dir='ltr'><strong><em>sed</em></strong></span> <span class='ocrx_word' id='word_1_67' title='bbox 1331 753 1460 818; x_wconf 89' lang='lat' dir='ltr'><strong><em>diversa</em></strong></span> <span class='ocrx_word' id='word_1_68' title='bbox 1482 753 1642 818; x_wconf 89' lang='lat' dir='ltr'><strong><em>solutione</em></strong></span> <span class='ocrx_word' id='word_1_69' title='bbox 1665 759 1836 818; x_wconf 87' lang='lat' dir='ltr'><strong><em>contentus</em></strong></span> <span class='ocrx_word' id='word_1_70' title='bbox 1859 759 1923 829; x_wconf 88' lang='lat' dir='ltr'><strong><em>est,</em></strong></span> <span class='ocrx_word' id='word_1_71' title='bbox 1953 752 2038 833; x_wconf 92' lang='lat' dir='ltr'><strong><em>quod</em></strong></span> <span class='ocrx_word' id='word_1_72' title='bbox 2061 755 2097 816; x_wconf 90' lang='lat' dir='ltr'><strong><em>in</em></strong></span> 
     </span>
     <span class='ocr_line' id='line_1_6' title="bbox 93 836 2098 921; baseline 0 -19"><span class='ocrx_word' id='word_1_73' title='bbox 93 839 170 921; x_wconf 90' lang='lat' dir='ltr'><strong><em>quia</em></strong></span> <span class='ocrx_word' id='word_1_74' title='bbox 191 836 277 901; x_wconf 86' lang='lat' dir='ltr'><strong><em>uobis</em></strong></span> <span class='ocrx_word' id='word_1_75' title='bbox 297 839 405 902; x_wconf 90' lang='lat' dir='ltr'><strong><em>datum</em></strong></span> <span class='ocrx_word' id='word_1_76' title='bbox 426 842 472 902; x_wconf 88' lang='lat' dir='ltr'><strong><em>est</em></strong></span> <span class='ocrx_word' id='word_1_77' title='bbox 491 859 579 903; x_wconf 85' lang='lat' dir='ltr'><strong><em>rcosse</em></strong></span> <span class='ocrx_word' id='word_1_78' title='bbox 600 838 780 918; x_wconf 69' lang='lat' dir='ltr'><strong><em>mysterium</em></strong></span> <span class='ocrx_word' id='word_1_79' title='bbox 801 838 889 920; x_wconf 86' lang='lat' dir='ltr'><strong><em>requi</em></strong></span> <span class='ocrx_word' id='word_1_80' title='bbox 910 837 1074 902; x_wconf 73' lang='lat' dir='ltr'><strong><em>coelorum:</em></strong></span> <span class='ocrx_word' id='word_1_81' title='bbox 1121 839 1209 903; x_wconf 87' lang='lat' dir='ltr'><strong><em>bunc</em></strong></span> <span class='ocrx_word' id='word_1_82' title='bbox 1235 840 1336 902; x_wconf 86' lang='lat' dir='ltr'><strong><em>finem</em></strong></span> <span class='ocrx_word' id='word_1_83' title='bbox 1362 841 1547 903; x_wconf 79' lang='lat' dir='ltr'><strong><em>excitentur</em></strong></span> <span class='ocrx_word' id='word_1_84' title='bbox 1574 838 1719 920; x_wconf 85' lang='lat' dir='ltr'><strong><em>reprobi,</em></strong></span> <span class='ocrx_word' id='word_1_85' title='bbox 1755 845 1791 901; x_wconf 91' lang='lat' dir='ltr'><strong><em>ut</em></strong></span> <span class='ocrx_word' id='word_1_86' title='bbox 1816 838 1880 902; x_wconf 88' lang='lat' dir='ltr'><strong><em>Dei</em></strong></span> <span class='ocrx_word' id='word_1_87' title='bbox 1908 838 2013 921; x_wconf 85' lang='lat' dir='ltr'><strong><em>gloria</em></strong></span> <span class='ocrx_word' id='word_1_88' title='bbox 2039 860 2098 919; x_wconf 87' lang='lat' dir='ltr'><strong><em>per</em></strong></span> 
     </span>
     <span class='ocr_line' id='line_1_7' title="bbox 97 922 2096 1005; baseline 0 -18"><span class='ocrx_word' id='word_1_89' title='bbox 97 925 160 1005; x_wconf 77' lang='lat' dir='ltr'><strong><em>Qui</em></strong></span> <span class='ocrx_word' id='word_1_90' title='bbox 180 927 251 987; x_wconf 81' lang='lat' dir='ltr'><strong><em>scuit</em></strong></span> <span class='ocrx_word' id='word_1_91' title='bbox 272 922 329 986; x_wconf 71' lang='lat' dir='ltr'><strong><em>lei?</em></strong></span> <span class='ocrx_word' id='word_1_92' title='bbox 355 925 462 1004; x_wconf 90' lang='lat' dir='ltr'><strong><em>utique</em></strong></span> <span class='ocrx_word' id='word_1_93' title='bbox 487 925 564 1004; x_wconf 86' lang='lat' dir='ltr'><strong><em>qios</em></strong></span> <span class='ocrx_word' id='word_1_94' title='bbox 585 925 758 1004; x_wconf 76' lang='lat' dir='ltr'><strong><em>praescivit</em></strong></span> <span class='ocrx_word' id='word_1_95' title='bbox 778 923 1070 1002; x_wconf 87' lang='lat' dir='ltr'><strong><em>etpracdestiuanit</em></strong></span> <span class='ocrx_word' id='word_1_96' title='bbox 1120 923 1193 988; x_wconf 88' lang='lat' dir='ltr'><strong><em>illos</em></strong></span> <span class='ocrx_word' id='word_1_97' title='bbox 1210 924 1403 988; x_wconf 89' lang='lat' dir='ltr'><strong><em>illustretur.</em></strong></span> <span class='ocrx_word' id='word_1_98' title='bbox 1433 926 1577 989; x_wconf 84' lang='lat' dir='ltr'><strong><em>Domum</em></strong></span> <span class='ocrx_word' id='word_1_99' title='bbox 1594 922 1756 988; x_wconf 80' lang='lat' dir='ltr'><strong><em>subnectit</em></strong></span> <span class='ocrx_word' id='word_1_100' title='bbox 1774 923 1961 1001; x_wconf 80' lang='lat' dir='ltr'><strong><em>clausulam,</em></strong></span> <span class='ocrx_word' id='word_1_101' title='bbox 1976 923 2096 1004; x_wconf 91' lang='lat' dir='ltr'><strong><em>Deum,</em></strong></span> 
     </span>
     <span class='ocr_line' id='line_1_8' title="bbox 94 1007 2098 1093; baseline 0 -19"><span class='ocrx_word' id='word_1_102' title='bbox 94 1008 262 1089; x_wconf 72' lang='lat' dir='ltr'><strong><em>conformes</em></strong></span> <span class='ocrx_word' id='word_1_103' title='bbox 281 1008 354 1089; x_wconf 87' lang='lat' dir='ltr'><strong><em>fieri</em></strong></span> <span class='ocrx_word' id='word_1_104' title='bbox 370 1011 504 1092; x_wconf 84' lang='lat' dir='ltr'><strong><em>imaqini</em></strong></span> <span class='ocrx_word' id='word_1_105' title='bbox 519 1010 583 1091; x_wconf 86' lang='lat' dir='ltr'><strong><em>filii</em></strong></span> <span class='ocrx_word' id='word_1_106' title='bbox 600 1011 660 1073; x_wconf 90' lang='lat' dir='ltr'><strong><em>sui.</em></strong></span> <span class='ocrx_word' id='word_1_107' title='bbox 694 1007 848 1091; x_wconf 85' lang='lat' dir='ltr'><strong><em>Maquum</em></strong></span> <span class='ocrx_word' id='word_1_108' title='bbox 865 1013 1069 1089; x_wconf 85' lang='lat' dir='ltr'><strong><em>secretumque</em></strong></span> <span class='ocrx_word' id='word_1_109' title='bbox 1121 1011 1213 1074; x_wconf 89' lang='lat' dir='ltr'><strong><em>cuius</em></strong></span> <span class='ocrx_word' id='word_1_110' title='bbox 1235 1010 1316 1087; x_wconf 83' lang='lat' dir='ltr'><strong><em>vult,</em></strong></span> <span class='ocrx_word' id='word_1_111' title='bbox 1340 1012 1496 1088; x_wconf 86' lang='lat' dir='ltr'><strong><em>misereri,</em></strong></span> <span class='ocrx_word' id='word_1_112' title='bbox 1521 1019 1554 1075; x_wconf 89' lang='lat' dir='ltr'><strong><em>et</em></strong></span> <span class='ocrx_word' id='word_1_113' title='bbox 1576 1030 1673 1093; x_wconf 88' lang='lat' dir='ltr'><strong><em>quem</em></strong></span> <span class='ocrx_word' id='word_1_114' title='bbox 1694 1010 1775 1088; x_wconf 81' lang='lat' dir='ltr'><strong><em>virlt,</em></strong></span> <span class='ocrx_word' id='word_1_115' title='bbox 1799 1008 1960 1074; x_wconf 89' lang='lat' dir='ltr'><strong><em>indurare.</em></strong></span> <span class='ocrx_word' id='word_1_116' title='bbox 1995 1009 2098 1075; x_wconf 87' lang='lat' dir='ltr'><strong><em>Vides</em></strong></span> 
     </span>
     <span class='ocr_line' id='line_1_9' title="bbox 93 1093 2098 1179; baseline 0 -21"><span class='ocrx_word' id='word_1_117' title='bbox 93 1095 227 1158; x_wconf 89' lang='lat' dir='ltr'><strong><em>innotuit</em></strong></span> <span class='ocrx_word' id='word_1_118' title='bbox 252 1095 432 1173; x_wconf 89' lang='lat' dir='ltr'><strong><em>consiliuru,·</em></strong></span> <span class='ocrx_word' id='word_1_119' title='bbox 457 1097 542 1160; x_wconf 88' lang='lat' dir='ltr'><strong><em>novit</em></strong></span> <span class='ocrx_word' id='word_1_120' title='bbox 562 1095 720 1160; x_wconf 89' lang='lat' dir='ltr'><strong><em>Dominus</em></strong></span> <span class='ocrx_word' id='word_1_121' title='bbox 748 1096 804 1175; x_wconf 90' lang='lat' dir='ltr'><strong><em>qui</em></strong></span> <span class='ocrx_word' id='word_1_122' title='bbox 831 1095 884 1158; x_wconf 90' lang='lat' dir='ltr'><strong><em>sui</em></strong></span> <span class='ocrx_word' id='word_1_123' title='bbox 910 1095 988 1172; x_wconf 89' lang='lat' dir='ltr'><strong><em>sint,·</em></strong></span> <span class='ocrx_word' id='word_1_124' title='bbox 1015 1095 1069 1159; x_wconf 89' lang='lat' dir='ltr'><strong><em>sed</em></strong></span> <span class='ocrx_word' id='word_1_125' title='bbox 1121 1104 1158 1159; x_wconf 89' lang='lat' dir='ltr'><strong><em>ut</em></strong></span> <span class='ocrx_word' id='word_1_126' title='bbox 1176 1096 1211 1158; x_wconf 92' lang='lat' dir='ltr'><strong><em>in</em></strong></span> <span class='ocrx_word' id='word_1_127' title='bbox 1229 1096 1334 1160; x_wconf 87' lang='lat' dir='ltr'><strong><em>solum</em></strong></span> <span class='ocrx_word' id='word_1_128' title='bbox 1350 1095 1415 1161; x_wconf 91' lang='lat' dir='ltr'><strong><em>Dei</em></strong></span> <span class='ocrx_word' id='word_1_129' title='bbox 1432 1097 1605 1179; x_wconf 85' lang='lat' dir='ltr'><strong><em>arbitrium</em></strong></span> <span class='ocrx_word' id='word_1_130' title='bbox 1624 1108 1800 1177; x_wconf 85' lang='lat' dir='ltr'><strong><em>utrumque</em></strong></span> <span class='ocrx_word' id='word_1_131' title='bbox 1817 1093 1984 1159; x_wconf 86' lang='lat' dir='ltr'><strong><em>conferat?</em></strong></span> <span class='ocrx_word' id='word_1_132' title='bbox 2008 1096 2098 1179; x_wconf 83' lang='lat' dir='ltr'><strong><em>Ergo</em></strong></span> 
     </span>
     <span class='ocr_line' id='line_1_10' title="bbox 94 1179 2098 1264; baseline 0 -20"><span class='ocrx_word' id='word_1_133' title='bbox 94 1182 176 1263; x_wconf 91' lang='lat' dir='ltr'><strong><em>quod</em></strong></span> <span class='ocrx_word' id='word_1_134' title='bbox 201 1186 307 1244; x_wconf 89' lang='lat' dir='ltr'><strong><em>uotum</em></strong></span> <span class='ocrx_word' id='word_1_135' title='bbox 333 1186 401 1244; x_wconf 83' lang='lat' dir='ltr'><strong><em>cred</em></strong></span> <span class='ocrx_word' id='word_1_136' title='bbox 428 1180 510 1260; x_wconf 87' lang='lat' dir='ltr'><strong><em>Deo,</em></strong></span> <span class='ocrx_word' id='word_1_137' title='bbox 545 1181 781 1263; x_wconf 89' lang='lat' dir='ltr'><strong><em>manifestatum</em></strong></span> <span class='ocrx_word' id='word_1_138' title='bbox 813 1185 857 1244; x_wconf 88' lang='lat' dir='ltr'><strong><em>est</em></strong></span> <span class='ocrx_word' id='word_1_139' title='bbox 885 1179 1067 1258; x_wconf 79' lang='lat' dir='ltr'><strong><em>bominibus,</em></strong></span> <span class='ocrx_word' id='word_1_140' title='bbox 1121 1181 1149 1244; x_wconf 89' lang='lat' dir='ltr'><strong><em>si</em></strong></span> <span class='ocrx_word' id='word_1_141' title='bbox 1167 1200 1235 1244; x_wconf 90' lang='lat' dir='ltr'><strong><em>non</em></strong></span> <span class='ocrx_word' id='word_1_142' title='bbox 1249 1203 1425 1264; x_wconf 84' lang='lat' dir='ltr'><strong><em>possumus</em></strong></span> <span class='ocrx_word' id='word_1_143' title='bbox 1448 1184 1608 1246; x_wconf 86' lang='lat' dir='ltr'><strong><em>rationem</em></strong></span> <span class='ocrx_word' id='word_1_144' title='bbox 1628 1182 1802 1263; x_wconf 83' lang='lat' dir='ltr'><strong><em>assignare,</em></strong></span> <span class='ocrx_word' id='word_1_145' title='bbox 1827 1204 1885 1246; x_wconf 92' lang='lat' dir='ltr'><strong><em>cur</em></strong></span> <span class='ocrx_word' id='word_1_146' title='bbox 1903 1202 1978 1246; x_wconf 89' lang='lat' dir='ltr'><strong><em>suos</em></strong></span> <span class='ocrx_word' id='word_1_147' title='bbox 2000 1183 2098 1245; x_wconf 87' lang='lat' dir='ltr'><strong><em>mise-</em></strong></span> 
     </span>
     <span class='ocr_line' id='line_1_11' title="bbox 93 1267 2100 1352; baseline 0 -20"><span class='ocrx_word' id='word_1_148' title='bbox 93 1288 147 1332; x_wconf 88' lang='lat' dir='ltr'><strong><em>ncc</em></strong></span> <span class='ocrx_word' id='word_1_149' title='bbox 173 1267 255 1331; x_wconf 73' lang='lat' dir='ltr'><strong><em>alus</em></strong></span> <span class='ocrx_word' id='word_1_150' title='bbox 280 1288 356 1330; x_wconf 89' lang='lat' dir='ltr'><strong><em>sane</em></strong></span> <span class='ocrx_word' id='word_1_151' title='bbox 382 1267 530 1349; x_wconf 81' lang='lat' dir='ltr'><strong><em>diqnatur</em></strong></span> <span class='ocrx_word' id='word_1_152' title='bbox 555 1269 635 1330; x_wconf 90' lang='lat' dir='ltr'><strong><em>tanti</em></strong></span> <span class='ocrx_word' id='word_1_153' title='bbox 650 1267 897 1348; x_wconf 63' lang='lat' dir='ltr'><strong><em>participatione</em></strong></span> <span class='ocrx_word' id='word_1_154' title='bbox 917 1267 1067 1346; x_wconf 75' lang='lat' dir='ltr'><strong><em>mysterii,</em></strong></span> <span class='ocrx_word' id='word_1_155' title='bbox 1121 1267 1261 1332; x_wconf 87' lang='lat' dir='ltr'><strong><em>ricordia</em></strong></span> <span class='ocrx_word' id='word_1_156' title='bbox 1283 1267 1445 1352; x_wconf 78' lang='lat' dir='ltr'><strong><em>dignetur,</em></strong></span> <span class='ocrx_word' id='word_1_157' title='bbox 1468 1269 1531 1333; x_wconf 89' lang='lat' dir='ltr'><strong><em>nisi</em></strong></span> <span class='ocrx_word' id='word_1_158' title='bbox 1552 1268 1705 1350; x_wconf 85' lang='lat' dir='ltr'><strong><em>quoniam</em></strong></span> <span class='ocrx_word' id='word_1_159' title='bbox 1728 1268 1774 1330; x_wconf 87' lang='lat' dir='ltr'><strong><em>ita</em></strong></span> <span class='ocrx_word' id='word_1_160' title='bbox 1790 1267 1837 1331; x_wconf 91' lang='lat' dir='ltr'><strong><em>illi</em></strong></span> <span class='ocrx_word' id='word_1_161' title='bbox 1857 1268 1970 1350; x_wconf 87' lang='lat' dir='ltr'><strong><em>placet,</em></strong></span> <span class='ocrx_word' id='word_1_162' title='bbox 1993 1289 2100 1349; x_wconf 84' lang='lat' dir='ltr'><strong><em>neque</em></strong></span> 
     </span>
     <span class='ocr_line' id='line_1_12' title="bbox 94 1353 2098 1436; baseline 0 -19"><span class='ocrx_word' id='word_1_163' title='bbox 94 1355 160 1418; x_wconf 87' lang='lat' dir='ltr'><strong><em>uisi</em></strong></span> <span class='ocrx_word' id='word_1_164' title='bbox 176 1373 227 1416; x_wconf 88' lang='lat' dir='ltr'><strong><em>eos</em></strong></span> <span class='ocrx_word' id='word_1_165' title='bbox 243 1354 329 1432; x_wconf 88' lang='lat' dir='ltr'><strong><em>ipsos</em></strong></span> <span class='ocrx_word' id='word_1_166' title='bbox 349 1373 426 1433; x_wconf 89' lang='lat' dir='ltr'><strong><em>quos</em></strong></span> <span class='ocrx_word' id='word_1_167' title='bbox 445 1353 513 1433; x_wconf 85' lang='lat' dir='ltr'><strong><em>fore</em></strong></span> <span class='ocrx_word' id='word_1_168' title='bbox 533 1373 606 1416; x_wconf 86' lang='lat' dir='ltr'><strong><em>suos</em></strong></span> <span class='ocrx_word' id='word_1_169' title='bbox 621 1353 792 1435; x_wconf 79' lang='lat' dir='ltr'><strong><em>praescivit</em></strong></span> <span class='ocrx_word' id='word_1_170' title='bbox 813 1353 1071 1432; x_wconf 83' lang='lat' dir='ltr'><strong><em>etpraedestina·</em></strong></span> <span class='ocrx_word' id='word_1_171' title='bbox 1121 1353 1221 1416; x_wconf 85' lang='lat' dir='ltr'><strong><em>etiam</em></strong></span> <span class='ocrx_word' id='word_1_172' title='bbox 1247 1355 1284 1417; x_wconf 93' lang='lat' dir='ltr'><strong><em>in</em></strong></span> <span class='ocrx_word' id='word_1_173' title='bbox 1312 1354 1382 1419; x_wconf 84' lang='lat' dir='ltr'><strong><em>aliis</em></strong></span> <span class='ocrx_word' id='word_1_174' title='bbox 1416 1353 1627 1436; x_wconf 78' lang='lat' dir='ltr'><strong><em>reprobandis</em></strong></span> <span class='ocrx_word' id='word_1_175' title='bbox 1655 1353 1743 1416; x_wconf 88' lang='lat' dir='ltr'><strong><em>aliud</em></strong></span> <span class='ocrx_word' id='word_1_176' title='bbox 1776 1353 1968 1418; x_wconf 84' lang='lat' dir='ltr'><strong><em>habebimus</em></strong></span> <span class='ocrx_word' id='word_1_177' title='bbox 2001 1374 2098 1436; x_wconf 88' lang='lat' dir='ltr'><strong><em>quam</em></strong></span> 
     </span>
     <span class='ocr_line' id='line_1_13' title="bbox 93 1436 2098 1520; baseline -0 -17"><span class='ocrx_word' id='word_1_178' title='bbox 93 1440 145 1503; x_wconf 85' lang='lat' dir='ltr'><strong><em>or&#39;t.</em></strong></span> <span class='ocrx_word' id='word_1_179' title='bbox 181 1437 282 1502; x_wconf 85' lang='lat' dir='ltr'><strong><em>Paulo</em></strong></span> <span class='ocrx_word' id='word_1_180' title='bbox 292 1443 366 1518; x_wconf 89' lang='lat' dir='ltr'><strong><em>post</em></strong></span> <span class='ocrx_word' id='word_1_181' title='bbox 382 1439 549 1503; x_wconf 83' lang='lat' dir='ltr'><strong><em>couclrrdit:</em></strong></span> <span class='ocrx_word' id='word_1_182' title='bbox 570 1438 784 1503; x_wconf 83' lang='lat' dir='ltr'><strong><em>misericordia</em></strong></span> <span class='ocrx_word' id='word_1_183' title='bbox 801 1436 865 1502; x_wconf 87' lang='lat' dir='ltr'><strong><em>Dei</em></strong></span> <span class='ocrx_word' id='word_1_184' title='bbox 887 1437 926 1500; x_wconf 89' lang='lat' dir='ltr'><strong><em>ab</em></strong></span> <span class='ocrx_word' id='word_1_185' title='bbox 948 1443 1070 1502; x_wconf 87' lang='lat' dir='ltr'><strong><em>aeterno</em></strong></span> <span class='ocrx_word' id='word_1_186' title='bbox 1121 1440 1191 1502; x_wconf 90' lang='lat' dir='ltr'><strong><em>eius</em></strong></span> <span class='ocrx_word' id='word_1_187' title='bbox 1213 1440 1424 1505; x_wconf 86' lang='lat' dir='ltr'><strong><em>voluntatem.</em></strong></span> <span class='ocrx_word' id='word_1_188' title='bbox 1471 1438 1583 1520; x_wconf 85' lang='lat' dir='ltr'><strong><em>Quum</em></strong></span> <span class='ocrx_word' id='word_1_189' title='bbox 1606 1441 1693 1503; x_wconf 88' lang='lat' dir='ltr'><strong><em>enim</em></strong></span> <span class='ocrx_word' id='word_1_190' title='bbox 1716 1439 1835 1504; x_wconf 89' lang='lat' dir='ltr'><strong><em>dicitur</em></strong></span> <span class='ocrx_word' id='word_1_191' title='bbox 1859 1440 1951 1503; x_wconf 87' lang='lat' dir='ltr'><strong><em>Deus</em></strong></span> <span class='ocrx_word' id='word_1_192' title='bbox 1971 1440 2024 1504; x_wconf 82' lang='lat' dir='ltr'><strong><em>vel</em></strong></span> <span class='ocrx_word' id='word_1_193' title='bbox 2047 1440 2098 1502; x_wconf 91' lang='lat' dir='ltr'><strong><em>in-</em></strong></span> 
     </span>
     <span class='ocr_line' id='line_1_14' title="bbox 93 1522 2098 1608; baseline -0 -19"><span class='ocrx_word' id='word_1_194' title='bbox 93 1545 192 1605; x_wconf 83' lang='lat' dir='ltr'><strong><em>usque</em></strong></span> <span class='ocrx_word' id='word_1_195' title='bbox 219 1525 262 1588; x_wconf 91' lang='lat' dir='ltr'><strong><em>ad</em></strong></span> <span class='ocrx_word' id='word_1_196' title='bbox 291 1529 446 1587; x_wconf 89' lang='lat' dir='ltr'><strong><em>aeternum</em></strong></span> <span class='ocrx_word' id='word_1_197' title='bbox 473 1545 567 1604; x_wconf 88' lang='lat' dir='ltr'><strong><em>super</em></strong></span> <span class='ocrx_word' id='word_1_198' title='bbox 593 1525 732 1588; x_wconf 90' lang='lat' dir='ltr'><strong><em>timentes</em></strong></span> <span class='ocrx_word' id='word_1_199' title='bbox 759 1543 842 1586; x_wconf 87' lang='lat' dir='ltr'><strong><em>eum:</em></strong></span> <span class='ocrx_word' id='word_1_200' title='bbox 873 1522 912 1585; x_wconf 91' lang='lat' dir='ltr'><strong><em>ab</em></strong></span> <span class='ocrx_word' id='word_1_201' title='bbox 940 1530 1068 1601; x_wconf 70' lang='lat' dir='ltr'><strong><em>aemam</em></strong></span> <span class='ocrx_word' id='word_1_202' title='bbox 1122 1525 1249 1604; x_wconf 85' lang='lat' dir='ltr'><strong><em>durare,</em></strong></span> <span class='ocrx_word' id='word_1_203' title='bbox 1272 1526 1324 1590; x_wconf 85' lang='lat' dir='ltr'><strong><em>vol</em></strong></span> <span class='ocrx_word' id='word_1_204' title='bbox 1347 1525 1570 1591; x_wconf 85' lang='lat' dir='ltr'><strong><em>misericordia</em></strong></span> <span class='ocrx_word' id='word_1_205' title='bbox 1591 1527 1742 1608; x_wconf 81' lang='lat' dir='ltr'><strong><em>prosequi</em></strong></span> <span class='ocrx_word' id='word_1_206' title='bbox 1764 1546 1860 1606; x_wconf 90' lang='lat' dir='ltr'><strong><em>quom</em></strong></span> <span class='ocrx_word' id='word_1_207' title='bbox 1883 1525 2037 1603; x_wconf 69' lang='lat' dir='ltr'><strong><em>volucrit,</em></strong></span> <span class='ocrx_word' id='word_1_208' title='bbox 2060 1545 2098 1589; x_wconf 89' lang='lat' dir='ltr'><strong><em>eo</em></strong></span> 
     </span>
     <span class='ocr_line' id='line_1_15' title="bbox 93 1608 2099 1692; baseline 0 -17"><span class='ocrx_word' id='word_1_209' title='bbox 93 1610 128 1675; x_wconf 91' lang='lat' dir='ltr'><strong><em>ob</em></strong></span> <span class='ocrx_word' id='word_1_210' title='bbox 144 1610 458 1690; x_wconf 85' lang='lat' dir='ltr'><strong><em>praedestinationem</em></strong></span> <span class='ocrx_word' id='word_1_211' title='bbox 465 1636 474 1690; x_wconf 91' lang='lat'><em>;</em></span> <span class='ocrx_word' id='word_1_212' title='bbox 496 1612 531 1674; x_wconf 91' lang='lat' dir='ltr'><strong><em>in</em></strong></span> <span class='ocrx_word' id='word_1_213' title='bbox 553 1616 723 1688; x_wconf 87' lang='lat' dir='ltr'><strong><em>aeternum,</em></strong></span> <span class='ocrx_word' id='word_1_214' title='bbox 747 1608 782 1673; x_wconf 91' lang='lat' dir='ltr'><strong><em>ob</em></strong></span> <span class='ocrx_word' id='word_1_215' title='bbox 803 1609 1070 1689; x_wconf 62' lang='lat' dir='ltr'><strong><em>beatificationem</em></strong></span> <span class='ocrx_word' id='word_1_216' title='bbox 1122 1609 1339 1676; x_wconf 83' lang='lat' dir='ltr'><strong><em>admonentur</em></strong></span> <span class='ocrx_word' id='word_1_217' title='bbox 1372 1613 1520 1676; x_wconf 88' lang='lat' dir='ltr'><strong><em>homines</em></strong></span> <span class='ocrx_word' id='word_1_218' title='bbox 1553 1610 1637 1675; x_wconf 90' lang='lat' dir='ltr'><strong><em>nihil</em></strong></span> <span class='ocrx_word' id='word_1_219' title='bbox 1671 1631 1786 1675; x_wconf 85' lang='lat' dir='ltr'><strong><em>causae</em></strong></span> <span class='ocrx_word' id='word_1_220' title='bbox 1820 1632 1976 1692; x_wconf 83' lang='lat' dir='ltr'><strong><em>quaerere</em></strong></span> <span class='ocrx_word' id='word_1_221' title='bbox 2004 1619 2099 1675; x_wconf 80' lang='lat' dir='ltr'><strong><em>extra</em></strong></span> 
     </span>
     <span class='ocr_line' id='line_1_16' title="bbox 94 1694 1492 1786; baseline 0.001 -25"><span class='ocrx_word' id='word_1_222' title='bbox 94 1697 195 1761; x_wconf 85' lang='lat' dir='ltr'><strong><em>altera</em></strong></span> <span class='ocrx_word' id='word_1_223' title='bbox 219 1696 430 1776; x_wconf 73' lang='lat' dir='ltr'><strong><em>principatum,</em></strong></span> <span class='ocrx_word' id='word_1_224' title='bbox 464 1696 563 1761; x_wconf 90' lang='lat' dir='ltr'><strong><em>altera</em></strong></span> <span class='ocrx_word' id='word_1_225' title='bbox 589 1696 682 1777; x_wconf 76' lang='lat' dir='ltr'><strong><em>finem</em></strong></span> <span class='ocrx_word' id='word_1_226' title='bbox 709 1697 855 1759; x_wconf 78' lang='lat' dir='ltr'><strong><em>nesciam.</em></strong></span> <span class='ocrx_word' id='word_1_227' title='bbox 903 1694 965 1760; x_wconf 84' lang='lat' dir='ltr'><strong><em>Sed</em></strong></span> <span class='ocrx_word' id='word_1_228' title='bbox 993 1696 1070 1776; x_wconf 84' lang='lat' dir='ltr'><strong><em>quid</em></strong></span> <span class='ocrx_word' id='word_1_229' title='bbox 1122 1698 1191 1761; x_wconf 88' lang='lat' dir='ltr'><strong><em>eius</em></strong></span> <span class='ocrx_word' id='word_1_230' title='bbox 1208 1697 1420 1762; x_wconf 85' lang='lat' dir='ltr'><strong><em>voluntatem.</em></strong></span> <span class='ocrx_word' id='word_1_231' title='bbox 1475 1773 1492 1786; x_wconf 23' lang='grc' dir='ltr'><strong>ῃ</strong></span> 
     </span>
     <span class='ocr_line' id='line_1_17' title="bbox 94 1781 1070 1864; baseline -0.002 -18"><span class='ocrx_word' id='word_1_232' title='bbox 94 1781 298 1846; x_wconf 89' lang='lat' dir='ltr'><strong><em>Bcrnardum</em></strong></span> <span class='ocrx_word' id='word_1_233' title='bbox 320 1783 415 1846; x_wconf 84' lang='lat' dir='ltr'><strong><em>citare</em></strong></span> <span class='ocrx_word' id='word_1_234' title='bbox 435 1787 538 1846; x_wconf 68' lang='lat' dir='ltr'><strong><em>adem</em></strong></span> <span class='ocrx_word' id='word_1_235' title='bbox 559 1802 637 1862; x_wconf 87' lang='lat' dir='ltr'><strong><em>opus</em></strong></span> <span class='ocrx_word' id='word_1_236' title='bbox 654 1786 705 1859; x_wconf 83' lang='lat' dir='ltr'><strong><em>est,</em></strong></span> <span class='ocrx_word' id='word_1_237' title='bbox 728 1781 851 1862; x_wconf 88' lang='lat' dir='ltr'><strong><em>quando</em></strong></span> <span class='ocrx_word' id='word_1_238' title='bbox 870 1802 908 1844; x_wconf 84' lang='lat' dir='ltr'><strong><em>eac</em></strong></span> <span class='ocrx_word' id='word_1_239' title='bbox 924 1781 1070 1864; x_wconf 83' lang='lat' dir='ltr'><strong><em>maqistri</em></strong></span> 
     </span>
     <span class='ocr_line' id='line_1_18' title="bbox 94 1866 1070 1948; baseline -0.002 -16"><span class='ocrx_word' id='word_1_240' title='bbox 94 1888 145 1932; x_wconf 90' lang='lat' dir='ltr'><strong><em>ore</em></strong></span> <span class='ocrx_word' id='word_1_241' title='bbox 173 1868 339 1946; x_wconf 88' lang='lat' dir='ltr'><strong><em>audimus,</em></strong></span> <span class='ocrx_word' id='word_1_242' title='bbox 367 1888 429 1932; x_wconf 90' lang='lat' dir='ltr'><strong><em>nou</em></strong></span> <span class='ocrx_word' id='word_1_243' title='bbox 455 1868 535 1933; x_wconf 87' lang='lat' dir='ltr'><strong><em>alios</em></strong></span> <span class='ocrx_word' id='word_1_244' title='bbox 561 1868 666 1932; x_wconf 76' lang='lat' dir='ltr'><strong><em>uidae</em></strong></span> <span class='ocrx_word' id='word_1_245' title='bbox 686 1868 751 1931; x_wconf 89' lang='lat' dir='ltr'><strong><em>uisi</em></strong></span> <span class='ocrx_word' id='word_1_246' title='bbox 772 1868 827 1948; x_wconf 89' lang='lat' dir='ltr'><strong><em>qui</em></strong></span> <span class='ocrx_word' id='word_1_247' title='bbox 849 1873 922 1930; x_wconf 87' lang='lat' dir='ltr'><strong><em>sunt</em></strong></span> <span class='ocrx_word' id='word_1_248' title='bbox 942 1887 980 1930; x_wconf 82' lang='lat' dir='ltr'><strong><em>ea</em></strong></span> <span class='ocrx_word' id='word_1_249' title='bbox 1003 1866 1070 1930; x_wconf 89' lang='lat' dir='ltr'><strong><em>Deo</em></strong></span> 
     </span>
     <span class='ocr_line' id='line_1_19' title="bbox 96 1953 1785 2072; baseline 0 -56"><span class='ocrx_word' id='word_1_250' title='bbox 96 1954 225 2037; x_wconf 82' lang='lat' dir='ltr'><strong><em>(Ioann.</em></strong></span> <span class='ocrx_word' id='word_1_251' title='bbox 250 1957 278 2031; x_wconf 88' lang='lat'><strong><em>6,</em></strong></span> <span class='ocrx_word' id='word_1_252' title='bbox 303 1953 384 2036; x_wconf 68' lang='grc'>46).9</span> <span class='ocrx_word' id='word_1_253' title='bbox 431 1954 549 2035; x_wconf 79' lang='lat' dir='ltr'><strong><em>eribus</em></strong></span> <span class='ocrx_word' id='word_1_254' title='bbox 569 1953 671 2017; x_wconf 88' lang='lat' dir='ltr'><strong><em>uerbis</em></strong></span> <span class='ocrx_word' id='word_1_255' title='bbox 692 1954 863 2035; x_wconf 79' lang='lat' dir='ltr'><strong><em>sipnificat,</em></strong></span> <span class='ocrx_word' id='word_1_256' title='bbox 890 1973 941 2017; x_wconf 91' lang='lat' dir='ltr'><strong><em>eos</em></strong></span> <span class='ocrx_word' id='word_1_257' title='bbox 967 1972 1070 2017; x_wconf 86' lang='lat' dir='ltr'><strong><em>manes</em></strong></span> <span class='ocrx_word' id='word_1_258' title='bbox 1430 1987 1582 2053; x_wconf 63' lang='lat' dir='ltr'>CAPUT</span> <span class='ocrx_word' id='word_1_259' title='bbox 1606 1987 1732 2052; x_wconf 70' lang='lat' dir='ltr'><strong>XXII]</strong></span> <span class='ocrx_word' id='word_1_260' title='bbox 1761 1988 1785 2072; x_wconf 71' lang='lat'><strong><em>1)</em></strong></span> 
     </span>
     <span class='ocr_line' id='line_1_20' title="bbox 95 2038 1740 2122; baseline 0.001 -20"><span class='ocrx_word' id='word_1_261' title='bbox 95 2041 151 2119; x_wconf 88' lang='lat' dir='ltr'><strong><em>qui</em></strong></span> <span class='ocrx_word' id='word_1_262' title='bbox 173 2060 211 2102; x_wconf 83' lang='lat' dir='ltr'><strong><em>ea</em></strong></span> <span class='ocrx_word' id='word_1_263' title='bbox 232 2038 300 2103; x_wconf 92' lang='lat' dir='ltr'><strong><em>Deo</em></strong></span> <span class='ocrx_word' id='word_1_264' title='bbox 321 2060 383 2102; x_wconf 92' lang='lat' dir='ltr'><strong><em>nou</em></strong></span> <span class='ocrx_word' id='word_1_265' title='bbox 404 2045 477 2103; x_wconf 87' lang='lat' dir='ltr'><strong><em>sunt</em></strong></span> <span class='ocrx_word' id='word_1_266' title='bbox 503 2039 648 2122; x_wconf 81' lang='lat' dir='ltr'><strong><em>rependi,</em></strong></span> <span class='ocrx_word' id='word_1_267' title='bbox 677 2038 720 2103; x_wconf 87' lang='lat' dir='ltr'><strong><em>ad</em></strong></span> <span class='ocrx_word' id='word_1_268' title='bbox 747 2040 939 2119; x_wconf 79' lang='lat' dir='ltr'><strong><em>splendorem</em></strong></span> <span class='ocrx_word' id='word_1_269' title='bbox 967 2039 1071 2103; x_wconf 72' lang='lat' dir='ltr'><strong><em>cubus</em></strong></span> <span class='ocrx_word' id='word_1_270' title='bbox 1734 2039 1740 2050; x_wconf 87' lang='lat'>&#39;</span> 
     </span>
     <span class='ocr_line' id='line_1_21' title="bbox 95 2123 2053 2214; baseline 0 -25"><span class='ocrx_word' id='word_1_271' title='bbox 95 2127 163 2189; x_wconf 71' lang='lat' dir='ltr'><strong><em>dus</em></strong></span> <span class='ocrx_word' id='word_1_272' title='bbox 180 2123 394 2204; x_wconf 84' lang='lat' dir='ltr'><strong><em>obstupescere.</em></strong></span> <span class='ocrx_word' id='word_1_273' title='bbox 425 2125 474 2189; x_wconf 84' lang='lat' dir='ltr'><strong><em>Ac</em></strong></span> <span class='ocrx_word' id='word_1_274' title='bbox 492 2125 629 2189; x_wconf 88' lang='lat' dir='ltr'><strong><em>eledioui</em></strong></span> <span class='ocrx_word' id='word_1_275' title='bbox 645 2124 770 2204; x_wconf 75' lang='lat' dir='ltr'><strong><em>quiderm</em></strong></span> <span class='ocrx_word' id='word_1_276' title='bbox 788 2130 857 2206; x_wconf 86' lang='lat' dir='ltr'><strong><em>apte</em></strong></span> <span class='ocrx_word' id='word_1_277' title='bbox 874 2125 1071 2206; x_wconf 85' lang='lat' dir='ltr'><strong><em>coniunqitur</em></strong></span> <span class='ocrx_word' id='word_1_278' title='bbox 1168 2131 1390 2214; x_wconf 62' lang='lat' dir='ltr'><strong>Refutaffio</strong></span> <span class='ocrx_word' id='word_1_279' title='bbox 1421 2130 1739 2213; x_wconf 28' lang='lat' dir='ltr'><strong><em>calumniarum,</em></strong></span> <span class='ocrx_word' id='word_1_280' title='bbox 1793 2130 1918 2212; x_wconf 68' lang='lat' dir='ltr'><strong><em>uibus</em></strong></span> <span class='ocrx_word' id='word_1_281' title='bbox 1949 2131 2053 2214; x_wconf 64' lang='lat' dir='ltr'>haec</span> 
     </span>
     <span class='ocr_line' id='line_1_22' title="bbox 93 2159 1792 2334; baseline 0 -60"><span class='ocrx_word' id='word_1_282' title='bbox 93 2211 186 2291; x_wconf 71' lang='lat' dir='ltr'><strong><em>fidu,</em></strong></span> <span class='ocrx_word' id='word_1_283' title='bbox 207 2211 297 2274; x_wconf 87' lang='lat' dir='ltr'><strong><em>modo</em></strong></span> <span class='ocrx_word' id='word_1_284' title='bbox 317 2211 485 2276; x_wconf 77' lang='lat' dir='ltr'><strong><em>securdum</em></strong></span> <span class='ocrx_word' id='word_1_285' title='bbox 503 2212 640 2293; x_wconf 82' lang='lat' dir='ltr'><strong><em>pradum</em></strong></span> <span class='ocrx_word' id='word_1_286' title='bbox 660 2215 767 2274; x_wconf 83' lang='lat' dir='ltr'><strong><em>teneat.</em></strong></span> <span class='ocrx_word' id='word_1_287' title='bbox 815 2211 911 2291; x_wconf 52' lang='lat' dir='ltr'><strong><em>wem</em></strong></span> <span class='ocrx_word' id='word_1_288' title='bbox 932 2211 1072 2274; x_wconf 87' lang='lat' dir='ltr'><strong><em>ordinem</em></strong></span> <span class='ocrx_word' id='word_1_289' title='bbox 1224 2253 1253 2334; x_wconf 78' lang='lat' dir='ltr'><strong>d</strong></span> <span class='ocrx_word' id='word_1_290' title='bbox 1348 2251 1356 2267; x_wconf 87' lang='lat'><strong>·</strong></span> <span class='ocrx_word' id='word_1_291' title='bbox 1474 2269 1476 2273; x_wconf 81' lang='grc'>,</span> <span class='ocrx_word' id='word_1_292' title='bbox 1647 2251 1654 2266; x_wconf 86' lang='grc'><strong>-</strong></span> <span class='ocrx_word' id='word_1_293' title='bbox 1691 2251 1698 2266; x_wconf 85' lang='lat'><strong>·</strong></span> <span class='ocrx_word' id='word_1_294' title='bbox 1765 2159 1792 2239; x_wconf 80' lang='lat' dir='ltr'>q</span> 
     </span>
     <span class='ocr_line' id='line_1_23' title="bbox 95 2260 1996 2380; baseline -0.001 -20"><span class='ocrx_word' id='word_1_295' title='bbox 95 2297 178 2360; x_wconf 69' lang='lat' dir='ltr'><strong><em>aare</em></strong></span> <span class='ocrx_word' id='word_1_296' title='bbox 203 2297 381 2377; x_wconf 74' lang='lat' dir='ltr'><strong><em>caprimum</em></strong></span> <span class='ocrx_word' id='word_1_297' title='bbox 407 2296 485 2362; x_wconf 69' lang='lat' dir='ltr'><strong><em>actu</em></strong></span> <span class='ocrx_word' id='word_1_298' title='bbox 516 2295 634 2361; x_wconf 67' lang='lat' dir='ltr'><strong><em>curui</em></strong></span> <span class='ocrx_word' id='word_1_299' title='bbox 660 2295 751 2359; x_wconf 68' lang='lat' dir='ltr'><strong><em>vau</em></strong></span> <span class='ocrx_word' id='word_1_300' title='bbox 777 2295 868 2378; x_wconf 69' lang='lat' dir='ltr'><strong><em>(issa.</em></strong></span> <span class='ocrx_word' id='word_1_301' title='bbox 894 2296 966 2380; x_wconf 66' lang='lat' dir='ltr'><strong><em>sep</em></strong></span> <span class='ocrx_word' id='word_1_302' title='bbox 998 2296 1072 2361; x_wconf 68' lang='lat' dir='ltr'><strong><em>aaa</em></strong></span> <span class='ocrx_word' id='word_1_303' title='bbox 1254 2260 1415 2335; x_wconf 82' lang='lat' dir='ltr'><strong><em>octrmc</em></strong></span> <span class='ocrx_word' id='word_1_304' title='bbox 1446 2279 1613 2360; x_wconf 81' lang='lat' dir='ltr'><strong><em>semper</em></strong></span> <span class='ocrx_word' id='word_1_305' title='bbox 1643 2279 1786 2359; x_wconf 68' lang='lat' dir='ltr'><strong><em>imque</em></strong></span> <span class='ocrx_word' id='word_1_306' title='bbox 1817 2265 1996 2360; x_wconf 79' lang='lat' dir='ltr'><strong><em>gravata</em></strong></span> 
     </span>
     <span class='ocr_line' id='line_1_24' title="bbox 96 2371 1657 2465; baseline -0.001 -18"><span class='ocrx_word' id='word_1_307' title='bbox 96 2389 140 2447; x_wconf 90' lang='lat' dir='ltr'><strong><em>est</em></strong></span> <span class='ocrx_word' id='word_1_308' title='bbox 160 2381 302 2446; x_wconf 88' lang='lat' dir='ltr'><strong><em>uoluntas</em></strong></span> <span class='ocrx_word' id='word_1_309' title='bbox 318 2383 439 2465; x_wconf 89' lang='lat' dir='ltr'><strong><em>patris,</em></strong></span> <span class='ocrx_word' id='word_1_310' title='bbox 461 2388 497 2447; x_wconf 94' lang='lat' dir='ltr'><strong><em>ut</em></strong></span> <span class='ocrx_word' id='word_1_311' title='bbox 516 2403 577 2446; x_wconf 91' lang='lat' dir='ltr'><strong><em>uon</em></strong></span> <span class='ocrx_word' id='word_1_312' title='bbox 592 2382 727 2462; x_wconf 85' lang='lat' dir='ltr'><strong><em>perdam</em></strong></span> <span class='ocrx_word' id='word_1_313' title='bbox 748 2383 829 2462; x_wconf 87' lang='lat' dir='ltr'><strong><em>quod</em></strong></span> <span class='ocrx_word' id='word_1_314' title='bbox 850 2382 941 2446; x_wconf 85' lang='lat' dir='ltr'><strong><em>dedit.</em></strong></span> <span class='ocrx_word' id='word_1_315' title='bbox 986 2382 1073 2446; x_wconf 88' lang='lat' dir='ltr'><strong><em>Haec</em></strong></span> <span class='ocrx_word' id='word_1_316' title='bbox 1565 2371 1657 2452; x_wconf 83' lang='lat' dir='ltr'><strong><em>fuit.</em></strong></span> 
     </span>
     <span class='ocr_line' id='line_1_25' title="bbox 96 2466 1069 2549; baseline -0.001 -16"><span class='ocrx_word' id='word_1_317' title='bbox 96 2470 179 2533; x_wconf 91' lang='lat' dir='ltr'><strong><em>enim</em></strong></span> <span class='ocrx_word' id='word_1_318' title='bbox 205 2467 346 2533; x_wconf 88' lang='lat' dir='ltr'><strong><em>uoluntas</em></strong></span> <span class='ocrx_word' id='word_1_319' title='bbox 374 2472 444 2533; x_wconf 89' lang='lat' dir='ltr'><strong><em>eius</em></strong></span> <span class='ocrx_word' id='word_1_320' title='bbox 471 2473 574 2533; x_wconf 79' lang='lat' dir='ltr'><strong><em>estid</em></strong></span> <span class='ocrx_word' id='word_1_321' title='bbox 601 2468 745 2549; x_wconf 87' lang='lat' dir='ltr'><strong><em>quisquis</em></strong></span> <span class='ocrx_word' id='word_1_322' title='bbox 771 2469 867 2533; x_wconf 89' lang='lat' dir='ltr'><strong><em>credit</em></strong></span> <span class='ocrx_word' id='word_1_323' title='bbox 895 2469 930 2531; x_wconf 89' lang='lat' dir='ltr'><strong><em>in</em></strong></span> <span class='ocrx_word' id='word_1_324' title='bbox 956 2466 1069 2548; x_wconf 85' lang='lat' dir='ltr'><strong><em>filiurn,</em></strong></span> 
     </span>
     <span class='ocr_line' id='line_1_26' title="bbox 94 2553 2099 2638; baseline 0.001 -21"><span class='ocrx_word' id='word_1_325' title='bbox 94 2574 156 2617; x_wconf 80' lang='lat' dir='ltr'><strong><em>riou</em></strong></span> <span class='ocrx_word' id='word_1_326' title='bbox 183 2559 298 2634; x_wconf 85' lang='lat' dir='ltr'><strong><em>pereat.</em></strong></span> <span class='ocrx_word' id='word_1_327' title='bbox 345 2554 383 2618; x_wconf 86' lang='lat' dir='ltr'><strong><em>Si</em></strong></span> <span class='ocrx_word' id='word_1_328' title='bbox 415 2576 520 2619; x_wconf 83' lang='lat' dir='ltr'><strong><em>murus</em></strong></span> <span class='ocrx_word' id='word_1_329' title='bbox 551 2553 637 2619; x_wconf 85' lang='lat' dir='ltr'><strong><em>uellet</em></strong></span> <span class='ocrx_word' id='word_1_330' title='bbox 668 2553 784 2632; x_wconf 88' lang='lat' dir='ltr'><strong><em>saluos,</em></strong></span> <span class='ocrx_word' id='word_1_331' title='bbox 818 2555 971 2619; x_wconf 85' lang='lat' dir='ltr'><strong><em>custodem</em></strong></span> <span class='ocrx_word' id='word_1_332' title='bbox 1004 2554 1071 2618; x_wconf 88' lang='lat' dir='ltr'><strong><em>illis</em></strong></span> <span class='ocrx_word' id='word_1_333' title='bbox 1213 2561 1238 2620; x_wconf 91' lang='lat' dir='ltr'><strong><em>l.</em></strong></span> <span class='ocrx_word' id='word_1_334' title='bbox 1283 2557 1376 2622; x_wconf 87' lang='lat' dir='ltr'><strong><em>Haec</em></strong></span> <span class='ocrx_word' id='word_1_335' title='bbox 1398 2576 1476 2620; x_wconf 88' lang='lat' dir='ltr'><strong><em>vero</em></strong></span> <span class='ocrx_word' id='word_1_336' title='bbox 1500 2554 1580 2618; x_wconf 91' lang='lat' dir='ltr'><strong><em>dum</em></strong></span> <span class='ocrx_word' id='word_1_337' title='bbox 1602 2554 1695 2618; x_wconf 89' lang='lat' dir='ltr'><strong><em>audit</em></strong></span> <span class='ocrx_word' id='word_1_338' title='bbox 1714 2556 1896 2618; x_wconf 86' lang='lat' dir='ltr'><strong><em>humanum</em></strong></span> <span class='ocrx_word' id='word_1_339' title='bbox 1917 2556 2099 2638; x_wconf 84' lang='lat' dir='ltr'><strong><em>ingenium,</em></strong></span> 
     </span>
     <span class='ocr_line' id='line_1_27' title="bbox 88 2638 2101 2724; baseline 0.001 -21"><span class='ocrx_word' id='word_1_340' title='bbox 88 2638 271 2722; x_wconf 79' lang='lat' dir='ltr'><strong><em>praeficeret</em></strong></span> <span class='ocrx_word' id='word_1_341' title='bbox 290 2641 408 2722; x_wconf 79' lang='lat' dir='ltr'><strong><em>filium,</em></strong></span> <span class='ocrx_word' id='word_1_342' title='bbox 437 2646 466 2705; x_wconf 88' lang='lat' dir='ltr'><strong><em>et</em></strong></span> <span class='ocrx_word' id='word_1_343' title='bbox 486 2661 589 2705; x_wconf 85' lang='lat' dir='ltr'><strong><em>onmes</em></strong></span> <span class='ocrx_word' id='word_1_344' title='bbox 610 2641 646 2702; x_wconf 90' lang='lat' dir='ltr'><strong><em>in</em></strong></span> <span class='ocrx_word' id='word_1_345' title='bbox 665 2640 734 2704; x_wconf 87' lang='lat' dir='ltr'><strong><em>eius</em></strong></span> <span class='ocrx_word' id='word_1_346' title='bbox 755 2659 865 2722; x_wconf 85' lang='lat' dir='ltr'><strong><em>corpus</em></strong></span> <span class='ocrx_word' id='word_1_347' title='bbox 885 2661 975 2704; x_wconf 89' lang='lat' dir='ltr'><strong><em>sacro</em></strong></span> <span class='ocrx_word' id='word_1_348' title='bbox 995 2640 1072 2721; x_wconf 73' lang='lat' dir='ltr'><strong><em>fidei</em></strong></span> <span class='ocrx_word' id='word_1_349' title='bbox 1123 2643 1284 2708; x_wconf 81' lang='lat' dir='ltr'><strong><em>contineri</em></strong></span> <span class='ocrx_word' id='word_1_350' title='bbox 1306 2644 1420 2724; x_wconf 91' lang='lat' dir='ltr'><strong><em>nequit</em></strong></span> <span class='ocrx_word' id='word_1_351' title='bbox 1440 2642 1509 2705; x_wconf 91' lang='lat' dir='ltr'><strong><em>eius</em></strong></span> <span class='ocrx_word' id='word_1_352' title='bbox 1536 2641 1704 2722; x_wconf 82' lang='lat' dir='ltr'><strong><em>protervia</em></strong></span> <span class='ocrx_word' id='word_1_353' title='bbox 1725 2641 1818 2723; x_wconf 89' lang='lat' dir='ltr'><strong><em>quin,</em></strong></span> <span class='ocrx_word' id='word_1_354' title='bbox 1847 2641 1939 2704; x_wconf 86' lang='lat' dir='ltr'><strong><em>velut</em></strong></span> <span class='ocrx_word' id='word_1_355' title='bbox 1960 2639 2002 2705; x_wconf 89' lang='lat' dir='ltr'><strong><em>ad</em></strong></span> <span class='ocrx_word' id='word_1_356' title='bbox 2024 2662 2101 2705; x_wconf 89' lang='lat' dir='ltr'><strong><em>can-</em></strong></span> 
     </span>
     <span class='ocr_line' id='line_1_28' title="bbox 93 2724 2098 2808; baseline 0.001 -20"><span class='ocrx_word' id='word_1_357' title='bbox 93 2725 215 2789; x_wconf 86' lang='lat' dir='ltr'><strong><em>uinculo</em></strong></span> <span class='ocrx_word' id='word_1_358' title='bbox 235 2728 391 2792; x_wconf 88' lang='lat' dir='ltr'><strong><em>insereret.</em></strong></span> <span class='ocrx_word' id='word_1_359' title='bbox 438 2725 532 2791; x_wconf 91' lang='lat' dir='ltr'><strong><em>Nunc</em></strong></span> <span class='ocrx_word' id='word_1_360' title='bbox 560 2729 676 2790; x_wconf 74' lang='lat' dir='ltr'><strong><em>cuntot</em></strong></span> <span class='ocrx_word' id='word_1_361' title='bbox 700 2724 794 2804; x_wconf 82' lang='lat' dir='ltr'><strong><em>fldem</em></strong></span> <span class='ocrx_word' id='word_1_362' title='bbox 820 2725 981 2808; x_wconf 61' lang='lat' dir='ltr'><strong><em>capulare</em></strong></span> <span class='ocrx_word' id='word_1_363' title='bbox 1006 2747 1071 2791; x_wconf 88' lang='lat' dir='ltr'><strong><em>esse</em></strong></span> <span class='ocrx_word' id='word_1_364' title='bbox 1122 2730 1224 2793; x_wconf 91' lang='lat' dir='ltr'><strong><em>ticum</em></strong></span> <span class='ocrx_word' id='word_1_365' title='bbox 1251 2729 1392 2805; x_wconf 82' lang='lat' dir='ltr'><strong><em>classici,</em></strong></span> <span class='ocrx_word' id='word_1_366' title='bbox 1422 2728 1511 2792; x_wconf 88' lang='lat' dir='ltr'><strong><em>varie</em></strong></span> <span class='ocrx_word' id='word_1_367' title='bbox 1535 2735 1567 2790; x_wconf 88' lang='lat' dir='ltr'><strong><em>et</em></strong></span> <span class='ocrx_word' id='word_1_368' title='bbox 1589 2747 1688 2808; x_wconf 89' lang='lat' dir='ltr'><strong><em>snpra</em></strong></span> <span class='ocrx_word' id='word_1_369' title='bbox 1708 2725 1842 2790; x_wconf 89' lang='lat' dir='ltr'><strong><em>modum</em></strong></span> <span class='ocrx_word' id='word_1_370' title='bbox 1868 2727 2098 2791; x_wconf 86' lang='lat' dir='ltr'><strong><em>tumultuetur.</em></strong></span> 
     </span>
     <span class='ocr_line' id='line_1_29' title="bbox 88 2810 2101 2896; baseline 0.001 -20"><span class='ocrx_word' id='word_1_371' title='bbox 88 2813 214 2892; x_wconf 81' lang='lat' dir='ltr'><strong><em>paterni</em></strong></span> <span class='ocrx_word' id='word_1_372' title='bbox 232 2815 353 2876; x_wconf 90' lang='lat' dir='ltr'><strong><em>amoris</em></strong></span> <span class='ocrx_word' id='word_1_373' title='bbox 364 2815 493 2896; x_wconf 77' lang='lat' dir='ltr'><strong><em>pipam,</em></strong></span> <span class='ocrx_word' id='word_1_374' title='bbox 509 2812 589 2894; x_wconf 72' lang='lat' dir='ltr'><strong><em>filiis</em></strong></span> <span class='ocrx_word' id='word_1_375' title='bbox 604 2831 681 2892; x_wconf 89' lang='lat' dir='ltr'><strong><em>quos</em></strong></span> <span class='ocrx_word' id='word_1_376' title='bbox 697 2811 856 2894; x_wconf 72' lang='lat' dir='ltr'><strong><em>artoptamt</em></strong></span> <span class='ocrx_word' id='word_1_377' title='bbox 871 2813 1069 2877; x_wconf 81' lang='lat' dir='ltr'><strong><em>rccoriditum.</em></strong></span> <span class='ocrx_word' id='word_1_378' title='bbox 1122 2816 1173 2880; x_wconf 79' lang='lat' dir='ltr'><strong><em>Aa</em></strong></span> <span class='ocrx_word' id='word_1_379' title='bbox 1193 2814 1284 2878; x_wconf 88' lang='lat' dir='ltr'><strong><em>multi</em></strong></span> <span class='ocrx_word' id='word_1_380' title='bbox 1305 2813 1439 2896; x_wconf 89' lang='lat' dir='ltr'><strong><em>quidem,</em></strong></span> <span class='ocrx_word' id='word_1_381' title='bbox 1461 2834 1498 2877; x_wconf 92' lang='lat' dir='ltr'><strong><em>ac</em></strong></span> <span class='ocrx_word' id='word_1_382' title='bbox 1518 2813 1548 2876; x_wconf 89' lang='lat' dir='ltr'><strong><em>si</em></strong></span> <span class='ocrx_word' id='word_1_383' title='bbox 1569 2812 1726 2877; x_wconf 86' lang='lat' dir='ltr'><strong><em>inuidiam</em></strong></span> <span class='ocrx_word' id='word_1_384' title='bbox 1747 2834 1766 2875; x_wconf 93' lang='lat' dir='ltr'><strong><em>a</em></strong></span> <span class='ocrx_word' id='word_1_385' title='bbox 1787 2810 1854 2875; x_wconf 90' lang='lat' dir='ltr'><strong><em>Deo</em></strong></span> <span class='ocrx_word' id='word_1_386' title='bbox 1875 2813 2020 2893; x_wconf 79' lang='lat' dir='ltr'><strong><em>repellere</em></strong></span> <span class='ocrx_word' id='word_1_387' title='bbox 2039 2814 2101 2879; x_wconf 87' lang='lat' dir='ltr'><strong><em>uel·</em></strong></span> 
     </span>
     <span class='ocr_line' id='line_1_30' title="bbox 95 2896 2181 2983; baseline 0 -23"><span class='ocrx_word' id='word_1_388' title='bbox 95 2896 168 2962; x_wconf 89' lang='lat' dir='ltr'><strong><em>Idea</em></strong></span> <span class='ocrx_word' id='word_1_389' title='bbox 191 2896 338 2963; x_wconf 82' lang='lat' dir='ltr'><strong><em>Obristus</em></strong></span> <span class='ocrx_word' id='word_1_390' title='bbox 364 2898 443 2963; x_wconf 90' lang='lat' dir='ltr'><strong><em>alibi</em></strong></span> <span class='ocrx_word' id='word_1_391' title='bbox 472 2899 601 2983; x_wconf 83' lang='lat' dir='ltr'><strong><em>(Ioann.</em></strong></span> <span class='ocrx_word' id='word_1_392' title='bbox 629 2902 681 2974; x_wconf 82' lang='lat'><strong><em>10,</em></strong></span> <span class='ocrx_word' id='word_1_393' title='bbox 705 2897 740 2982; x_wconf 81' lang='grc'><strong><em>4)</em></strong></span> <span class='ocrx_word' id='word_1_394' title='bbox 769 2898 859 2974; x_wconf 87' lang='lat' dir='ltr'><strong><em>dicit,</em></strong></span> <span class='ocrx_word' id='word_1_395' title='bbox 887 2918 957 2963; x_wconf 88' lang='lat' dir='ltr'><strong><em>oves</em></strong></span> <span class='ocrx_word' id='word_1_396' title='bbox 983 2899 1071 2981; x_wconf 87' lang='lat' dir='ltr'><strong><em>sequi</em></strong></span> <span class='ocrx_word' id='word_1_397' title='bbox 1122 2902 1191 2979; x_wconf 88' lang='lat' dir='ltr'><strong><em>lent,</em></strong></span> <span class='ocrx_word' id='word_1_398' title='bbox 1210 2900 1380 2966; x_wconf 83' lang='lat' dir='ltr'><strong><em>dectionem</em></strong></span> <span class='ocrx_word' id='word_1_399' title='bbox 1396 2902 1442 2965; x_wconf 88' lang='lat' dir='ltr'><strong><em>ita</em></strong></span> <span class='ocrx_word' id='word_1_400' title='bbox 1457 2901 1604 2981; x_wconf 88' lang='lat' dir='ltr'><strong><em>fatentur,</em></strong></span> <span class='ocrx_word' id='word_1_401' title='bbox 1624 2903 1659 2961; x_wconf 95' lang='lat' dir='ltr'><strong><em>ut</em></strong></span> <span class='ocrx_word' id='word_1_402' title='bbox 1675 2904 1781 2981; x_wconf 79' lang='lat' dir='ltr'><strong><em>nepem</em></strong></span> <span class='ocrx_word' id='word_1_403' title='bbox 1797 2918 1980 2979; x_wconf 73' lang='lat' dir='ltr'><strong><em>quemquam</em></strong></span> <span class='ocrx_word' id='word_1_404' title='bbox 1997 2918 2100 2983; x_wconf 87' lang='lat' dir='ltr'><strong><em>repro·</em></strong></span> <span class='ocrx_word' id='word_1_405' title='bbox 2177 2951 2181 2961; x_wconf 86' lang='grc'><em>,</em></span> 
     </span>
     <span class='ocr_line' id='line_1_31' title="bbox 88 2983 2100 3066; baseline 0.001 -19"><span class='ocrx_word' id='word_1_406' title='bbox 88 2988 256 3064; x_wconf 88' lang='lat' dir='ltr'><strong><em>pastorem,</em></strong></span> <span class='ocrx_word' id='word_1_407' title='bbox 279 2985 357 3066; x_wconf 88' lang='lat' dir='ltr'><strong><em>quia</em></strong></span> <span class='ocrx_word' id='word_1_408' title='bbox 374 2989 523 3049; x_wconf 78' lang='lat' dir='ltr'><strong><em>nocuum</em></strong></span> <span class='ocrx_word' id='word_1_409' title='bbox 538 3004 640 3048; x_wconf 83' lang='lat' dir='ltr'><strong><em>oman</em></strong></span> <span class='ocrx_word' id='word_1_410' title='bbox 655 2985 737 3062; x_wconf 84' lang='lat' dir='ltr'><strong><em>eius,·</em></strong></span> <span class='ocrx_word' id='word_1_411' title='bbox 758 2983 897 3059; x_wconf 83' lang='lat' dir='ltr'><strong><em>alienum</em></strong></span> <span class='ocrx_word' id='word_1_412' title='bbox 917 3005 988 3049; x_wconf 87' lang='lat' dir='ltr'><strong><em>uero</em></strong></span> <span class='ocrx_word' id='word_1_413' title='bbox 1009 3005 1071 3049; x_wconf 88' lang='lat' dir='ltr'><strong><em>non</em></strong></span> <span class='ocrx_word' id='word_1_414' title='bbox 1122 2988 1201 3052; x_wconf 87' lang='lat' dir='ltr'><strong><em>bari.</em></strong></span> <span class='ocrx_word' id='word_1_415' title='bbox 1254 2985 1315 3052; x_wconf 78' lang='lat' dir='ltr'><strong><em>Sed</em></strong></span> <span class='ocrx_word' id='word_1_416' title='bbox 1346 2988 1455 3050; x_wconf 82' lang='lat' dir='ltr'><strong><em>irrsoite</em></strong></span> <span class='ocrx_word' id='word_1_417' title='bbox 1487 2986 1583 3048; x_wconf 87' lang='lat' dir='ltr'><strong><em>nimis</em></strong></span> <span class='ocrx_word' id='word_1_418' title='bbox 1610 2989 1637 3047; x_wconf 84' lang='lat' dir='ltr'><strong><em>et</em></strong></span> <span class='ocrx_word' id='word_1_419' title='bbox 1663 2984 1842 3064; x_wconf 85' lang='lat' dir='ltr'><strong><em>pueriliter:</em></strong></span> <span class='ocrx_word' id='word_1_420' title='bbox 1875 2985 1999 3066; x_wconf 88' lang='lat' dir='ltr'><strong><em>quaudo</em></strong></span> <span class='ocrx_word' id='word_1_421' title='bbox 2026 2987 2100 3064; x_wconf 49' lang='lat' dir='ltr'><strong><em>&#39;ipisa</em></strong></span> 
     </span>
     <span class='ocr_line' id='line_1_32' title="bbox 93 3068 2100 3154; baseline 0 -20"><span class='ocrx_word' id='word_1_422' title='bbox 93 3070 188 3149; x_wconf 85' lang='lat' dir='ltr'><strong><em>sequi,</em></strong></span> <span class='ocrx_word' id='word_1_423' title='bbox 211 3072 361 3150; x_wconf 85' lang='lat' dir='ltr'><strong><em>quoniam</em></strong></span> <span class='ocrx_word' id='word_1_424' title='bbox 380 3092 441 3135; x_wconf 81' lang='lat' dir='ltr'><strong><em>riori</em></strong></span> <span class='ocrx_word' id='word_1_425' title='bbox 463 3073 631 3154; x_wconf 79' lang='lat' dir='ltr'><strong><em>aprnscunt</em></strong></span> <span class='ocrx_word' id='word_1_426' title='bbox 646 3089 745 3133; x_wconf 88' lang='lat' dir='ltr'><strong><em>uocem</em></strong></span> <span class='ocrx_word' id='word_1_427' title='bbox 762 3070 946 3134; x_wconf 67' lang='lat' dir='ltr'><strong><em>alanorum.</em></strong></span> <span class='ocrx_word' id='word_1_428' title='bbox 985 3068 1071 3136; x_wconf 87' lang='lat' dir='ltr'><strong><em>Unde</em></strong></span> <span class='ocrx_word' id='word_1_429' title='bbox 1121 3073 1232 3150; x_wconf 81' lang='lat' dir='ltr'><strong><em>eledio,</em></strong></span> <span class='ocrx_word' id='word_1_430' title='bbox 1255 3072 1320 3137; x_wconf 90' lang='lat' dir='ltr'><strong><em>nisi</em></strong></span> <span class='ocrx_word' id='word_1_431' title='bbox 1340 3071 1547 3153; x_wconf 86' lang='lat' dir='ltr'><strong><em>reprobationi</em></strong></span> <span class='ocrx_word' id='word_1_432' title='bbox 1570 3071 1719 3152; x_wconf 87' lang='lat' dir='ltr'><strong><em>opposita,</em></strong></span> <span class='ocrx_word' id='word_1_433' title='bbox 1742 3090 1801 3133; x_wconf 89' lang='lat' dir='ltr'><strong><em>uon</em></strong></span> <span class='ocrx_word' id='word_1_434' title='bbox 1823 3074 1926 3135; x_wconf 85' lang='lat' dir='ltr'><strong><em>staret.</em></strong></span> <span class='ocrx_word' id='word_1_435' title='bbox 1970 3069 2100 3137; x_wconf 86' lang='lat' dir='ltr'><strong><em>Dicitur</em></strong></span> 
     </span>
     <span class='ocr_line' id='line_1_33' title="bbox 94 3155 2101 3241; baseline 0.001 -24"><span class='ocrx_word' id='word_1_436' title='bbox 94 3161 196 3218; x_wconf 89' lang='lat' dir='ltr'><strong><em>autem</em></strong></span> <span class='ocrx_word' id='word_1_437' title='bbox 227 3157 291 3219; x_wconf 89' lang='lat' dir='ltr'><strong><em>ista</em></strong></span> <span class='ocrx_word' id='word_1_438' title='bbox 323 3156 481 3234; x_wconf 88' lang='lat' dir='ltr'><strong><em>discretio,</em></strong></span> <span class='ocrx_word' id='word_1_439' title='bbox 513 3157 578 3220; x_wconf 86' lang='lat' dir='ltr'><strong><em>uisi</em></strong></span> <span class='ocrx_word' id='word_1_440' title='bbox 612 3156 689 3236; x_wconf 88' lang='lat' dir='ltr'><strong><em>quia</em></strong></span> <span class='ocrx_word' id='word_1_441' title='bbox 715 3156 870 3227; x_wconf 81' lang='lat' dir='ltr'><strong><em>diuinitus</em></strong></span> <span class='ocrx_word' id='word_1_442' title='bbox 889 3157 1071 3238; x_wconf 76' lang='lat' dir='ltr'><strong><em>perforatae</em></strong></span> <span class='ocrx_word' id='word_1_443' title='bbox 1122 3179 1280 3241; x_wconf 83' lang='lat' dir='ltr'><strong><em>seqreqare</em></strong></span> <span class='ocrx_word' id='word_1_444' title='bbox 1302 3158 1393 3223; x_wconf 90' lang='lat' dir='ltr'><strong><em>Deus</em></strong></span> <span class='ocrx_word' id='word_1_445' title='bbox 1413 3178 1490 3238; x_wconf 88' lang='lat' dir='ltr'><strong><em>quos</em></strong></span> <span class='ocrx_word' id='word_1_446' title='bbox 1511 3157 1636 3238; x_wconf 90' lang='lat' dir='ltr'><strong><em>adoptat</em></strong></span> <span class='ocrx_word' id='word_1_447' title='bbox 1655 3157 1690 3219; x_wconf 93' lang='lat' dir='ltr'><strong><em>in</em></strong></span> <span class='ocrx_word' id='word_1_448' title='bbox 1707 3156 1853 3220; x_wconf 88' lang='lat' dir='ltr'><strong><em>salutem:</em></strong></span> <span class='ocrx_word' id='word_1_449' title='bbox 1873 3155 2001 3237; x_wconf 81' lang='lat' dir='ltr'><strong><em>fortuito</em></strong></span> <span class='ocrx_word' id='word_1_450' title='bbox 2019 3157 2101 3220; x_wconf 88' lang='lat' dir='ltr'><strong><em>alios</em></strong></span> 
     </span>
     <span class='ocr_line' id='line_1_34' title="bbox 94 3240 2101 3326; baseline 0.001 -24"><span class='ocrx_word' id='word_1_451' title='bbox 94 3245 166 3303; x_wconf 78' lang='lat' dir='ltr'><strong><em>aad</em></strong></span> <span class='ocrx_word' id='word_1_452' title='bbox 187 3240 253 3305; x_wconf 84' lang='lat' dir='ltr'><strong><em>illis</em></strong></span> <span class='ocrx_word' id='word_1_453' title='bbox 274 3243 391 3304; x_wconf 77' lang='lat' dir='ltr'><strong><em>aures?</em></strong></span> <span class='ocrx_word' id='word_1_454' title='bbox 435 3242 533 3305; x_wconf 91' lang='lat' dir='ltr'><strong><em>Nemo</em></strong></span> <span class='ocrx_word' id='word_1_455' title='bbox 555 3244 638 3306; x_wconf 85' lang='lat' dir='ltr'><strong><em>eninr</em></strong></span> <span class='ocrx_word' id='word_1_456' title='bbox 657 3261 691 3305; x_wconf 90' lang='lat' dir='ltr'><strong><em>se</em></strong></span> <span class='ocrx_word' id='word_1_457' title='bbox 712 3262 797 3306; x_wconf 88' lang='lat' dir='ltr'><strong><em>ouem</em></strong></span> <span class='ocrx_word' id='word_1_458' title='bbox 816 3243 909 3323; x_wconf 89' lang='lat' dir='ltr'><strong><em>facit,</em></strong></span> <span class='ocrx_word' id='word_1_459' title='bbox 932 3243 986 3307; x_wconf 89' lang='lat' dir='ltr'><strong><em>sed</em></strong></span> <span class='ocrx_word' id='word_1_460' title='bbox 1005 3243 1070 3326; x_wconf 89' lang='lat' dir='ltr'><strong><em>for·</em></strong></span> <span class='ocrx_word' id='word_1_461' title='bbox 1122 3245 1266 3325; x_wconf 72' lang='lat' dir='ltr'><strong><em>admisci,</em></strong></span> <span class='ocrx_word' id='word_1_462' title='bbox 1288 3245 1336 3309; x_wconf 85' lang='lat' dir='ltr'><strong><em>uel</em></strong></span> <span class='ocrx_word' id='word_1_463' title='bbox 1356 3265 1417 3308; x_wconf 82' lang='lat' dir='ltr'><strong><em>scra</em></strong></span> <span class='ocrx_word' id='word_1_464' title='bbox 1438 3244 1599 3309; x_wconf 77' lang='lat' dir='ltr'><strong><em>tutante</em></strong></span> <span class='ocrx_word' id='word_1_465' title='bbox 1621 3243 1790 3323; x_wconf 88' lang='lat' dir='ltr'><strong><em>acquirere,</em></strong></span> <span class='ocrx_word' id='word_1_466' title='bbox 1813 3243 1894 3322; x_wconf 92' lang='lat' dir='ltr'><strong><em>quod</em></strong></span> <span class='ocrx_word' id='word_1_467' title='bbox 1913 3241 1981 3306; x_wconf 89' lang='lat' dir='ltr'><strong><em>sola</em></strong></span> <span class='ocrx_word' id='word_1_468' title='bbox 1998 3242 2101 3306; x_wconf 83' lang='lat' dir='ltr'><strong><em>dedic</em></strong></span> 
     </span>
     <span class='ocr_line' id='line_1_35' title="bbox 94 3326 2101 3414; baseline 0.003 -28"><span class='ocrx_word' id='word_1_469' title='bbox 94 3330 198 3387; x_wconf 84' lang='lat' dir='ltr'><strong><em>nmtur</em></strong></span> <span class='ocrx_word' id='word_1_470' title='bbox 224 3326 341 3390; x_wconf 87' lang='lat' dir='ltr'><strong><em>caelesti</em></strong></span> <span class='ocrx_word' id='word_1_471' title='bbox 365 3329 479 3410; x_wconf 81' lang='lat' dir='ltr'><strong><em>qratia</em></strong></span> <span class='ocrx_word' id='word_1_472' title='bbox 530 3326 617 3394; x_wconf 87' lang='lat' dir='ltr'><strong><em>Unde</em></strong></span> <span class='ocrx_word' id='word_1_473' title='bbox 643 3331 671 3390; x_wconf 90' lang='lat' dir='ltr'><strong><em>et</em></strong></span> <span class='ocrx_word' id='word_1_474' title='bbox 695 3328 827 3392; x_wconf 90' lang='lat' dir='ltr'><strong><em>salutem</em></strong></span> <span class='ocrx_word' id='word_1_475' title='bbox 848 3334 985 3393; x_wconf 87' lang='lat' dir='ltr'><strong><em>nostram</em></strong></span> <span class='ocrx_word' id='word_1_476' title='bbox 1006 3328 1071 3393; x_wconf 84' lang='lat' dir='ltr'><strong><em>Do</em></strong></span> <span class='ocrx_word' id='word_1_477' title='bbox 1115 3332 1233 3414; x_wconf 86' lang='lat' dir='ltr'><strong><em>paucis</em></strong></span> <span class='ocrx_word' id='word_1_478' title='bbox 1253 3331 1380 3411; x_wconf 88' lang='lat' dir='ltr'><strong><em>confert,</em></strong></span> <span class='ocrx_word' id='word_1_479' title='bbox 1406 3330 1593 3410; x_wconf 88' lang='lat' dir='ltr'><strong><em>plusquam</em></strong></span> <span class='ocrx_word' id='word_1_480' title='bbox 1615 3328 1733 3391; x_wconf 87' lang='lat' dir='ltr'><strong><em>insulse</em></strong></span> <span class='ocrx_word' id='word_1_481' title='bbox 1753 3328 1879 3392; x_wconf 85' lang='lat' dir='ltr'><strong><em>dicetur.</em></strong></span> <span class='ocrx_word' id='word_1_482' title='bbox 1927 3328 2009 3408; x_wconf 79' lang='lat' dir='ltr'><strong><em>Quos</em></strong></span> <span class='ocrx_word' id='word_1_483' title='bbox 2030 3349 2101 3410; x_wconf 84' lang='lat' dir='ltr'><strong><em>erpo</em></strong></span> 
     </span>
     <span class='ocr_line' id='line_1_36' title="bbox 94 3410 2101 3498; baseline 0.003 -27"><span class='ocrx_word' id='word_1_484' title='bbox 94 3410 201 3474; x_wconf 83' lang='lat' dir='ltr'><strong><em>urinas</em></strong></span> <span class='ocrx_word' id='word_1_485' title='bbox 224 3410 314 3488; x_wconf 86' lang='lat' dir='ltr'><strong><em>(ibid.</em></strong></span> <span class='ocrx_word' id='word_1_486' title='bbox 340 3413 396 3497; x_wconf 84' lang='lat'><strong><em>29)</em></strong></span> <span class='ocrx_word' id='word_1_487' title='bbox 418 3419 566 3494; x_wconf 85' lang='lat' dir='ltr'><strong><em>perpetuo</em></strong></span> <span class='ocrx_word' id='word_1_488' title='bbox 587 3419 703 3479; x_wconf 75' lang='lat' dir='ltr'><strong><em>umam</em></strong></span> <span class='ocrx_word' id='word_1_489' title='bbox 724 3420 753 3478; x_wconf 91' lang='lat' dir='ltr'><strong><em>et</em></strong></span> <span class='ocrx_word' id='word_1_490' title='bbox 773 3419 871 3479; x_wconf 89' lang='lat' dir='ltr'><strong><em>tutam</em></strong></span> <span class='ocrx_word' id='word_1_491' title='bbox 889 3415 957 3495; x_wconf 85' lang='lat' dir='ltr'><strong><em>fore</em></strong></span> <span class='ocrx_word' id='word_1_492' title='bbox 977 3417 1069 3492; x_wconf 85' lang='lat' dir='ltr'><strong><em>docet,</em></strong></span> <span class='ocrx_word' id='word_1_493' title='bbox 1121 3418 1212 3483; x_wconf 89' lang='lat' dir='ltr'><strong><em>Deus</em></strong></span> <span class='ocrx_word' id='word_1_494' title='bbox 1234 3418 1401 3498; x_wconf 84' lang='lat' dir='ltr'><strong><em>praeterit,</em></strong></span> <span class='ocrx_word' id='word_1_495' title='bbox 1435 3413 1592 3496; x_wconf 87' lang='lat' dir='ltr'><strong><em>reprobat‚·</em></strong></span> <span class='ocrx_word' id='word_1_496' title='bbox 1626 3435 1721 3494; x_wconf 76' lang='lat' dir='ltr'><strong><em>raeque</em></strong></span> <span class='ocrx_word' id='word_1_497' title='bbox 1748 3414 1815 3478; x_wconf 91' lang='lat' dir='ltr'><strong><em>alia</em></strong></span> <span class='ocrx_word' id='word_1_498' title='bbox 1844 3414 1881 3478; x_wconf 89' lang='lat' dir='ltr'><strong><em>de</em></strong></span> <span class='ocrx_word' id='word_1_499' title='bbox 1910 3433 2008 3477; x_wconf 89' lang='lat' dir='ltr'><strong><em>causa</em></strong></span> <span class='ocrx_word' id='word_1_500' title='bbox 2035 3414 2101 3478; x_wconf 79' lang='lat' dir='ltr'><strong><em>crisi</em></strong></span> 
     </span>
     <span class='ocr_line' id='line_1_37' title="bbox 95 3496 2101 3584; baseline 0.003 -26"><span class='ocrx_word' id='word_1_501' title='bbox 95 3496 173 3576; x_wconf 89' lang='lat' dir='ltr'><strong><em>quia</em></strong></span> <span class='ocrx_word' id='word_1_502' title='bbox 205 3498 409 3577; x_wconf 86' lang='lat' dir='ltr'><strong><em>insuperabili</em></strong></span> <span class='ocrx_word' id='word_1_503' title='bbox 443 3498 507 3563; x_wconf 90' lang='lat' dir='ltr'><strong><em>Dei</em></strong></span> <span class='ocrx_word' id='word_1_504' title='bbox 533 3500 674 3580; x_wconf 86' lang='lat' dir='ltr'><strong><em>potentia</em></strong></span> <span class='ocrx_word' id='word_1_505' title='bbox 707 3500 886 3564; x_wconf 89' lang='lat' dir='ltr'><strong><em>custoditur.</em></strong></span> <span class='ocrx_word' id='word_1_506' title='bbox 933 3500 1071 3566; x_wconf 86' lang='lat' dir='ltr'><strong><em>Proinde</em></strong></span> <span class='ocrx_word' id='word_1_507' title='bbox 1121 3503 1203 3584; x_wconf 88' lang='lat' dir='ltr'><strong><em>quod</em></strong></span> <span class='ocrx_word' id='word_1_508' title='bbox 1218 3503 1258 3565; x_wconf 88' lang='lat' dir='ltr'><strong><em>ab</em></strong></span> <span class='ocrx_word' id='word_1_509' title='bbox 1275 3503 1471 3580; x_wconf 82' lang='lat' dir='ltr'><strong><em>lraereditate,</em></strong></span> <span class='ocrx_word' id='word_1_510' title='bbox 1493 3520 1589 3581; x_wconf 90' lang='lat' dir='ltr'><strong><em>quam</em></strong></span> <span class='ocrx_word' id='word_1_511' title='bbox 1603 3500 1684 3580; x_wconf 77' lang='lat' dir='ltr'><strong><em>filiis</em></strong></span> <span class='ocrx_word' id='word_1_512' title='bbox 1700 3500 1770 3563; x_wconf 84' lang='lat' dir='ltr'><strong><em>suis</em></strong></span> <span class='ocrx_word' id='word_1_513' title='bbox 1781 3501 2005 3581; x_wconf 76' lang='lat' dir='ltr'><strong><em>praedestinat,</em></strong></span> <span class='ocrx_word' id='word_1_514' title='bbox 2028 3501 2101 3566; x_wconf 87' lang='lat' dir='ltr'><strong><em>illos</em></strong></span> 
     </span>
     <span class='ocr_line' id='line_1_38' title="bbox 95 3581 2102 3668; baseline 0.002 -23"><span class='ocrx_word' id='word_1_515' title='bbox 95 3581 246 3647; x_wconf 80' lang='lat' dir='ltr'><strong><em>concludit</em></strong></span> <span class='ocrx_word' id='word_1_516' title='bbox 276 3582 366 3668; x_wconf 89' lang='lat' dir='ltr'><strong><em>(ibid</em></strong></span> <span class='ocrx_word' id='word_1_517' title='bbox 391 3584 462 3668; x_wconf 81' lang='lat'><strong><em>26),</em></strong></span> <span class='ocrx_word' id='word_1_518' title='bbox 497 3585 672 3650; x_wconf 87' lang='lat' dir='ltr'><strong><em>incredulos</em></strong></span> <span class='ocrx_word' id='word_1_519' title='bbox 705 3605 765 3649; x_wconf 89' lang='lat' dir='ltr'><strong><em>non</em></strong></span> <span class='ocrx_word' id='word_1_520' title='bbox 799 3608 863 3651; x_wconf 89' lang='lat' dir='ltr'><strong><em>esse</em></strong></span> <span class='ocrx_word' id='word_1_521' title='bbox 898 3607 936 3650; x_wconf 86' lang='lat' dir='ltr'><strong><em>coc</em></strong></span> <span class='ocrx_word' id='word_1_522' title='bbox 963 3587 1071 3652; x_wconf 85' lang='lat' dir='ltr'><strong><em>onibus</em></strong></span> <span class='ocrx_word' id='word_1_523' title='bbox 1122 3590 1188 3653; x_wconf 87' lang='lat' dir='ltr'><strong><em>cult</em></strong></span> <span class='ocrx_word' id='word_1_524' title='bbox 1209 3588 1375 3653; x_wconf 81' lang='lat' dir='ltr'><strong><em>excludere.</em></strong></span> <span class='ocrx_word' id='word_1_525' title='bbox 1421 3588 1486 3652; x_wconf 89' lang='lat' dir='ltr'><strong><em>Nec</em></strong></span> <span class='ocrx_word' id='word_1_526' title='bbox 1507 3608 1578 3652; x_wconf 86' lang='lat' dir='ltr'><strong><em>uero</em></strong></span> <span class='ocrx_word' id='word_1_527' title='bbox 1599 3585 1770 3651; x_wconf 86' lang='lat' dir='ltr'><strong><em>tolerabilis</em></strong></span> <span class='ocrx_word' id='word_1_528' title='bbox 1792 3591 1836 3650; x_wconf 86' lang='lat' dir='ltr'><strong><em>est</em></strong></span> <span class='ocrx_word' id='word_1_529' title='bbox 1852 3585 2011 3649; x_wconf 68' lang='lat' dir='ltr'><strong><em>muraena</em></strong></span> <span class='ocrx_word' id='word_1_530' title='bbox 2027 3606 2102 3668; x_wconf 88' lang='lat' dir='ltr'><strong><em>pro·</em></strong></span> 
     </span>
     <span class='ocr_line' id='line_1_39' title="bbox 94 3669 2103 3754; baseline 0 -22"><span class='ocrx_word' id='word_1_531' title='bbox 94 3669 181 3746; x_wconf 76' lang='lat' dir='ltr'><strong><em>aits,</em></strong></span> <span class='ocrx_word' id='word_1_532' title='bbox 212 3689 319 3750; x_wconf 82' lang='lat' dir='ltr'><strong><em>rrerupe</em></strong></span> <span class='ocrx_word' id='word_1_533' title='bbox 351 3672 427 3750; x_wconf 88' lang='lat' dir='ltr'><strong><em>quia</em></strong></span> <span class='ocrx_word' id='word_1_534' title='bbox 454 3691 515 3734; x_wconf 81' lang='lat' dir='ltr'><strong><em>noir</em></strong></span> <span class='ocrx_word' id='word_1_535' title='bbox 541 3677 615 3736; x_wconf 90' lang='lat' dir='ltr'><strong><em>suut</em></strong></span> <span class='ocrx_word' id='word_1_536' title='bbox 640 3692 677 3735; x_wconf 80' lang='lat' dir='ltr'><strong><em>erc</em></strong></span> <span class='ocrx_word' id='word_1_537' title='bbox 705 3691 811 3736; x_wconf 65' lang='lat' dir='ltr'><strong><em>menn</em></strong></span> <span class='ocrx_word' id='word_1_538' title='bbox 839 3693 968 3737; x_wconf 80' lang='lat' dir='ltr'><strong><em>rrunuro</em></strong></span> <span class='ocrx_word' id='word_1_539' title='bbox 994 3694 1071 3754; x_wconf 90' lang='lat' dir='ltr'><strong><em>quos</em></strong></span> <span class='ocrx_word' id='word_1_540' title='bbox 1123 3677 1231 3752; x_wconf 85' lang='lat' dir='ltr'><strong><em>tercia,</em></strong></span> <span class='ocrx_word' id='word_1_541' title='bbox 1250 3676 1280 3738; x_wconf 89' lang='lat' dir='ltr'><strong><em>si</em></strong></span> <span class='ocrx_word' id='word_1_542' title='bbox 1294 3673 1358 3737; x_wconf 82' lang='lat' dir='ltr'><strong><em>Ilei</em></strong></span> <span class='ocrx_word' id='word_1_543' title='bbox 1375 3674 1463 3738; x_wconf 85' lang='lat' dir='ltr'><strong><em>verbo</em></strong></span> <span class='ocrx_word' id='word_1_544' title='bbox 1479 3673 1623 3753; x_wconf 75' lang='lat' dir='ltr'><strong><em>fraenari</em></strong></span> <span class='ocrx_word' id='word_1_545' title='bbox 1640 3693 1673 3736; x_wconf 88' lang='lat' dir='ltr'><strong><em>se</em></strong></span> <span class='ocrx_word' id='word_1_546' title='bbox 1690 3693 1752 3735; x_wconf 84' lang='lat' dir='ltr'><strong><em>riou</em></strong></span> <span class='ocrx_word' id='word_1_547' title='bbox 1769 3673 1906 3749; x_wconf 84' lang='lat' dir='ltr'><strong><em>sustinet,</em></strong></span> <span class='ocrx_word' id='word_1_548' title='bbox 1925 3671 1978 3734; x_wconf 89' lang='lat' dir='ltr'><strong><em>ubi</em></strong></span> <span class='ocrx_word' id='word_1_549' title='bbox 1997 3674 2103 3754; x_wconf 80' lang='lat' dir='ltr'><strong><em>aqitur</em></strong></span> 
     </span>
     <span class='ocr_line' id='line_1_40' title="bbox 95 3753 2101 3842; baseline 0 -24"><span class='ocrx_word' id='word_1_550' title='bbox 95 3753 186 3818; x_wconf 90' lang='lat' dir='ltr'><strong><em>Deus</em></strong></span> <span class='ocrx_word' id='word_1_551' title='bbox 214 3755 277 3818; x_wconf 85' lang='lat' dir='ltr'><strong><em>sibi</em></strong></span> <span class='ocrx_word' id='word_1_552' title='bbox 299 3776 360 3837; x_wconf 89' lang='lat' dir='ltr'><strong><em>per</em></strong></span> <span class='ocrx_word' id='word_1_553' title='bbox 383 3754 523 3819; x_wconf 87' lang='lat' dir='ltr'><strong><em>Iesaiam</em></strong></span> <span class='ocrx_word' id='word_1_554' title='bbox 543 3757 704 3837; x_wconf 87' lang='lat' dir='ltr'><strong><em>pollicitus</em></strong></span> <span class='ocrx_word' id='word_1_555' title='bbox 730 3763 775 3822; x_wconf 89' lang='lat' dir='ltr'><strong><em>est</em></strong></span> <span class='ocrx_word' id='word_1_556' title='bbox 800 3759 867 3839; x_wconf 90' lang='lat' dir='ltr'><strong><em>fore</em></strong></span> <span class='ocrx_word' id='word_1_557' title='bbox 892 3760 1070 3840; x_wconf 85' lang='lat' dir='ltr'><strong><em>discipulos.</em></strong></span> <span class='ocrx_word' id='word_1_558' title='bbox 1123 3761 1160 3826; x_wconf 92' lang='lat' dir='ltr'><strong><em>de</em></strong></span> <span class='ocrx_word' id='word_1_559' title='bbox 1182 3758 1484 3842; x_wconf 83' lang='lat' dir='ltr'><strong><em>irumnprelrensibili</em></strong></span> <span class='ocrx_word' id='word_1_560' title='bbox 1512 3761 1581 3824; x_wconf 88' lang='lat' dir='ltr'><strong><em>eius</em></strong></span> <span class='ocrx_word' id='word_1_561' title='bbox 1613 3758 1754 3836; x_wconf 27' lang='lat' dir='ltr'><strong><em>cmrvsilia,</em></strong></span> <span class='ocrx_word' id='word_1_562' title='bbox 1787 3757 1867 3839; x_wconf 83' lang='lat' dir='ltr'><strong><em>quod</em></strong></span> <span class='ocrx_word' id='word_1_563' title='bbox 1900 3757 2004 3837; x_wconf 81' lang='lat' dir='ltr'><strong><em>auqelt</em></strong></span> <span class='ocrx_word' id='word_1_564' title='bbox 2035 3756 2101 3837; x_wconf 87' lang='lat' dir='ltr'><strong><em>ipsi</em></strong></span> 
     </span>
     <span class='ocr_line' id='line_1_41' title="bbox 97 3840 2101 3928; baseline 0 -24"><span class='ocrx_word' id='word_1_565' title='bbox 97 3840 198 3913; x_wconf 89' lang='lat' dir='ltr'><strong><em>Porro</em></strong></span> <span class='ocrx_word' id='word_1_566' title='bbox 224 3841 302 3922; x_wconf 88' lang='lat' dir='ltr'><strong><em>quia</em></strong></span> <span class='ocrx_word' id='word_1_567' title='bbox 328 3843 513 3906; x_wconf 84' lang='lat' dir='ltr'><strong><em>testimoniis</em></strong></span> <span class='ocrx_word' id='word_1_568' title='bbox 541 3863 619 3923; x_wconf 88' lang='lat' dir='ltr'><strong><em>quae</em></strong></span> <span class='ocrx_word' id='word_1_569' title='bbox 646 3843 741 3909; x_wconf 79' lang='lat' dir='ltr'><strong><em>citam</em></strong></span> <span class='ocrx_word' id='word_1_570' title='bbox 762 3846 950 3928; x_wconf 76' lang='lat' dir='ltr'><strong><em>adprimitur</em></strong></span> <span class='ocrx_word' id='word_1_571' title='bbox 965 3864 1071 3925; x_wconf 85' lang='lat' dir='ltr'><strong><em>perse-</em></strong></span> <span class='ocrx_word' id='word_1_572' title='bbox 1124 3847 1264 3912; x_wconf 87' lang='lat' dir='ltr'><strong><em>adorant.</em></strong></span> <span class='ocrx_word' id='word_1_573' title='bbox 1308 3846 1409 3927; x_wconf 85' lang='lat' dir='ltr'><strong><em>Atqui</em></strong></span> <span class='ocrx_word' id='word_1_574' title='bbox 1442 3866 1523 3909; x_wconf 84' lang='lat' dir='ltr'><strong><em>urcnc</em></strong></span> <span class='ocrx_word' id='word_1_575' title='bbox 1554 3845 1748 3921; x_wconf 87' lang='lat' dir='ltr'><strong><em>audicimus,</em></strong></span> <span class='ocrx_word' id='word_1_576' title='bbox 1780 3843 2012 3907; x_wconf 85' lang='lat' dir='ltr'><strong><em>indurationem</em></strong></span> <span class='ocrx_word' id='word_1_577' title='bbox 2039 3861 2101 3905; x_wconf 89' lang='lat' dir='ltr'><strong><em>non</em></strong></span> 
     </span>
     <span class='ocr_line' id='line_1_42' title="bbox 95 3927 2114 4007; baseline 0.001 -18"><span class='ocrx_word' id='word_1_578' title='bbox 95 3928 254 4004; x_wconf 84' lang='lat' dir='ltr'><strong><em>verardia,</em></strong></span> <span class='ocrx_word' id='word_1_579' title='bbox 276 3927 476 4006; x_wconf 75' lang='lat' dir='ltr'><strong><em>indocibilem</em></strong></span> <span class='ocrx_word' id='word_1_580' title='bbox 497 3927 651 3993; x_wconf 83' lang='lat' dir='ltr'><strong><em>electionis</em></strong></span> <span class='ocrx_word' id='word_1_581' title='bbox 672 3932 877 3996; x_wconf 88' lang='lat' dir='ltr'><strong><em>constantiam</em></strong></span> <span class='ocrx_word' id='word_1_582' title='bbox 899 3932 996 3996; x_wconf 82' lang='lat' dir='ltr'><strong><em>suuul</em></strong></span> <span class='ocrx_word' id='word_1_583' title='bbox 1015 3937 1071 3998; x_wconf 84' lang='lat' dir='ltr'><strong><em>tes-</em></strong></span> <span class='ocrx_word' id='word_1_584' title='bbox 1123 3934 1230 3998; x_wconf 78' lang='lat' dir='ltr'><strong><em>mitius</em></strong></span> <span class='ocrx_word' id='word_1_585' title='bbox 1256 3933 1292 3996; x_wconf 87' lang='lat' dir='ltr'><strong><em>in</em></strong></span> <span class='ocrx_word' id='word_1_586' title='bbox 1323 3953 1421 3996; x_wconf 91' lang='lat' dir='ltr'><strong><em>manu</em></strong></span> <span class='ocrx_word' id='word_1_587' title='bbox 1448 3931 1511 3996; x_wconf 88' lang='lat' dir='ltr'><strong><em>Dei</em></strong></span> <span class='ocrx_word' id='word_1_588' title='bbox 1538 3937 1565 3994; x_wconf 90' lang='lat' dir='ltr'><strong><em>ct</em></strong></span> <span class='ocrx_word' id='word_1_589' title='bbox 1597 3929 1728 3993; x_wconf 85' lang='lat' dir='ltr'><strong><em>arbitrio</em></strong></span> <span class='ocrx_word' id='word_1_590' title='bbox 1756 3949 1821 3991; x_wconf 88' lang='lat' dir='ltr'><strong><em>csse</em></strong></span> <span class='ocrx_word' id='word_1_591' title='bbox 1852 3947 1946 4007; x_wconf 89' lang='lat' dir='ltr'><strong><em>quam</em></strong></span> <span class='ocrx_word' id='word_1_592' title='bbox 1978 3928 2114 3992; x_wconf 74' lang='lat' dir='ltr'><strong><em>miseri·-</em></strong></span> 
     </span>
     <span class='ocr_line' id='line_1_43' title="bbox 96 4010 2100 4096; baseline -0.003 -12"><span class='ocrx_word' id='word_1_593' title='bbox 96 4017 212 4077; x_wconf 75' lang='lat' dir='ltr'><strong><em>tantur-</em></strong></span> <span class='ocrx_word' id='word_1_594' title='bbox 1122 4020 1270 4084; x_wconf 80' lang='lat' dir='ltr'><strong><em>cmdiam.</em></strong></span> <span class='ocrx_word' id='word_1_595' title='bbox 1309 4018 1373 4082; x_wconf 91' lang='lat' dir='ltr'><strong><em>Nec</em></strong></span> <span class='ocrx_word' id='word_1_596' title='bbox 1392 4037 1463 4080; x_wconf 85' lang='lat' dir='ltr'><strong><em>cero</em></strong></span> <span class='ocrx_word' id='word_1_597' title='bbox 1483 4010 1614 4092; x_wconf 89' lang='lat' dir='ltr'><strong><em>Paulus,</em></strong></span> <span class='ocrx_word' id='word_1_598' title='bbox 1636 4014 1746 4077; x_wconf 80' lang='lat' dir='ltr'><strong><em>barrem</em></strong></span> <span class='ocrx_word' id='word_1_599' title='bbox 1768 4032 1844 4094; x_wconf 90' lang='lat' dir='ltr'><strong><em>quos</em></strong></span> <span class='ocrx_word' id='word_1_600' title='bbox 1863 4013 1935 4076; x_wconf 79' lang='lat' dir='ltr'><strong><em>didi</em></strong></span> <span class='ocrx_word' id='word_1_601' title='bbox 1955 4014 2100 4096; x_wconf 76' lang='lat' dir='ltr'><strong><em>munplo,</em></strong></span> 
     </span>
     <span class='ocr_line' id='line_1_44' title="bbox 184 4098 2101 4182; baseline 0.002 -21"><span class='ocrx_word' id='word_1_602' title='bbox 184 4104 232 4161; x_wconf 90' lang='lat' dir='ltr'><strong><em>ll.</em></strong></span> <span class='ocrx_word' id='word_1_603' title='bbox 267 4098 366 4162; x_wconf 87' lang='lat' dir='ltr'><strong><em>Nunc</em></strong></span> <span class='ocrx_word' id='word_1_604' title='bbox 386 4099 426 4163; x_wconf 90' lang='lat' dir='ltr'><strong><em>de</em></strong></span> <span class='ocrx_word' id='word_1_605' title='bbox 443 4098 599 4180; x_wconf 68' lang='lat' dir='ltr'><strong><em>reprobis</em></strong></span> <span class='ocrx_word' id='word_1_606' title='bbox 623 4123 703 4182; x_wconf 87' lang='lat' dir='ltr'><strong><em>quos</em></strong></span> <span class='ocrx_word' id='word_1_607' title='bbox 724 4101 913 4167; x_wconf 86' lang='lat' dir='ltr'><strong><em>simul&#39;illic</em></strong></span> <span class='ocrx_word' id='word_1_608' title='bbox 934 4105 1071 4168; x_wconf 88' lang='lat' dir='ltr'><strong><em>coniun·</em></strong></span> <span class='ocrx_word' id='word_1_609' title='bbox 1123 4107 1218 4169; x_wconf 79' lang='lat' dir='ltr'><strong><em>uncie</em></strong></span> <span class='ocrx_word' id='word_1_610' title='bbox 1244 4104 1363 4169; x_wconf 75' lang='lat' dir='ltr'><strong><em>quat</em></strong></span> <span class='ocrx_word' id='word_1_611' title='bbox 1388 4108 1423 4165; x_wconf 92' lang='lat' dir='ltr'><strong><em>ut</em></strong></span> <span class='ocrx_word' id='word_1_612' title='bbox 1449 4101 1603 4165; x_wconf 67' lang='lat' dir='ltr'><strong><em>nmrdacci</em></strong></span> <span class='ocrx_word' id='word_1_613' title='bbox 1625 4100 1803 4180; x_wconf 88' lang='lat' dir='ltr'><strong><em>patrocinio</em></strong></span> <span class='ocrx_word' id='word_1_614' title='bbox 1832 4098 1935 4162; x_wconf 85' lang='lat' dir='ltr'><strong><em>Deum</em></strong></span> <span class='ocrx_word' id='word_1_615' title='bbox 1964 4105 2101 4165; x_wconf 81' lang='lat' dir='ltr'><strong><em>eacrrset:</em></strong></span> 
     </span>
     <span class='ocr_line' id='line_1_45' title="bbox 96 4184 2101 4274; baseline 0.001 -27"><span class='ocrx_word' id='word_1_616' title='bbox 96 4185 145 4266; x_wconf 83' lang='lat' dir='ltr'><strong><em>git</em></strong></span> <span class='ocrx_word' id='word_1_617' title='bbox 167 4184 343 4266; x_wconf 88' lang='lat' dir='ltr'><strong><em>apostolus.</em></strong></span> <span class='ocrx_word' id='word_1_618' title='bbox 380 4184 428 4250; x_wconf 93' lang='lat' dir='ltr'><strong><em>Ut</em></strong></span> <span class='ocrx_word' id='word_1_619' title='bbox 450 4185 539 4247; x_wconf 88' lang='lat' dir='ltr'><strong><em>enim</em></strong></span> <span class='ocrx_word' id='word_1_620' title='bbox 560 4185 668 4265; x_wconf 81' lang='lat' dir='ltr'><strong><em>Iacob,</em></strong></span> <span class='ocrx_word' id='word_1_621' title='bbox 690 4187 856 4253; x_wconf 88' lang='lat' dir='ltr'><strong><em>nihildum</em></strong></span> <span class='ocrx_word' id='word_1_622' title='bbox 878 4189 971 4255; x_wconf 88' lang='lat' dir='ltr'><strong><em>bonis</em></strong></span> <span class='ocrx_word' id='word_1_623' title='bbox 994 4210 1071 4274; x_wconf 86' lang='lat' dir='ltr'><strong><em>ope-</em></strong></span> <span class='ocrx_word' id='word_1_624' title='bbox 1122 4196 1243 4256; x_wconf 91' lang='lat' dir='ltr'><strong><em>tantum</em></strong></span> <span class='ocrx_word' id='word_1_625' title='bbox 1270 4191 1411 4255; x_wconf 86' lang='lat' dir='ltr'><strong><em>admorret</em></strong></span> <span class='ocrx_word' id='word_1_626' title='bbox 1441 4189 1581 4270; x_wconf 67' lang='lat' dir='ltr'><strong><em>ripuaria</em></strong></span> <span class='ocrx_word' id='word_1_627' title='bbox 1609 4187 1698 4266; x_wconf 85' lang='lat' dir='ltr'><strong><em>nefas</em></strong></span> <span class='ocrx_word' id='word_1_628' title='bbox 1726 4205 1791 4249; x_wconf 87' lang='lat' dir='ltr'><strong><em>esse</em></strong></span> <span class='ocrx_word' id='word_1_629' title='bbox 1819 4206 1889 4249; x_wconf 88' lang='lat' dir='ltr'><strong><em>curn</em></strong></span> <span class='ocrx_word' id='word_1_630' title='bbox 1912 4185 2017 4265; x_wconf 85' lang='lat' dir='ltr'><strong><em>fictore</em></strong></span> <span class='ocrx_word' id='word_1_631' title='bbox 2044 4207 2101 4249; x_wconf 91' lang='lat' dir='ltr'><strong><em>suo</em></strong></span> 
     </span>
     <span class='ocr_line' id='line_1_46' title="bbox 97 4269 2101 4360; baseline 0.002 -29"><span class='ocrx_word' id='word_1_632' title='bbox 97 4269 187 4334; x_wconf 83' lang='lat' dir='ltr'><strong><em>n‘bus</em></strong></span> <span class='ocrx_word' id='word_1_633' title='bbox 214 4271 428 4352; x_wconf 89' lang='lat' dir='ltr'><strong><em>promeritus,</em></strong></span> <span class='ocrx_word' id='word_1_634' title='bbox 459 4271 639 4335; x_wconf 81' lang='lat' dir='ltr'><strong><em>assumitur</em></strong></span> <span class='ocrx_word' id='word_1_635' title='bbox 659 4273 695 4335; x_wconf 90' lang='lat' dir='ltr'><strong><em>in</em></strong></span> <span class='ocrx_word' id='word_1_636' title='bbox 717 4274 871 4357; x_wconf 84' lang='lat' dir='ltr'><strong><em>gratiam,</em></strong></span> <span class='ocrx_word' id='word_1_637' title='bbox 902 4276 948 4340; x_wconf 90' lang='lat' dir='ltr'><strong><em>sic</em></strong></span> <span class='ocrx_word' id='word_1_638' title='bbox 970 4277 1069 4354; x_wconf 84' lang='lat' dir='ltr'><strong><em>Esau,</em></strong></span> <span class='ocrx_word' id='word_1_639' title='bbox 1122 4278 1230 4342; x_wconf 78' lang='lat' dir='ltr'><strong><em>riccard</em></strong></span> <span class='ocrx_word' id='word_1_640' title='bbox 1252 4276 1363 4360; x_wconf 75' lang='lat' dir='ltr'><strong><em>(Rom.</em></strong></span> <span class='ocrx_word' id='word_1_641' title='bbox 1385 4279 1418 4350; x_wconf 88' lang='grc'><strong><em>9,</em></strong></span> <span class='ocrx_word' id='word_1_642' title='bbox 1443 4274 1507 4358; x_wconf 79' lang='lat'>20).</span> <span class='ocrx_word' id='word_1_643' title='bbox 1553 4271 1627 4336; x_wconf 90' lang='lat' dir='ltr'><strong><em>Iam</em></strong></span> <span class='ocrx_word' id='word_1_644' title='bbox 1656 4272 1711 4352; x_wconf 87' lang='lat' dir='ltr'><strong><em>qui</em></strong></span> <span class='ocrx_word' id='word_1_645' title='bbox 1740 4292 1801 4335; x_wconf 90' lang='lat' dir='ltr'><strong><em>non</em></strong></span> <span class='ocrx_word' id='word_1_646' title='bbox 1823 4271 1997 4350; x_wconf 90' lang='lat' dir='ltr'><strong><em>admittunt,</em></strong></span> <span class='ocrx_word' id='word_1_647' title='bbox 2020 4271 2101 4335; x_wconf 74' lang='lat' dir='ltr'><strong><em>cellos</em></strong></span> 
     </span>
     <span class='ocr_line' id='line_1_47' title="bbox 96 4356 2102 4443; baseline 0.001 -25"><span class='ocrx_word' id='word_1_648' title='bbox 96 4356 188 4419; x_wconf 90' lang='lat' dir='ltr'><strong><em>nullo</em></strong></span> <span class='ocrx_word' id='word_1_649' title='bbox 217 4357 324 4421; x_wconf 86' lang='lat' dir='ltr'><strong><em>adhuc</em></strong></span> <span class='ocrx_word' id='word_1_650' title='bbox 353 4357 478 4421; x_wconf 84' lang='lat' dir='ltr'><strong><em>scolere</em></strong></span> <span class='ocrx_word' id='word_1_651' title='bbox 502 4357 707 4439; x_wconf 88' lang='lat' dir='ltr'><strong><em>inquinatus,</em></strong></span> <span class='ocrx_word' id='word_1_652' title='bbox 736 4359 810 4423; x_wconf 91' lang='lat' dir='ltr'><strong><em>odio</em></strong></span> <span class='ocrx_word' id='word_1_653' title='bbox 837 4360 986 4426; x_wconf 83' lang='lat' dir='ltr'><strong><em>habetur.</em></strong></span> <span class='ocrx_word' id='word_1_654' title='bbox 1032 4361 1072 4427; x_wconf 78' lang='lat' dir='ltr'><strong><em>Si</em></strong></span> <span class='ocrx_word' id='word_1_655' title='bbox 1123 4386 1144 4428; x_wconf 92' lang='lat' dir='ltr'><strong><em>a</em></strong></span> <span class='ocrx_word' id='word_1_656' title='bbox 1161 4362 1229 4427; x_wconf 90' lang='lat' dir='ltr'><strong><em>Deo</em></strong></span> <span class='ocrx_word' id='word_1_657' title='bbox 1249 4360 1420 4443; x_wconf 89' lang='lat' dir='ltr'><strong><em>reprobari,</em></strong></span> <span class='ocrx_word' id='word_1_658' title='bbox 1441 4359 1588 4440; x_wconf 89' lang='lat' dir='ltr'><strong><em>quomodo</em></strong></span> <span class='ocrx_word' id='word_1_659' title='bbox 1609 4379 1642 4422; x_wconf 92' lang='lat' dir='ltr'><strong><em>se</em></strong></span> <span class='ocrx_word' id='word_1_660' title='bbox 1664 4357 1824 4438; x_wconf 74' lang='lat' dir='ltr'><strong><em>expedient</em></strong></span> <span class='ocrx_word' id='word_1_661' title='bbox 1845 4357 1884 4422; x_wconf 87' lang='lat' dir='ltr'><strong><em>ab</em></strong></span> <span class='ocrx_word' id='word_1_662' title='bbox 1906 4357 1964 4421; x_wconf 89' lang='lat' dir='ltr'><strong><em>illa</em></strong></span> <span class='ocrx_word' id='word_1_663' title='bbox 1983 4356 2102 4421; x_wconf 61' lang='lat' dir='ltr'><strong><em>&amp;eruti</em></strong></span> 
     </span>
     <span class='ocr_line' id='line_1_48' title="bbox 97 4441 2102 4531; baseline 0 -25"><span class='ocrx_word' id='word_1_664' title='bbox 97 4441 138 4506; x_wconf 88' lang='lat' dir='ltr'><strong><em>ad</em></strong></span> <span class='ocrx_word' id='word_1_665' title='bbox 165 4463 264 4524; x_wconf 88' lang='lat' dir='ltr'><strong><em>opera</em></strong></span> <span class='ocrx_word' id='word_1_666' title='bbox 291 4444 514 4508; x_wconf 86' lang='lat' dir='ltr'><strong><em>convertimus</em></strong></span> <span class='ocrx_word' id='word_1_667' title='bbox 542 4443 668 4522; x_wconf 90' lang='lat' dir='ltr'><strong><em>oculos,</em></strong></span> <span class='ocrx_word' id='word_1_668' title='bbox 701 4445 857 4511; x_wconf 90' lang='lat' dir='ltr'><strong><em>iniuriam</em></strong></span> <span class='ocrx_word' id='word_1_669' title='bbox 887 4447 1071 4531; x_wconf 83' lang='lat' dir='ltr'><strong><em>irrogamus</em></strong></span> <span class='ocrx_word' id='word_1_670' title='bbox 1122 4449 1275 4513; x_wconf 86' lang='lat' dir='ltr'><strong><em>sententia</em></strong></span> <span class='ocrx_word' id='word_1_671' title='bbox 1304 4445 1440 4530; x_wconf 86' lang='lat' dir='ltr'><strong><em>(Matth.</em></strong></span> <span class='ocrx_word' id='word_1_672' title='bbox 1472 4451 1525 4526; x_wconf 82' lang='lat'><strong><em>15,</em></strong></span> <span class='ocrx_word' id='word_1_673' title='bbox 1554 4445 1625 4530; x_wconf 86' lang='lat'><strong>13).·</strong></span> <span class='ocrx_word' id='word_1_674' title='bbox 1656 4444 1757 4509; x_wconf 82' lang='lat' dir='ltr'><strong><em>curnis</em></strong></span> <span class='ocrx_word' id='word_1_675' title='bbox 1789 4443 1881 4507; x_wconf 83' lang='lat' dir='ltr'><strong><em>urbm</em></strong></span> <span class='ocrx_word' id='word_1_676' title='bbox 1914 4463 2010 4522; x_wconf 91' lang='lat' dir='ltr'><strong><em>quam</em></strong></span> <span class='ocrx_word' id='word_1_677' title='bbox 2039 4462 2102 4506; x_wconf 81' lang='lat' dir='ltr'><strong><em>rwn</em></strong></span> 
     </span>
     <span class='ocr_line' id='line_1_49' title="bbox 96 4527 2102 4617; baseline 0.001 -28"><span class='ocrx_word' id='word_1_678' title='bbox 96 4528 251 4609; x_wconf 89' lang='lat' dir='ltr'><strong><em>apostolo,</em></strong></span> <span class='ocrx_word' id='word_1_679' title='bbox 275 4530 369 4611; x_wconf 83' lang='lat' dir='ltr'><strong><em>quasi</em></strong></span> <span class='ocrx_word' id='word_1_680' title='bbox 387 4529 420 4592; x_wconf 92' lang='lat' dir='ltr'><strong><em>id</em></strong></span> <span class='ocrx_word' id='word_1_681' title='bbox 439 4529 547 4612; x_wconf 82' lang='lat' dir='ltr'><strong><em>ipsum</em></strong></span> <span class='ocrx_word' id='word_1_682' title='bbox 566 4528 653 4612; x_wconf 88' lang='lat' dir='ltr'><strong><em>quod</em></strong></span> <span class='ocrx_word' id='word_1_683' title='bbox 674 4528 768 4594; x_wconf 89' lang='lat' dir='ltr'><strong><em>nobis</em></strong></span> <span class='ocrx_word' id='word_1_684' title='bbox 790 4533 1000 4615; x_wconf 86' lang='lat' dir='ltr'><strong><em>perspicuum</em></strong></span> <span class='ocrx_word' id='word_1_685' title='bbox 1022 4541 1073 4599; x_wconf 88' lang='lat' dir='ltr'><strong><em>est</em></strong></span> <span class='ocrx_word' id='word_1_686' title='bbox 1116 4534 1277 4617; x_wconf 85' lang='lat' dir='ltr'><strong><em>plautaoit</em></strong></span> <span class='ocrx_word' id='word_1_687' title='bbox 1291 4538 1386 4613; x_wconf 89' lang='lat' dir='ltr'><strong><em>pater</em></strong></span> <span class='ocrx_word' id='word_1_688' title='bbox 1407 4553 1506 4611; x_wconf 82' lang='lat' dir='ltr'><strong><em>meris,</em></strong></span> <span class='ocrx_word' id='word_1_689' title='bbox 1530 4529 1761 4597; x_wconf 73' lang='lat' dir='ltr'><strong><em>emanator?</em></strong></span> <span class='ocrx_word' id='word_1_690' title='bbox 1795 4529 1911 4610; x_wconf 84' lang='lat' dir='ltr'><strong><em>Aperte</em></strong></span> <span class='ocrx_word' id='word_1_691' title='bbox 1932 4529 2025 4592; x_wconf 87' lang='lat' dir='ltr'><strong><em>aritio</em></strong></span> <span class='ocrx_word' id='word_1_692' title='bbox 2047 4527 2102 4591; x_wconf 80' lang='lat' dir='ltr'><strong><em>ad·</em></strong></span> 
     </span>
     <span class='ocr_line' id='line_1_50' title="bbox 96 4614 2101 4701; baseline 0 -25"><span class='ocrx_word' id='word_1_693' title='bbox 96 4634 164 4677; x_wconf 92' lang='lat' dir='ltr'><strong><em>non</em></strong></span> <span class='ocrx_word' id='word_1_694' title='bbox 181 4614 310 4679; x_wconf 83' lang='lat' dir='ltr'><strong><em>viderit.</em></strong></span> <span class='ocrx_word' id='word_1_695' title='bbox 344 4616 449 4681; x_wconf 86' lang='lat' dir='ltr'><strong><em>Porro</em></strong></span> <span class='ocrx_word' id='word_1_696' title='bbox 471 4636 539 4679; x_wconf 89' lang='lat' dir='ltr'><strong><em>uon</em></strong></span> <span class='ocrx_word' id='word_1_697' title='bbox 561 4616 682 4681; x_wconf 87' lang='lat' dir='ltr'><strong><em>vidisse</em></strong></span> <span class='ocrx_word' id='word_1_698' title='bbox 705 4618 919 4696; x_wconf 86' lang='lat' dir='ltr'><strong><em>convincitur,</em></strong></span> <span class='ocrx_word' id='word_1_699' title='bbox 943 4616 1072 4701; x_wconf 89' lang='lat' dir='ltr'><strong><em>quando</em></strong></span> <span class='ocrx_word' id='word_1_700' title='bbox 1122 4621 1187 4686; x_wconf 89' lang='lat' dir='ltr'><strong><em>dici</em></strong></span> <span class='ocrx_word' id='word_1_701' title='bbox 1219 4626 1247 4684; x_wconf 92' lang='lat' dir='ltr'><strong><em>et</em></strong></span> <span class='ocrx_word' id='word_1_702' title='bbox 1278 4619 1420 4683; x_wconf 78' lang='lat' dir='ltr'><strong><em>dmoueri</em></strong></span> <span class='ocrx_word' id='word_1_703' title='bbox 1450 4619 1585 4684; x_wconf 89' lang='lat' dir='ltr'><strong><em>audiunt</em></strong></span> <span class='ocrx_word' id='word_1_704' title='bbox 1617 4637 1811 4699; x_wconf 74' lang='lat' dir='ltr'><strong><em>quassataque</em></strong></span> <span class='ocrx_word' id='word_1_705' title='bbox 1842 4615 1980 4679; x_wconf 88' lang='lat' dir='ltr'><strong><em>coelestis</em></strong></span> <span class='ocrx_word' id='word_1_706' title='bbox 2008 4618 2101 4696; x_wconf 87' lang='lat' dir='ltr'><strong><em>pater</em></strong></span> 
     </span>
     <span class='ocr_line' id='line_1_51' title="bbox 96 4699 2101 4790; baseline 0 -28"><span class='ocrx_word' id='word_1_707' title='bbox 96 4699 158 4763; x_wconf 92' lang='lat' dir='ltr'><strong><em>hoc</em></strong></span> <span class='ocrx_word' id='word_1_708' title='bbox 191 4702 387 4765; x_wconf 88' lang='lat' dir='ltr'><strong><em>nominatim</em></strong></span> <span class='ocrx_word' id='word_1_709' title='bbox 419 4709 536 4784; x_wconf 83' lang='lat' dir='ltr'><strong><em>urget,</em></strong></span> <span class='ocrx_word' id='word_1_710' title='bbox 571 4723 673 4785; x_wconf 92' lang='lat' dir='ltr'><strong><em>quum</em></strong></span> <span class='ocrx_word' id='word_1_711' title='bbox 708 4701 873 4766; x_wconf 92' lang='lat' dir='ltr'><strong><em>nihildum</em></strong></span> <span class='ocrx_word' id='word_1_712' title='bbox 906 4703 982 4768; x_wconf 90' lang='lat' dir='ltr'><strong><em>boni</em></strong></span> <span class='ocrx_word' id='word_1_713' title='bbox 1016 4713 1073 4769; x_wconf 90' lang='lat' dir='ltr'><strong><em>aut</em></strong></span> <span class='ocrx_word' id='word_1_714' title='bbox 1122 4707 1271 4790; x_wconf 68' lang='lat' dir='ltr'><strong><em>dmudus</em></strong></span> <span class='ocrx_word' id='word_1_715' title='bbox 1296 4726 1358 4770; x_wconf 90' lang='lat' dir='ltr'><strong><em>uon</em></strong></span> <span class='ocrx_word' id='word_1_716' title='bbox 1385 4711 1430 4770; x_wconf 83' lang='lat' dir='ltr'><strong><em>est</em></strong></span> <span class='ocrx_word' id='word_1_717' title='bbox 1461 4706 1554 4786; x_wconf 83' lang='lat' dir='ltr'><strong><em>quasi</em></strong></span> <span class='ocrx_word' id='word_1_718' title='bbox 1581 4724 1691 4769; x_wconf 89' lang='lat' dir='ltr'><strong><em>sacras</em></strong></span> <span class='ocrx_word' id='word_1_719' title='bbox 1724 4701 1850 4766; x_wconf 88' lang='lat' dir='ltr'><strong><em>arbores</em></strong></span> <span class='ocrx_word' id='word_1_720' title='bbox 1877 4703 1911 4765; x_wconf 90' lang='lat' dir='ltr'><strong><em>iu</em></strong></span> <span class='ocrx_word' id='word_1_721' title='bbox 1941 4720 2017 4782; x_wconf 83' lang='lat' dir='ltr'><strong><em>apro</em></strong></span> <span class='ocrx_word' id='word_1_722' title='bbox 2044 4719 2101 4763; x_wconf 89' lang='lat' dir='ltr'><strong><em>suo</em></strong></span> 
     </span>
     <span class='ocr_line' id='line_1_52' title="bbox 96 4785 2099 4874; baseline 0 -26"><span class='ocrx_word' id='word_1_723' title='bbox 96 4785 176 4848; x_wconf 81' lang='lat' dir='ltr'><strong><em>mali</em></strong></span> <span class='ocrx_word' id='word_1_724' title='bbox 197 4787 440 4870; x_wconf 82' lang='lat' dir='ltr'><strong><em>designassent,</em></strong></span> <span class='ocrx_word' id='word_1_725' title='bbox 464 4788 607 4852; x_wconf 83' lang='lat' dir='ltr'><strong><em>alterum</em></strong></span> <span class='ocrx_word' id='word_1_726' title='bbox 629 4788 783 4864; x_wconf 86' lang='lat' dir='ltr'><strong><em>electum,</em></strong></span> <span class='ocrx_word' id='word_1_727' title='bbox 807 4789 949 4853; x_wconf 83' lang='lat' dir='ltr'><strong><em>alterum</em></strong></span> <span class='ocrx_word' id='word_1_728' title='bbox 971 4791 1072 4854; x_wconf 89' lang='lat' dir='ltr'><strong><em>rciec-</em></strong></span> <span class='ocrx_word' id='word_1_729' title='bbox 1118 4792 1275 4874; x_wconf 80' lang='lat' dir='ltr'><strong><em>plumare.</em></strong></span> <span class='ocrx_word' id='word_1_730' title='bbox 1328 4789 1366 4855; x_wconf 82' lang='lat' dir='ltr'><strong><em>Si</em></strong></span> <span class='ocrx_word' id='word_1_731' title='bbox 1393 4792 1448 4855; x_wconf 83' lang='lat' dir='ltr'><strong><em>boc</em></strong></span> <span class='ocrx_word' id='word_1_732' title='bbox 1476 4791 1701 4870; x_wconf 84' lang='lat' dir='ltr'><strong><em>reprobationis</em></strong></span> <span class='ocrx_word' id='word_1_733' title='bbox 1733 4788 1857 4870; x_wconf 82' lang='lat' dir='ltr'><strong><em>siqnum</em></strong></span> <span class='ocrx_word' id='word_1_734' title='bbox 1885 4806 1951 4851; x_wconf 89' lang='lat' dir='ltr'><strong><em>esse</em></strong></span> <span class='ocrx_word' id='word_1_735' title='bbox 1979 4790 2099 4870; x_wconf 82' lang='lat' dir='ltr'><strong><em>neqaut,</em></strong></span> 
     </span>
     <span class='ocr_line' id='line_1_53' title="bbox 96 4871 2101 4958; baseline 0.002 -26"><span class='ocrx_word' id='word_1_736' title='bbox 96 4877 183 4934; x_wconf 90' lang='lat' dir='ltr'><strong><em>tum:</em></strong></span> <span class='ocrx_word' id='word_1_737' title='bbox 207 4882 245 4937; x_wconf 93' lang='lat' dir='ltr'><strong><em>ut</em></strong></span> <span class='ocrx_word' id='word_1_738' title='bbox 263 4873 379 4954; x_wconf 86' lang='lat' dir='ltr'><strong><em>probet</em></strong></span> <span class='ocrx_word' id='word_1_739' title='bbox 396 4874 527 4941; x_wconf 84' lang='lat' dir='ltr'><strong><em>divinae</em></strong></span> <span class='ocrx_word' id='word_1_740' title='bbox 545 4875 856 4957; x_wconf 87' lang='lat' dir='ltr'><strong><em>praedestinationis</em></strong></span> <span class='ocrx_word' id='word_1_741' title='bbox 878 4875 1073 4940; x_wconf 86' lang='lat' dir='ltr'><strong><em>fundamen·</em></strong></span> <span class='ocrx_word' id='word_1_742' title='bbox 1124 4877 1205 4943; x_wconf 85' lang='lat' dir='ltr'><strong><em>nibil</em></strong></span> <span class='ocrx_word' id='word_1_743' title='bbox 1225 4883 1270 4942; x_wconf 89' lang='lat' dir='ltr'><strong><em>est</em></strong></span> <span class='ocrx_word' id='word_1_744' title='bbox 1287 4884 1350 4942; x_wconf 91' lang='lat' dir='ltr'><strong><em>tam</em></strong></span> <span class='ocrx_word' id='word_1_745' title='bbox 1372 4877 1528 4958; x_wconf 86' lang='lat' dir='ltr'><strong><em>liquidum</em></strong></span> <span class='ocrx_word' id='word_1_746' title='bbox 1545 4876 1628 4957; x_wconf 91' lang='lat' dir='ltr'><strong><em>quod</em></strong></span> <span class='ocrx_word' id='word_1_747' title='bbox 1644 4876 1712 4940; x_wconf 88' lang='lat' dir='ltr'><strong><em>illis</em></strong></span> <span class='ocrx_word' id='word_1_748' title='bbox 1730 4879 1822 4954; x_wconf 91' lang='lat' dir='ltr'><strong><em>queat</em></strong></span> <span class='ocrx_word' id='word_1_749' title='bbox 1835 4873 1977 4954; x_wconf 73' lang='lat' dir='ltr'><strong><em>matari.</em></strong></span> <span class='ocrx_word' id='word_1_750' title='bbox 2013 4871 2101 4954; x_wconf 72' lang='lat' dir='ltr'><strong><em>oasa</em></strong></span> 
     </span>
     <span class='ocr_line' id='line_1_54' title="bbox 97 4958 2101 5044; baseline 0.002 -25"><span class='ocrx_word' id='word_1_751' title='bbox 97 4964 171 5020; x_wconf 90' lang='lat' dir='ltr'><strong><em>tum</em></strong></span> <span class='ocrx_word' id='word_1_752' title='bbox 192 4958 229 5022; x_wconf 91' lang='lat' dir='ltr'><strong><em>in</em></strong></span> <span class='ocrx_word' id='word_1_753' title='bbox 249 4959 402 5041; x_wconf 85' lang='lat' dir='ltr'><strong><em>operibus</em></strong></span> <span class='ocrx_word' id='word_1_754' title='bbox 424 4983 491 5024; x_wconf 91' lang='lat' dir='ltr'><strong><em>non</em></strong></span> <span class='ocrx_word' id='word_1_755' title='bbox 514 4982 592 5026; x_wconf 83' lang='lat' dir='ltr'><strong><em>esse.</em></strong></span> <span class='ocrx_word' id='word_1_756' title='bbox 627 4960 757 5026; x_wconf 89' lang='lat' dir='ltr'><strong><em>Deinde</em></strong></span> <span class='ocrx_word' id='word_1_757' title='bbox 780 4959 835 5026; x_wconf 92' lang='lat' dir='ltr'><strong><em>ubi</em></strong></span> <span class='ocrx_word' id='word_1_758' title='bbox 858 4960 1073 5027; x_wconf 87' lang='lat' dir='ltr'><strong><em>abiectionem</em></strong></span> <span class='ocrx_word' id='word_1_759' title='bbox 1124 4964 1154 5028; x_wconf 88' lang='lat' dir='ltr'><strong><em>si</em></strong></span> <span class='ocrx_word' id='word_1_760' title='bbox 1176 4964 1345 5044; x_wconf 88' lang='lat' dir='ltr'><strong><em>obstrepere</em></strong></span> <span class='ocrx_word' id='word_1_761' title='bbox 1367 4983 1428 5028; x_wconf 92' lang='lat' dir='ltr'><strong><em>non</em></strong></span> <span class='ocrx_word' id='word_1_762' title='bbox 1449 4962 1609 5040; x_wconf 87' lang='lat' dir='ltr'><strong><em>desinunt,</em></strong></span> <span class='ocrx_word' id='word_1_763' title='bbox 1630 4965 1767 5024; x_wconf 89' lang='lat' dir='ltr'><strong><em>contenta</em></strong></span> <span class='ocrx_word' id='word_1_764' title='bbox 1788 4961 1831 5024; x_wconf 89' lang='lat' dir='ltr'><strong><em>sit</em></strong></span> <span class='ocrx_word' id='word_1_765' title='bbox 1849 4958 1926 5040; x_wconf 80' lang='lat' dir='ltr'><strong><em>fidei</em></strong></span> <span class='ocrx_word' id='word_1_766' title='bbox 1952 4959 2101 5024; x_wconf 87' lang='lat' dir='ltr'><strong><em>sobrietas</em></strong></span> 
     </span>
    </p>
   </div>
   <div class='ocr_carea' id='block_1_3' title="bbox 100 5201 1673 5308">
    <p class='ocr_par' dir='ltr' id='par_1_3' title="bbox 100 5201 1673 5308">
     <span class='ocr_line' id='line_1_55' title="bbox 100 5201 1673 5308; baseline 0.003 -24"><span class='ocrx_word' id='word_1_767' title='bbox 100 5201 104 5208; x_wconf 35' lang='grc' dir='ltr'>Ι</span> <span class='ocrx_word' id='word_1_768' title='bbox 166 5232 195 5302; x_wconf 85' lang='grc'><strong><em>1)</em></strong></span> <span class='ocrx_word' id='word_1_769' title='bbox 214 5235 259 5286; x_wconf 78' lang='lat' dir='ltr'><strong><em>Ad</em></strong></span> <span class='ocrx_word' id='word_1_770' title='bbox 278 5234 407 5287; x_wconf 80' lang='lat' dir='ltr'><strong><em>&#39;lbcmnm</em></strong></span> <span class='ocrx_word' id='word_1_771' title='bbox 426 5238 610 5304; x_wconf 73' lang='lat' dir='ltr'><strong><em>praepositum</em></strong></span> <span class='ocrx_word' id='word_1_772' title='bbox 632 5204 769 5304; x_wconf 74' lang='lat' dir='ltr'><strong><em>Beuerlce,</em></strong></span> <span class='ocrx_word' id='word_1_773' title='bbox 789 5239 867 5308; x_wconf 77' lang='lat' dir='ltr'><strong><em>epist.</em></strong></span> <span class='ocrx_word' id='word_1_774' title='bbox 888 5235 946 5290; x_wconf 81' lang='lat'>107.</span> <span class='ocrx_word' id='word_1_775' title='bbox 1193 5237 1223 5304; x_wconf 84' lang='lat'><strong><em>1)</em></strong></span> <span class='ocrx_word' id='word_1_776' title='bbox 1246 5237 1315 5291; x_wconf 87' lang='lat' dir='ltr'><strong><em>Olim</em></strong></span> <span class='ocrx_word' id='word_1_777' title='bbox 1336 5237 1401 5304; x_wconf 80' lang='lat' dir='ltr'><strong><em>Cap.</em></strong></span> <span class='ocrx_word' id='word_1_778' title='bbox 1421 5235 1467 5288; x_wconf 85' lang='lat' dir='ltr'><strong><em>XI</em></strong></span> <span class='ocrx_word' id='word_1_779' title='bbox 1477 5235 1505 5286; x_wconf 83' lang='lat' dir='ltr'><strong><em>l&#39;.</em></strong></span> <span class='ocrx_word' id='word_1_780' title='bbox 1522 5236 1544 5301; x_wconf 71' lang='grc' dir='ltr'><strong><em>ξ.</em></strong></span> <span class='ocrx_word' id='word_1_781' title='bbox 1563 5233 1673 5288; x_wconf 74' lang='lat'>13-22.</span> 
     </span>
    </p>
   </div>
   <div class='ocr_carea' id='block_1_4' title="bbox 0 0 2349 5842">
    <p class='ocr_par' dir='ltr' id='par_1_4' title="bbox 0 0 2349 5842">
     <span class='ocr_line' id='line_1_56' title="bbox 0 0 2349 5842; baseline 0 0"><span class='ocrx_word' id='word_1_782' title='bbox 0 0 2349 5842; x_wconf 95' lang='lat' dir='ltr'><strong><em> </em></strong></span> 
     </span>
    </p>
   </div>
  </div>
 </body>
</html>
