4672 5842
100 281 161 382 ’111
238 315 524 383 11111111
545 316 682 385 nono
703 318 1052 386 rnsonmuoan
1075 318 1265 386 11111611
1286 318 1504 386 ananan.
1550 317 1962 386 carnuntum.
2038 327 2098 386 111

102 509 187 573 foret
213 514 349 572 conatus
377 513 411 569 at
436 506 546 589 aliqua
573 507 734 572 voluntas.
778 508 854 571 Non
882 509 970 571 enim
998 506 1076 590 quid
1128 509 1291 572 obscurum
1310 514 1371 585 est,·
1391 508 1556 572 elucescere
1573 508 1829 572 etiamareaaum
1846 507 1909 572 Del
1925 511 2101 590 consilium,

103 601 189 660 osset
209 593 245 657 in
268 593 399 656 homine
421 593 588 674 reputavit
593 616 602 672 ;
629 592 687 657 sed
708 614 811 674 quum
833 593 960 658 videret
981 614 1077 675 quos·
1128 594 1208 674 quod
1226 593 1346 672 latebat,
1371 598 1441 658 ante
1461 595 1616 671 uictimam
1635 593 1723 657 modo
1740 591 1795 656 boc
1811 593 1898 657 aerbo
1914 593 1995 658 nibil
2011 595 2102 660 aliud

105 681 180 744 dam
210 678 326 744 salutis
353 686 480 761 partem
503 678 675 742 hominum
696 679 876 744 industriae
899 680 1076 762 assignare,
1128 679 1285 762 intellipas
1305 700 1401 760 mom
1421 680 1614 759 comprobari
1640 679 1722 758 quocl
1750 678 1938 761 incognitum
1965 687 2048 759 mat,
2073 685 2103 745 a

103 765 296 847 simpliciter
313 784 425 828 eorum
444 785 589 828 errorem
607 764 777 829 damnarit
793 767 900 848 priore
921 763 1077 842 membro,
1129 765 1211 830 velut
1237 765 1342 847 sipillo
1369 767 1554 848 curnpaeri.
1600 763 1662 829 Sed
1686 765 1771 845 falso
1791 764 1906 828 dicitur
1932 765 2102 830 electionem

104 850 222 916 deinde
261 858 366 914 totam
399 849 513 914 saluas
547 870 708 914 summam
741 850 806 913 Dei
838 849 1078 915 misericordiae
1129 856 1201 914 turae
1228 871 1293 914 esse
1319 851 1441 915 mam
1465 849 1618 931 mtlcocem
1633 855 1802 931 postquem
1823 851 2015 933 evoapeliura
2037 871 2103 915 aaa

103 935 299 1003 vendicavit
332 936 379 999 Et
396 935 474 1018 quid
493 935 583 1000 aliud
600 946 705 1018 agunt
722 936 898 1019 prophetae
920 957 1020 1018 quam
1041 944 1079 998 ut
1125 937 1216 1018 pleri
1236 957 1353 1015 sumas,
1375 957 1526 1017 mumque
1543 937 1616 1001 inde
1632 937 1767 1017 ciperem
1784 955 1912 1000 summe.
1948 934 2104 1001 061111αὰ6

105 1024 284 1107 gratuitam
305 1019 370 1085 Dei
391 1022 594 1086 vocationem
615 1034 772 1104 perpetuo
795 1019 1044 1105 depraedicant?
1130 1021 1256 1104 quictem
1277 1023 1344 1086 uus
1364 1022 1437 1087 iride
1458 1021 1545 1086 mols
1559 1022 1710 1103 paenae,
1733 1023 1810 1101 quia
1831 1023 1860 1085 si
1882 1021 1925 1086 ad
1945 1027 2103 1086 aeternam

191 1111 219 1171 2.
265 1108 319 1172 Ad
344 1107 424 1171 haec
445 1107 518 1188 ipsa
539 1127 668 1188 quoquc
698 1108 877 1173 vomticnis
909 1112 1026 1171 natare
1053 1111 1080 1170 et
1130 1107 1194 1171 Dei
1221 1109 1444 1183 ordinationem
1469 1113 1634 1188 perretrare
1659 1112 1821 1186 tmtemm,
1847 1106 2010 1187 metando
2041 1108 2103 1173 illo

105 1194 302 1277 dispensatio
323 1193 494 1275 perspicue
516 1190 550 1255 id
572 1192 790 1271 demonstrat,
818 1213 900 1275 quae
924 1213 987 1258 aaa·
1012 1192 1080 1257 solo
1131 1193 1261 1275 abyssus
1281 1214 1338 1258 aos
1359 1193 1569 1276 iapurpltabit.
1608 1193 1671 1258 Sed
1690 1192 1745 1256 ubi
1765 1214 1834 1257 eam
1854 1192 1940 1257 nobis
1956 1194 2103 1276 patefecit

104 1280 195 1345 verbi
227 1278 490 1361 praedieatione,
523 1278 578 1342 secl
610 1285 643 1341 ct
674 1280 808 1362 spiritus
839 1278 1079 1342 illuminatione
1130 1279 1236 1357 Deus,
1264 1280 1362 1344 obius
1390 1280 1585 1344 coascendere
1612 1282 1739 1359 oportet,
1767 1300 1806 1342 ae
1832 1280 1953 1358 effectus
1973 1299 2103 1344 causam

104 1374 240 1431 constat.
286 1363 416 1445 Quibus
437 1364 554 1428 offerat
575 1363 713 1428 verbum
735 1385 833 1428 suum
854 1363 956 1440 Deus,
979 1363 1079 1428 habe·
1131 1364 1248 1429 obmot.
1294 1366 1378 1445 Quid
1407 1366 1489 1428 enlm
1520 1366 1624 1447 magis
1656 1363 1826 1428 abmroam
1864 1370 1892 1428 et
1928 1365 2102 1447 inelipnum,

13 1453 19 1483 ²
102 1473 177 1517 mus
200 1449 288 1533 apud
309 1450 504 1533 prophetam
532 1449 609 1532 (Ios.
632 1453 682 1527 65,
709 1450 755 1533 l):
783 1461 932 1532 repertus
958 1471 1032 1513 sum
1060 1470 1080 1514 a
1131 1470 1227 1532 quam
1248 1452 1405 1531 sciptura
1427 1451 1530 1515 elocent
1550 1471 1607 1513 aos
1628 1470 1694 1514 esse
1715 1449 1915 1526 allumiaotos,
1937 1452 2028 1514 sicuti
2046 1471 2103 1516 raes

103 1558 172 1603 non
204 1535 436 1618 quaerentibus
469 1556 536 1613 me;
568 1535 678 1616 palam
712 1536 850 1617 apparui
877 1536 916 1599 iis
943 1535 999 1616 qui
1026 1555 1079 1599 me
1131 1537 1222 1601 Deus
1251 1537 1354 1619 cupa,
1383 1536 1463 1599 lacis
1489 1536 1585 1599 buius
1609 1535 1730 1617 falpore
1757 1535 1859 1600 culos
1886 1541 2005 1600 nostros
2030 1557 2102 1618 per·

103 1644 170 1688 non
192 1622 453 1706 interrogabant3
475 1621 599 1703 populo·
617 1622 673 1703 qui
693 1642 760 1685 non
777 1622 942 1686 invocavit
959 1641 1079 1686 nomen
1130 1624 1257 1705 stringi,
1284 1626 1320 1685 ut
1347 1622 1500 1686 atmdere
1526 1622 1569 1685 acl
1595 1622 1766 1685 electimm
1792 1621 1952 1685 recusant?
1995 1621 2103 1701 Nepae

102 1729 215 1774 1116111
243 1706 328 1784 dixi,
357 1726 431 1771 ecce
458 1707 582 1772 adsum.
627 1708 678 1771 Ac
704 1728 746 1771 ne
768 1706 882 1771 Iudaei
902 1706 945 1770 ad
966 1716 1079 1790 gentes
1131 1709 1249 1772 intereo
1275 1707 1409 1788 infitior,
1437 1712 1472 1770 at
1499 1708 1573 1771 certi
1594 1706 1752 1771 desolate
1772 1710 1878 1770 nestra
1899 1707 2014 1785 amus,
2041 1707 2103 1770 ial-

103 1793 201 1859 modo
219 1813 293 1858 eam
311 1792 516 1857 elementiam
534 1793 698 1874 pertinere
717 1791 883 1870 ducerent,
901 1793 981 1873 ipsis
998 1811 1079 1874 quo-
1130 1795 1209 1857 lium
1235 1816 1256 1859 o
1282 1792 1371 1858 verbo
1394 1792 1467 1873 fieri
1493 1791 1611 1869 debera
1638 1812 1731 1872 eoque
1756 1791 1861 1857 debere
1880 1790 2031 1871 fiduciam
2050 1811 2103 1857 ao-

103 1881 223 1962 quein
244 1878 437 1943 memoriam
458 1876 585 1943 reducit
606 1877 695 1942 unde
717 1879 929 1960 assumpserit
953 1884 1080 1961 patrem
1130 1885 1229 1944 strum
1261 1900 1325 1945 csse
1363 1883 1531 1943 muntem
1562 1883 1598 1941 ut
1627 1877 1733 1942 Deum
1766 1882 1891 1960 patrem
1928 1879 2103 1942 invocemus

104 1986 219 2030 eorum
235 1963 415 2042 Abraham,
437 1985 539 2046 quum
555 1964 665 2047 ipsum
686 1963 749 2028 sibi
769 1964 942 2029 conciliare
964 1963 1079 2047 digna-
1131 1965 1245 2049 (Dent.
1266 1968 1316 2043 30,
1337 1966 1401 2048 14).
1447 1963 1649 2044 Praepostere
1669 1965 1752 2027 caim
1774 1964 1904 2045 quidam
1924 1968 1960 2026 ut
1979 1965 2016 2028 ele
2036 1983 2103 2028 coa·

106 2060 160 2116 tus
182 2058 247 2129 est;
269 2051 429 2115 nimimm
450 2070 493 2114 ex
513 2049 623 2114 media
644 2048 837 2129 idololatria,
859 2051 895 2114 in
917 2070 983 2130 qua
1004 2069 1080 2112 cum
1130 2051 1204 2115 silio
1226 2050 1290 2115 Dei
1318 2051 1414 2134 (quod
1439 2049 1526 2114 nobis
1548 2069 1648 2131 prope
1670 2050 1771 2114 estin
1792 2069 1843 2113 ore
1864 2054 1891 2112 at
1911 2047 2015 2133 caele)
2041 2070 2104 2113 cer·

104 2137 174 2202 auis
196 2134 347 2201 omnibus
369 2134 537 2200 demersus
558 2144 630 2199 erat
651 2134 728 2220 (Ios.
749 2138 799 2214 24,
820 2136 863 2219 3).
903 2135 1007 2199 Verbi
1029 2135 1080 2198 sui
1131 2137 1224 2201 tiores
1244 2137 1424 2212 reddantur,
1448 2156 1548 2216 supra
1568 2135 1663 2200 nubes
1684 2134 1811 2199 addere
1832 2134 1967 2214 cupiunt.
2013 2133 2103 2199 Celei·

103 2223 176 2288 luce
204 2221 284 2285 dum
311 2221 559 2286 immerentibus
584 2221 729 2303 primum
756 2220 907 2304 affulget,
937 2242 975 2284 eo
1005 2241 1079 2304 gro·
1130 2223 1230 2287 burele
1251 2223 1350 2306 ipitm
1370 2226 1415 2285 est
1434 2221 1495 2285 illo
1511 2222 1668 2285 ammian
1684 2219 1844 2284 sobrietate
1858 2220 1941 2300 fidei,
1963 2226 1997 2283 ut
2014 2219 2104 2286 Deus

104 2310 206 2373 tuitae
227 2307 382 2372 bonitatis
404 2328 482 2372 suae
504 2307 669 2389 specimen
692 2307 771 2369 satis
792 2305 995 2371 lucidentum
1022 2327 1079 2371 ex·
1131 2308 1262 2372 scaettae
1287 2328 1364 2372 snae
1387 2309 1510 2389 pretias
1535 2306 1623 2371 nobas
1648 2307 1735 2370 ustis
1754 2305 1891 2388 adficiet
1919 2306 1955 2369 ia
1982 2311 2104 2370 cateno

104 2393 203 2458 hibet.
238 2392 302 2456 Hic
313 2413 394 2474 erpo
416 2393 483 2456 lom
504 2413 537 2456 se
557 2394 671 2457 exserit
692 2393 844 2455 laureursa
866 2392 929 2457 Dei
951 2391 1078 2470 bonitas,
1130 2393 1235 2471 verbo,
1258 2394 1346 2458 morlo
1367 2413 1406 2456 ae
1427 2392 1578 2473 impediat
1597 2392 1727 2470 conclis,
1749 2412 1786 2456 en
1808 2411 1867 2472 quo
1889 2392 1976 2475 large
1997 2392 2040 2455 od
2059 2389 2104 2454 bi·

104 2481 158 2544 secl
186 2499 248 2543 noa
275 2479 418 2543 omnibns
450 2479 486 2542 ia
515 2478 663 2543 salutern·
694 2480 772 2558 puio
804 2477 947 2559 reprobos
976 2482 1081 2542 menet
1130 2479 1263 2544 bendum
1282 2479 1370 2543 nobis
1391 2499 1474 2560 aquo
1490 2479 1629 2560 profluit,
1649 2480 1815 2559 quomens
1835 2479 1989 2560 scaturigo
2009 2496 2104 2541 suum

101 2566 235 2648 prorius
256 2564 418 2641 iudicium,
441 2565 523 2645 quod
544 2565 752 2628 testimoniam
769 2565 887 2628 amuis
904 2561 968 2627 Dei
987 2583 1080 2644 repu-
1129 2564 1272 2630 humera
1293 2565 1431 2630 emicunt.

102 2652 196 2716 dieat.
240 2650 344 2731 Atque
370 2651 464 2714 etiam
484 2648 589 2727 Duas,
619 2649 829 2715 illustrandae
855 2650 976 2732 plorioe
1002 2669 1079 2713 suae
1215 2656 1244 2714 l.
1280 2634 1367 2733 Erpa
1384 2657 1422 2713 ut
1440 2669 1610 2732 perperam
1623 2649 1754 2714 'faciunt
1774 2649 1829 2730 qui
1846 2648 2013 2713 electionis
2034 2649 2103 2714 vim

40 2791 41 2794 1
102 2756 209 2814 eausa,
232 2737 369 2817 spiritus
389 2735 443 2800 sui
463 2734 637 2816 astronom
658 2736 696 2799 ab
718 2736 785 2800 illis
805 2735 955 2799 uebdacit.
997 2733 1079 2798 Inte·
1130 2735 1335 2821 suspendunt
1352 2757 1372 2800 a
1387 2735 1452 2800 fide
1474 2736 1644 2817 evangelii,
1666 2733 1762 2817 qua¹)
1784 2734 1874 2799 illam
1895 2735 1939 2800 acl
1958 2755 2015 2799 aes
2034 2754 2102 2799 sera-

32 2878 36 2889 .
100 2825 170 2888 rior
187 2823 285 2904 ipitar
300 2820 374 2885 boec
394 2822 512 2885 amatio
526 2822 647 2903 pipam
668 2826 713 2885 est
734 2821 849 2886 sumta
870 2820 950 2901 qaod
968 2819 1079 2900 fallere
1129 2821 1226 2888 timus
1246 2825 1414 2904 perticum,
1443 2822 1490 2886 ita
1516 2823 1675 2905 optimum
1697 2819 1881 2885 tenebimus
1902 2819 2049 2884 ordinem
2071 2821 2100 2885 si

100 2928 162 2973 aorc
174 2912 282 2988 petest
309 2907 375 2987 Quo
385 2907 520 2988 pertinet
536 2907 620 2972 clleo
638 2905 771 2971 Ioannis
788 2908 820 2989 (1
835 2906 948 2970 Ioann.
962 2908 991 2983 3,
1005 2903 1078 2989 24).·
1128 2910 1165 2973 in
1191 2908 1377 2992 quaerenda
1403 2907 1571 2974 electionis
1596 2913 1726 2971 nostrae
1756 2903 1967 2985 certimdine,
1996 2907 2032 2969 in
2058 2906 2100 2997 fil

100 2994 172 3059 inde
201 2994 397 3076 opnoseimus
422 3013 479 3056 nos
500 3013 565 3057 esse
585 2994 654 3057 eius
672 2993 771 3073 filios,
793 3013 832 3057 ca
852 2991 968 3073 spiritu
988 3010 1078 3072 quem
1129 2996 1232 3080 signis
1253 2993 1501 3078 posterioribus,
1525 3014 1607 3075 quae
1628 3001 1706 3057 sunt
1726 2999 1834 3056 certae
1855 2992 1925 3056 eius
1946 2992 2100 3057 testifica·

99 3081 186 3146 dedit
205 3078 301 3144 nobis.
345 3077 394 3142 Ac
420 3100 462 3142 ne
490 3078 647 3162 glorietur
674 3098 750 3145 caro
776 3075 863 3160 quod
888 3077 1018 3141 vocanti
1044 3086 1078 3142 et
1128 3083 1243 3159 tiones,
1266 3080 1467 3145 haereamus.
1500 3079 1603 3143 Nulla
1623 3079 1802 3142 tentatione
1821 3078 1874 3141 vel
1892 3077 2025 3161 gravius
2046 3077 2101 3142 vel

101 3166 189 3230 ultro
212 3187 246 3229 se
269 3164 419 3229 offerenti
441 3163 558 3229 saltem
580 3163 800 3246 responderit,
827 3163 935 3228 nullas
957 3161 998 3226 ad
1020 3181 1077 3227 au·
1129 3166 1343 3251 periculosius
1365 3164 1477 3231 fideles
1498 3163 1647 3248 percellit
1668 3170 1772 3240 satan,
1794 3184 1892 3244 quam
1915 3161 1993 3226 dum
2013 3163 2101 3244 ipsos

103 3248 259 3314 diendum
281 3270 351 3314 esse
373 3270 482 3328 aures,
505 3249 612 3315 nullos
636 3249 679 3315 ad
700 3248 878 3316 videndum
899 3248 1008 3314 acidos
1030 3248 1078 3313 al·
1130 3274 1208 3319 suae
1229 3251 1396 3332 electionis
1418 3249 1620 3315 dubitatione
1641 3250 1841 3331 inquietans,
1872 3248 1969 3312 simul
1998 3269 2102 3331 prava
2154 3326 2157 3341 '

103 3337 229 3412 firmat,
261 3335 326 3400 nisi
351 3355 432 3417 quos
460 3336 531 3417 ipse
556 3336 677 3401 lecerit.
721 3335 845 3401 Facere
873 3342 982 3400 autem
1011 3354 1078 3399 non
1130 3339 1200 3404 eius
1234 3344 1329 3403 extro
1361 3337 1450 3401 viam
1481 3336 1695 3419 inquirendae
1727 3334 1904 3417 eupiditate
1938 3334 2099 3399 sollicitat.

104 3419 283 3486 secundum
303 3421 458 3503 cuiusque
481 3421 731 3504 gratitudinem,
754 3420 811 3487 sed
833 3441 892 3504 pro
914 3441 973 3485 sua
994 3420 1077 3486 elec·
1128 3425 1236 3490 Extra
1256 3425 1345 3489 viam
1366 3424 1529 3505 inquirere
1550 3442 1645 3499 voco,
1672 3420 1727 3485 ubi
1753 3421 1790 3483 in
1817 3420 1943 3484 abditos
1971 3419 2102 3485 11111116

104 3505 202 3569 tione.
258 3505 360 3570 Cuius
392 3507 440 3570 rei
473 3506 604 3590 ursigne
637 3506 737 3572 habes
770 3506 957 3589 exemplum
990 3505 1077 3588 apud
1130 3511 1307 3592 sapientiae
1335 3529 1481 3574 recessus
1508 3528 1719 3591 perrumpere
1745 3505 1920 3571 homuncio
1952 3512 2100 3584 conatur,

103 3592 232 3657 Lucam
260 3592 347 3674 (Aet
375 3595 422 3668 13,
446 3594 519 3676 48),
547 3593 604 3657 ubi
624 3592 724 3657 Pauli
745 3601 778 3656 et
798 3591 973 3657 Barnabae
1000 3613 1077 3657 con·
1130 3604 1172 3675 et,
1195 3617 1258 3679 quo
1285 3595 1448 3678 intelligat
1474 3592 1553 3677 quid
1580 3593 1620 3656 de
1647 3613 1682 3658 se
1709 3593 1761 3657 sit'
1778 3593 1993 3657 constitutum
2014 3588 2100 3673 apud

103 3679 232 3743 cionem
260 3676 397 3741 audiunt
418 3679 633 3742 communiter
654 3677 770 3743 Iudaei
790 3688 824 3742 et
844 3684 966 3760 gentes.
1010 3677 1077 3741 Eo-
1128 3682 1194 3747 Dei
1214 3680 1375 3758 tribunal,
1398 3680 1440 3745 ad
1462 3701 1649 3764 supremam
1671 3698 1775 3760 usque
1797 3679 2023 3742 aeternitatem
2044 3696 2101 3757 pe·

103 3763 180 3829 dem
202 3771 272 3826 tum
294 3760 393 3826 verbo
416 3784 517 3844 quum
540 3763 644 3830 edocti
665 3772 774 3830 essent
794 3784 917 3841 omncs,
939 3784 1077 3828 narran-
1128 3776 1268 3841 netraro.
1312 3768 1406 3832 Tune
1439 3767 1528 3831 enim
1560 3787 1595 3829 se
1627 3766 1664 3828 in
1695 3763 1895 3846 profundum
1921 3763 2101 3825 immensae

101 3857 158 3914 tur
175 3847 352 3914 credidisse
369 3849 424 3929 qui
443 3847 484 3912 ad
501 3850 603 3914 vitam
623 3859 790 3915 aeternam
812 3856 906 3914 erant
927 3846 1075 3913 ordinati.
1128 3854 1294 3937 voraginis
1315 3852 1554 3918 absorbendum
1576 3850 1768 3933 praecipitat
1774 3872 1782 3926 ;
1811 3856 1889 3910 tuno
1917 3845 2100 3910 innumeris

102 3933 180 4015 Qua
201 3935 308 3999 tionte
330 3933 507 4015 gratuitam
530 3955 601 4000 esse
623 3937 825 4000 vocatiouem
847 3954 1018 4018 negemus,
1041 3935 1077 3998 in
1128 3948 1226 4023 atque
1246 3937 1529 4022 inexplicabilibus
1551 3936 1674 4017 laqueis
1692 3955 1727 3998 se
1744 3932 1867 4010 induit3
1889 3938 1968 3996 tunc
1986 3951 2100 3996 eaesae

101 4042 167 4103 qua
196 4020 237 4085 ad
266 4020 417 4084 rrltimant
439 4040 540 4100 usque
561 4030 689 4102 partem
710 4022 779 4087 sola
800 4029 918 4104 regnat
939 4019 1074 4086 electio?
1129 4020 1277 4109 cahginis
1300 4024 1415 4109 abysso
1438 4045 1473 4088 so
1496 4020 1654 4086 adobruit.
1701 4017 1756 4084 Sic
1778 4019 1866 4082 enim
1888 4037 2027 4098 aequum
2049 4027 2101 4083 est

189 4110 216 4170 3.
269 4108 293 4188 ¹)
305 4105 380 4171 Duo
402 4110 504 4169 amon
525 4106 860 4173 uroresbicceoencll
886 4108 1077 4188 6111111111
1127 4111 1277 4176 horribili
1304 4111 1401 4174 ruina
1427 4107 1550 4192 ingenii
1580 4106 1717 4169 humani
1741 4102 1955 4168 stoliditatem
1977 4103 2098 4186 puniri,

102 4192 245 4257 nonnulli
264 4191 477 4271 cooperarium
494 4190 562 4255 Deo
582 4192 705 4271 faciunt
722 4192 884 4271 lromiaem,
906 4197 940 4256 ut
960 4194 1077 4274 sutiru-
1127 4197 1184 4262 ubi
1212 4204 1327 4279 suopte
1354 4200 1460 4259 marte
1489 4211 1660 4274 assurgere
1689 4188 1731 4254 ad
1758 4189 1891 4255 divinae
1920 4190 2099 4273 sapientiae

100 4279 152 4360 pio
173 4282 354 4342 aceretem
376 4278 548 4342 electionem
567 4277 680 4357 fumat·
701 4281 750 4354 ita
768 4280 934 4344 secundam
955 4298 1005 4343 eos
1024 4299 1076 4344 oo·
1127 4283 1333 4349 altitudinem
1355 4288 1468 4344 tentat.
1513 4279 1628 4359 quue
1649 4275 1813 4342 exitialior
1840 4284 1891 4339 est
1919 4275 1999 4340 haee
2025 4283 2099 4337 ten·

101 4363 209 4427 luntas
230 4363 365 4428 bominis
387 4364 532 4444 superior
553 4367 598 4427 est
618 4364 681 4428 Del
701 4365 837 4429 cmsilio.
883 4365 982 4444 Quasi
1006 4384 1076 4429 aero
1126 4369 1216 4447 tatio,
1239 4367 1324 4451 quod
1342 4366 1383 4431 ad
1400 4365 1526 4430 nullam
1543 4364 1640 4429 eham
1661 4362 1887 4446 propensiores
1909 4363 2010 4425 simus
2032 4360 2100 4424 fere

102 4450 262 4531 scripturo
282 4451 387 4515 esaar
407 4453 527 4512 matum
555 4448 642 4512 nobis
672 4449 745 4512 clari
772 4455 808 4513 at
833 4450 953 4514 medere
974 4450 1077 4530 possi
1127 4477 1248 4519 omncs.
1293 4453 1495 4518 Rarissimus
1524 4450 1613 4514 enim
1640 4456 1691 4515 est
1719 4448 1811 4513 cuius
1838 4468 1904 4511 non
1932 4444 2099 4510 interdum

102 4555 187 4613 mus,
220 4555 257 4600 oc
285 4555 346 4599 noa
368 4535 477 4614 polias
499 4535 594 4614 ,tolera
621 4537 734 4616 ipsam.
778 4535 862 4612 Alii,
896 4555 1075 4615 quanquam
1128 4542 1259 4605 animus
1291 4540 1353 4605 hac
1386 4538 1581 4622 cogitatione
1613 4536 1766 4603 feriatur:
1800 4533 1888 4598 unde
1921 4532 1980 4595 tibi
2012 4530 2099 4596 salus

102 4640 165 4684 nou
185 4623 233 4685 ltu
253 4626 400 4685 mutant
418 4621 556 4702 pralium
577 4621 713 4700 spiritus
728 4621 837 4699 sabuli,
859 4621 959 4685 aerbo
976 4625 1076 4686 lumm
1127 4627 1192 4692 nisi
1219 4647 1260 4690 611
1287 4625 1352 4689 Dei
1385 4623 1562 4689 electione?
1596 4621 1763 4688 electionis
1794 4639 1892 4702 porro
1924 4638 2008 4700 quae
2040 4615 2099 4681 tibi

103 4707 305 4785 luatallmw
326 4706 446 4770 inducti
467 4707 640 4770 electionem
656 4728 678 4771 a
688 4706 859 4786 posteriori
872 4707 1076 4784 suffulciunt:
1127 4712 1307 4780 revelatio?
1345 4710 1439 4791 Quae
1461 4710 1490 4773 si
1512 4709 1598 4792 apud
1620 4706 1805 4791 quempiam
1828 4703 1929 4770 semel
1949 4701 2098 4781 invaluit,

104 4793 197 4870 lauti
225 4792 321 4856 dulia
349 4797 427 4856 esset
455 4797 545 4872 slew
572 4793 667 4857 dium
699 4791 861 4873 ineditam,
893 4790 985 4855 donet
1014 4791 1077 4872 fide
1128 4808 1186 4865 aut
1206 4797 1286 4863 diris
1305 4796 1477 4862 tormentis
1493 4794 1650 4859 miserum
1668 4800 1824 4877 perpetuo
1842 4790 2018 4868 excruciat,
2041 4796 2101 4852 aut

102 4877 304 4956 confirmetur.
349 4876 505 4958 Quidem
525 4877 838 4959 confirmacionem
859 4897 928 4955 aas,
950 4878 1077 4943 minime
1127 4884 1236 4950 reddit
1256 4884 1388 4968 penitus
1416 4880 1602 4944 attonitum.
1647 4878 1747 4943 Nullo
1774 4898 1854 4942 sane
1880 4876 2018 4942 certiore
2046 4893 2100 4939 ar·

1128 4977 1283 5055 gumento
1302 4971 1495 5034 confirmare
1514 4965 1614 5030 velim
1636 4971 1759 5047 quanta
1778 4964 1943 5047 pravitate
1964 4959 2100 5046 praede-

1158 5144 1330 5153 ..—-——--——--

171 5167 201 5230 1)
234 5167 312 5220 Haec
342 5169 427 5222 obiter
452 5171 626 5240 atttnpruatnr
652 5171 732 5225 mam
760 5172 790 5224 ta
816 5170 878 5224 edit
903 5169 1077 5238 maecedente
1129 5148 1157 5153 -

99 5252 122 5290 ⁶·
143 5235 227 5290 XIV·
244 5237 267 5302 ξ·
284 5234 320 5289 24
337 5239 368 5289 lb
382 5237 446 5303 litu·
1197 5245 1226 5310 1)
1247 5245 1300 5296 Ed.
1320 5240 1388 5295 1654
1408 5240 1489 5292 male:
1508 5240 1577 5306 quia.
