4672 5842
173 313 257 375 1109
520 310 609 376 LlB.
632 311 685 375 IV
686 359 693 375 .
736 310 800 375 DE
822 307 1059 376 EXTERNIS
1081 308 1248 377 MEDIIS
1270 310 1335 374 AD
1358 309 1588 379 attauhu
1634 310 1734 378 OAP.
1756 312 1836 380 XX.
2095 319 2176 381 1110

170 483 239 547 6161
266 500 364 563 66661
382 482 555 563 rependere
584 502 652 546 eam
685 487 847 564 appetant,-
874 502 893 545 a
926 502 993 564 qua
1020 481 1147 562 quidem
1197 480 1340 546 buslibet
1357 482 1486 547 damnis
1508 490 1797 560 commoverentur,
1821 492 1854 548 et
1873 487 2018 551 minimis
2041 485 2080 550 de
2100 508 2176 552 666-

171 567 329 650 patientia
351 589 412 634 nec
433 567 496 650 ipsi
518 588 573 632 eos
595 568 794 633 abducimus.
828 569 916 633 Vere
939 568 1026 631 enim
1049 566 1146 632 Chri-
1199 567 1242 630 sis
1265 566 1307 631 ad
1329 568 1434 632 forum
1458 576 1490 631 61
1515 569 1590 633 lites
1619 568 1846 648 decurrerent,
1870 571 1932 636 hoc
1959 571 2077 636 indicio
2105 595 2176 639 esse

170 654 293 719 stianos
320 673 392 717 esse
419 661 547 735 oportet
574 653 746 718 hominum
773 675 877 736 genus
905 653 946 718 ad
976 659 1146 718 contume·
1199 651 1286 730 dicit,
1310 653 1396 735 quod
1419 654 1528 718 animo
1548 662 1659 719 essent
1681 656 1779 719 nimis
1811 656 1977 735 irritabili,
2001 665 2035 722 61
2056 656 2176 741 adpa-

168 738 230 804 lias
252 737 453 821 iniuriasque
478 739 627 804 ferendas
649 749 782 817 natum,
805 740 1021 822 pessimorum
1040 734 1146 802 homi·
1198 738 1349 802 tientiam
1386 741 1497 803 minus
1536 748 1731 823 comparato.
1781 739 1822 805 Id
1861 763 1940 806 sane
1977 743 2176 809 Christianis

168 847 249 891 num
271 824 443 906 nequitiae,
467 826 670 908 imposturis,
692 823 843 890 ludibriis
866 825 1051 907 expositum
1057 847 1065 903 ;
1088 845 1146 888 nc·
1199 823 1365 908 agendum
1387 832 1449 904 cst,
1472 825 1570 890 6116
1592 847 1649 891 666
1671 827 1741 890 1616
1770 826 1926 893 decedere
1955 850 2176 912 6616661616

167 909 286 995 66611
309 909 498 975 modotsed
521 932 634 977 661661
656 911 802 975 omnium
823 911 985 975 malorum
1003 911 1146 975 toleran-
1198 910 1262 973 lint
1282 931 1380 991 quam
1402 911 1438 994 in
1460 912 1567 975 forum
1594 910 1761 995 progredi:
1790 913 1877 978 unde
1910 915 2176 997 11161116666-

167 1006 218 1062 tes
240 1017 311 1061 esse
331 996 921 1079 6661161,1166661,616161166616116
943 997 1145 1078 compositos,
1199 996 1265 1059 sint
1286 997 1349 1060 nisi
1371 999 1582 1061 commotiore
1610 999 1825 1062 6616166116
1847 1000 1960 1066 fratris
1989 999 2099 1065 odium
2123 1022 2183 1064 ac·
2285 1028 2287 1033 ’

167 1080 206 1148 61
233 1091 384 1165 66666616
415 1104 484 1146 666
512 1083 691 1148 offensione
717 1081 758 1146 ad
787 1083 924 1146 alteram
953 1104 988 1147 se
1016 1102 1146 1163 compa·
1199 1102 1303 1146 censo.
1348 1082 1474 1146 Verum
1505 1082 1559 1146 ubi
1587 1083 1659 1166 quis
1687 1085 1770 1148 citra
1796 1087 1940 1151 caritatis
1968 1084 2177 1169 dispendium

167 1177 256 1245 rent,
285 1168 368 1231 nihil
391 1168 452 1232 sibi
473 1169 508 1233 in
531 1176 632 1232 totam
659 1169 761 1233 vitam
788 1168 1016 1250 promittentes
1048 1188 1146 1250 quam
1198 1188 1269 1231 rem
1291 1188 1384 1231 suam
1403 1190 1437 1232 66
1458 1189 1553 1251 66666
1575 1170 1659 1233 tueri
1680 1168 1809 1246 viderit,
1829 1171 1921 1236 cuius
1939 1173 2064 1236 iactura
2082 1172 2177 1256 gravi

166 1262 344 1338 perpetuae
376 1254 482 1319 616616
515 1254 731 1319 tolerantiam.
781 1254 919 1318 Interim
953 1262 987 1318 61
1018 1253 1059 1317 iis
1091 1253 1147 1336 6111
1199 1251 1261 1316 6111
1284 1252 1453 1335 dispendio
1475 1255 1586 1318 futura
1608 1255 1660 1333 611,
1682 1253 1716 1317 11
1738 1255 1884 1333 61166161,
1910 1258 1993 1321 nihil
2017 1259 2053 1321 in
2075 1258 2175 1322 istam

167 1340 231 1407 sibi
252 1339 365 1404 iniurii
383 1347 469 1418 sunt,
492 1339 706 1416 benefaciant,
730 1346 763 1404 61
779 1339 1048 1404 maledicentibus
1065 1339 1148 1403 bene
1199 1338 1294 1402 Pauli
1322 1340 1519 1403 sententiam
1548 1338 1716 1423 delinquit
1761 1342 1928 1424 Denique,
1961 1343 2048 1425 quod
2079 1343 2177 1407 'initio

167 1434 359 1510 precentur:
388 1432 422 1489 et
449 1426 548 1510 (quae
582 1428 681 1490 unica
708 1434 757 1490 est
784 1447 846 1490 sua
880 1424 1030 1508 victoria)
1063 1425 1147 1490 bono
1200 1423 1384 1503 docuimus,
1408 1426 1567 1508 optimum
1590 1427 1706 1508 cuique
1726 1427 1899 1492 consilium
1928 1427 2019 1492 dabit
2040 1430 2174 1494 caritas:

154 1512 293 1576 *malum
325 1512 455 1575 vincere
488 1511 690 1576 contendant
721 1508 913 1595 (1166112,
941 1516 998 1590 21;
1026 1511 1145 1575 Μ61111.
1199 1510 1270 1574 6166
1299 1531 1365 1593 666
1392 1532 1604 1594 quaeeunque
1638 1512 1874 1594 suscipiuntur,
1903 1522 1937 1577 61
1965 1513 2178 1597 6111666616

169 1603 198 1673 5,
220 1598 286 1681 311).
329 1595 385 1663 Sic
408 1590 518 1662 affecti
540 1621 604 1662 non
627 1607 786 1680 quaerent
808 1597 939 1662 oculum
962 1618 1021 1680 pro
1043 1596 1145 1674 oculo,
1200 1615 1282 1677 6666
1309 1597 1563 1679 progrediuntur
1595 1597 1861 1680 disceptationes,
1891 1599 2029 1663 iniustas
2052 1620 2121 1664 esse
2145 1606 2179 1664 et

168 1682 302 1747 dentem
321 1703 381 1765 pro
403 1681 502 1747 dente
525 1683 679 1768 (qualiter
701 1704 776 1747 6666
799 1682 973 1766 1166166166
994 1683 1146 1748 institue-
1199 1680 1316 1764 impias
1338 1690 1434 1747 extra
1456 1685 1709 1749 controversiam
1733 1684 1894 1766 ponimus.

167 1768 247 1833 bant
266 1768 452 1847 Pharisaei,
477 1769 517 1833 ad
541 1768 759 1852 appetendam
779 1768 952 1853 ultionem)
976 1767 1042 1845 sed,
1066 1788 1146 1851 quo-
1286 1769 1334 1830 22.
1381 1765 2178 1853 861111616661666666666161161116611161616

166 1854 263 1919 modo
286 1876 306 1918 a
328 1852 461 1919 Christo
484 1855 848 1936 6111111661,61661666
871 1876 968 1919 suum
989 1853 1145 1932 mutilari,
1198 1853 1342 1935 primurn
1365 1860 1422 1931 est,
1446 1852 1486 1918 de
1509 1876 1622 1919 eorum
1643 1856 1809 1919 functione
1838 1877 1936 1936 quam
1958 1856 2177 1920 honorificen-

166 1949 199 2005 et
221 1939 382 2005 malitiose
404 1962 464 2005 sua
486 1940 547 2004 sibi
567 1941 648 2023 eripi
671 1941 718 2005 sic
739 1939 1145 2018 1616616166616161166,
1198 1939 1323 2002 tissime
1346 1940 1476 2019 sentire,
1500 1960 1597 2022 quam
1616 1940 1847 2006 6611166116161
1866 1941 2048 2025 delegatam
2066 1942 2176 2006 aDeo

166 2025 266 2090 611661
287 2046 324 2092 66
345 2027 509 2110 irrogatae
528 2025 590 2091 6111
611 2027 742 2103 fuerint,
765 2026 935 2091 remissuri
953 2027 1019 2090 sint
1037 2048 1074 2090 66
1096 2026 1146 2089 ul·
1198 2023 1455 2090 iurisdictionem
1478 2035 1673 2109 agnoscunt,
1697 2047 1814 2108 eosque
1836 2027 1877 2093 ob
1896 2026 1931 2091 id
1953 2028 2116 2110 suspicere
2139 2046 2176 2091 66

166 2119 218 2175 116
249 2111 473 2177 condonaturi.
518 2112 633 2196 Neque
662 2112 787 2177 isthaec
818 2120 929 2197 166166
963 2113 1147 2176 6616161661
1198 2112 1340 2174 revereri
1358 2117 1395 2174 ut
1412 2112 1477 2175 Dei
1493 2112 1663 2176 ministros
1680 2132 1718 2177 ac
1735 2112 1867 2261 1666166.
1902 2111 2070 2193 Quosdam
2088 2112 2177 2176 enim

165 2198 313 2280 aequitas
330 2204 364 2261 61
381 2198 560 2263 moderatio
582 2197 747 2282 impediet,
771 2199 849 2282 quin
871 2198 1052 2281 161661616
1070 2217 1146 2263 6666
1198 2197 1351 2277 reperias,
1370 2197 1424 2278 qui
1443 2198 1511 2263 suis
1529 2219 1564 2281 se
1581 2198 1766 2282 magistrati
1789 2220 1828 2262 us
1846 2198 1942 2264 valde
1962 2197 2176 2281 obsequentes

166 2283 318 2348 inimicos
340 2284 485 2350 amicitia
504 2285 717 2368 magistratus
739 2305 799 2367 ope
819 2283 859 2348 ad
878 2304 990 2347 rerum
1013 2304 1147 2348 suarum
1198 2282 1386 2364 praebeant,
1410 2304 1447 2348 66
1470 2283 1575 2346 nolint
1603 2283 1733 2366 quidem
1754 2304 1822 2347 non
1844 2305 1915 2349 esse
1943 2284 2061 2367 quibus
2083 2285 2175 2348 obse·

165 2368 448 2434 conservationem
466 2379 617 2448 utantur;
636 2377 695 2434 aut
710 2369 832 2451 publici
848 2370 926 2435 boni
944 2368 1052 2433 studio
1070 2391 1146 2433 son·
1197 2375 1349 2449 quantur,
1372 2369 1458 2450 quod
1478 2368 1563 2433 bono
1584 2367 1714 2451 publico
1736 2371 1783 2433 ita
1804 2369 1958 2452 expedire
1979 2376 2115 2448 norunt;
2135 2368 2175 2435 de

164 2461 235 2519 tem
258 2475 295 2519 ac
317 2454 524 2536 pestilentem
556 2456 724 2521 hominem
746 2455 787 2520 ad
805 2476 944 2538 poenam
971 2456 1144 2537 postulent,
1197 2454 1277 2536 ipsis
1299 2462 1409 2518 tamen
1442 2455 1687 2538 magistratibus
1710 2475 1777 2519 non
1800 2476 1894 2520 secus
1916 2456 2113 2534 existiment,
2137 2476 2175 2521 66

166 2561 267 2622 66616
284 2539 452 2604 emendari
470 2541 534 2605 nisi
550 2551 655 2607 morte
673 2563 740 2605 non
757 2558 851 2624 posse
869 2542 1029 2605 noverint.
1057 2542 1145 2605 Vere
1197 2539 1293 2603 malis
1314 2539 1509 2622 quibusdam
1530 2541 1728 2606 necessariis.
1773 2540 1901 2605 Verum
1922 2541 1997 2625 plus
2019 2540 2175 2623 quiddam

165 2626 256 2689 enim
282 2626 491 2709 Augustinus
506 2627 530 2710 ¹)
564 2627 645 2694 haec
674 2636 848 2710 praecepta
880 2628 990 2692 omnia
1012 2648 1049 2692 eo
1071 2634 1144 2692 ten-
1198 2624 1332 2689 anobis
1349 2627 1485 2708 requirit
1505 2627 1624 2691 Petrus
1647 2626 1679 2711 (1
1700 2628 1789 2691 Ρ611.
1810 2630 1839 2703 2,
1863 2627 1927 2711 17),
1945 2648 2047 2709 quum
2063 2648 2175 2710 166661

165 2710 244 2775 1616
269 2711 518 2793 interpretatur,
551 2720 589 2777 ut
613 2720 748 2797 paratus
776 2714 820 2778 sit
846 2713 944 2776 homo
977 2715 1082 2777 iustus
1111 2719 1145 2777 et
1197 2710 1360 2787 honorari,
1384 2710 1862 2797 61861666(Ρ161.24,21),
1887 2733 1990 2794 66661
2011 2711 2120 2776 Deum
2143 2719 2176 2776 et

188 2797 239 2862 ius
261 2818 374 2861 eorum
402 2797 562 2863 malitiam
588 2801 751 2884 patienter
783 2799 946 2864 sustinere
973 2820 1053 2881 quos
1072 2798 1145 2863 fieri
1197 2818 1310 2880 regem
1341 2797 1450 2861 timeri
1479 2799 1646 2882 praecipit.
1698 2797 1759 2863 llle
1786 2799 1874 2862 enim
1902 2796 1962 2862 sub
1991 2797 2176 2861 honorandi

209 2902 269 2947 nos
290 2884 433 2965 quaerit;
456 2893 494 2947 ut
515 2906 673 2950 numerus
694 2886 803 2969 potius
831 2891 957 2951 6166661
973 2884 1143 2964 bonorum,
1197 2883 1296 2947 verbo
1327 2882 1487 2948 sinceram
1515 2904 1552 2948 aa
1576 2883 1749 2950 candidam
1784 2883 2060 2948 existimationem
2086 2903 2175 2948 com·

165 2988 234 3032 non
255 2976 292 3031 ut
314 2969 386 3051 pari
407 2969 533 3034 malitia
554 2993 588 3035 se
610 2982 738 3055 quoqu'e
759 2991 896 3036 numero
925 2970 1024 3034 addat
1041 2971 1143 3034 malo-
1196 2967 1352 3050 plectitur
1359 2993 1367 3049 ;
1395 2969 1449 3034 hic
1476 2990 1588 3053 regem
1610 2984 1686 3036 eum
1707 2968 1780 3035 Deo
1809 2970 2012 3052 coniungens
2042 2976 2175 3033 sanctae

163 3075 255 3134 rum;
284 3053 403 3118 deinde
431 3054 472 3119 ad
500 3058 783 3138 praeparationem
811 3055 917 3121 cordis
945 3078 1027 3139 quae
1054 3057 1144 3121 intus
1196 3054 1366 3119 cuiusdam
1406 3056 1628 3120 venerationis
1661 3076 1698 3120 ac
1731 3054 1901 3138 dignitatis
1934 3053 2069 3136 plenum
2103 3074 2174 3120 esso

164 3140 343 3224 6611611616
365 3141 546 3222 pertinere,
579 3163 676 3224 66661
699 3142 740 3206 61
763 3142 953 3227 66666661
975 3142 1009 3206 in
1032 3144 1144 3225 aperto
1196 3139 1347 3205 ostendit
1398 3141 1462 3206 Est
1494 3150 1528 3206 61
1556 3141 1636 3205 illud
1672 3140 1878 3224 praeclarum
1911 3139 1997 3222 apud
2031 3140 2175 3204 Paulum

163 3225 217 3290 fit:
241 3232 279 3291 ut
300 3233 453 3290 teneatur
474 3227 510 3290 in
533 3236 657 3293 secreto
680 3229 781 3292 animi
809 3228 969 3311 patientia
991 3250 1066 3293 cum
1088 3228 1143 3293 be-
1195 3226 1339 3309 elogium
1359 3226 1470 3310 (Rom.
1485 3231 1534 3307 13,
1548 3226 1592 3310 5),
1610 3235 1647 3291 ut
1664 3226 1853 3292 obediamus
1870 3247 1936 3290 non
1954 3226 2061 3291 solum
2076 3247 2175 3310 prop·

164 3310 365 3391 nevolentia;
393 3313 428 3376 in
455 3313 628 3378 manifesto
664 3322 774 3378 autem
802 3313 837 3377 id
863 3316 935 3392 fiat,
964 3314 1049 3397 quod
1078 3315 1143 3378 illis
1195 3311 1366 3389 16111616,
1391 3312 1861 3396 66161661616666616611661.
1908 3311 1984 3393 Quo
2006 3310 2173 3395 intelligit,

164 3395 316 3462 videmus
337 3397 491 3480 prodesse
512 3420 606 3483 posse
628 3400 746 3481 quibus
763 3399 847 3465 bene
869 3400 953 3465 velle
976 3399 1141 3464 debemus.
1195 3419 1262 3461 non
1280 3404 1405 3462 terrore
1422 3399 1518 3463 modo
1535 3400 1720 3481 6116616661
1738 3419 1776 3463 66
1792 3399 2031 3482 praefectorum
2056 3397 2174 3462 adduci

253 3484 302 3547 21.
347 3482 444 3564 Quod
467 3493 578 3550 autern
610 3486 766 3551 obiectari
787 3486 877 3564 solet,
899 3486 974 3551 lites
997 3508 1017 3551 a
1038 3485 1143 3552 Paulo
1195 3482 1340 3548 subditos
1362 3482 1488 3564 debere,
1512 3495 1552 3549 ut
1568 3486 1604 3549 in
1622 3505 1736 3550 eornm
1758 3484 1959 3550 subiectione
1981 3485 2172 3550 666116666-

163 3566 201 3631 16
223 3567 410 3635 6611616616
433 3593 503 3637 6666
526 3571 713 3651 1611166166,
737 3571 770 3635 11
794 3593 921 3655 quoque
941 3572 1060 3637 falsum
1084 3578 1141 3636 est
1195 3576 1263 3647 tur,
1294 3569 1434 3651 qualiter
1467 3572 1676 3637 succumbere
1708 3571 1796 3635 hosti
1822 3578 1948 3636 armato
1975 3570 2091 3649 solent,
2117 3570 2173 3652 qui

163 3651 310 3738 Intelligi
330 3678 370 3720 ex
394 3658 582 3723 6166161116
605 3656 932 3743 (1061616666.)
955 3657 1142 3742 16616661
1195 3653 1373 3720 vindictam
1399 3657 1468 3720 fore
1497 3666 1683 3740 promptam
1711 3657 2092 3731 1116616116611161161,
2116 3677 2172 3719 ve·

162 3746 229 3818 est,
251 3740 462 3808 immodicum
497 3745 596 3809 161666
623 3744 776 3827 litigandi
802 3744 946 3808 1111616111
968 3745 1003 3808 16
1026 3742 1142 3817 06116-
1195 3762 1269 3805 rum
1297 3741 1375 3824 quia
1399 3741 1473 3807 Deo
1500 3743 1563 3825 ipsi
1591 3743 1774 3808 redduntur
1809 3742 1961 3824 obsequia
1989 3761 2071 3823 quae
2099 3740 2172 3804 istis

161 3824 309 3890 thiorum
341 3828 488 3893 ecclesia:
515 3852 618 3913 usque
645 3851 682 3894 eo
711 3838 748 3894 ut
775 3828 901 3894 Christi
934 3831 1144 3914 evangelium
1195 3835 1418 3912 praestantem
1441 3826 1572 3910 quando
1593 3848 1706 3892 eorum
1727 3835 1870 3910 potestas
1892 3847 1912 3890 a
1931 3827 2003 3890 Dco
2025 3833 2082 3891 est.
2121 3824 2173 3891 De

161 3918 196 3977 61
222 3917 329 3973 totam
357 3932 454 3993 quam
475 3917 713 3996 profitebantur
733 3916 935 3999 religionem,
966 3917 1142 4001 impiorum
1194 3913 1371 3978 homiuibus
1387 3934 1449 3978 rum
1465 3915 1599 3996 disputo,
1612 3933 1648 3978 66
1661 3915 1691 3978 si
1706 3915 1797 3978 larua
1813 3913 1981 3995 diguitatis
1997 3910 2171 3990 stultitiam,

161 3994 291 4063 cavillis
324 4016 361 4060 ee
389 3998 635 4066 maledicentiae
668 4013 879 4084 exponerent.
924 4001 963 4066 Id
997 4004 1143 4086 primum
1194 4000 1241 4064 vel
1268 4001 1442 4082 ipuaeiam,
1468 4000 1516 4064 aet
1542 4000 1753 4064 crudelitatem
1784 4018 1940 4078 erroresque
1963 3997 2118 4078 improbes
2145 4002 2173 4062 et

162 4080 375 4165 reprehendit
396 4082 430 4143 in
453 4083 517 4147 illis
536 4086 673 4165 Paulus,
704 4087 788 4170 quod
817 4088 1025 4171 evangelium
1054 4088 1142 4170 apud
1191 4086 1309 4168 flagitii
1323 4085 1433 4167 616666
1450 4090 1565 4168 tegeret,
1585 4089 1675 4167 atque
1692 4086 1738 4150 ita
1756 4085 1844 4149 611116
1861 4083 2031 4164 acquireret
2048 4083 2173 4148 laudem

163 4167 312 4232 infideles
341 4166 581 4234 dissensionum
608 4193 744 4236 suarum
771 4174 964 4256 intemperie
991 4174 1141 4251 11611166-
1194 4174 1358 4249 uirtutum,
1379 4171 1521 4236 sceldice
1542 4172 1681 4236 ordinem
1701 4172 1806 4252 ipsum
1827 4169 1939 4234 166616
1956 4174 1984 4233 61
2000 4171 2150 4234 revereat

163 4263 245 4317 rent.
291 4252 421 4317 Deinde
447 4260 481 4317 61
499 4254 561 4320 hoc
589 4256 712 4339 ipsum,
741 4259 826 4340 quod
853 4280 928 4323 eum
949 4260 985 4323 in
1007 4259 1142 4324 modam
1193 4261 1324 4340 diguam
1345 4278 1419 4322 esse.
1440 4263 1475 4321 ut
1496 4259 1668 4339 quicunque
1684 4261 1846 4339 praemiat,
1869 4255 1956 4337 6661
1977 4275 2034 4320 uos
2055 4256 2119 4318 siut
2139 4257 2173 4317 ta

163 4338 250 4402 inter
282 4361 317 4404 66
351 4337 547 4403 dissiderent
582 4342 701 4408 fratres
734 4365 808 4408 cum
841 4345 1006 4410 fratribus.
1057 4347 1141 4409 Tam
1188 4345 1305 4426 pretio,
1330 4346 1597 4408 eteeuratieuem
1618 4344 1771 4408 obtineant
1791 4342 2009 4424 praefecturae
2026 4360 2103 4404 cuae
2126 4360 2173 4403 re-

163 4424 252 4488 66161
278 4425 390 4507 6166111
412 4447 432 4489 6
452 4426 586 4490 1616616
613 4429 736 4493 1616116
764 4430 997 4509 61166161661,
1024 4436 1062 4493 ut
1084 4429 1140 4493 alii
1191 4435 1302 4512 speetu.

162 4508 302 4574 aliorum
329 4511 468 4576 fortunis
495 4511 590 4577 avida
616 4513 799 4593 inhiarent,
827 4516 912 4579 ultro
933 4516 1139 4595 lacesserent,
1280 4520 1329 4579 23.
1374 4516 1428 4579 Ex
1449 4536 1487 4578 eo
1510 4516 1703 4579 6161161661
1726 4512 1842 4577 deinde
1865 4512 2022 4594 sequitur,
2041 4518 2079 4575 61
2095 4531 2171 4593 pro·

163 4599 199 4658 et
220 4592 374 4660 damnum
402 4598 571 4662 inferrent.
617 4599 658 4663 In
687 4599 778 4663 illam
805 4621 882 4684 ergo
909 4600 1062 4699 litigandi
1090 4602 1140 4665 in·
1192 4602 1302 4687 pensis
1327 4603 1362 4666 in
1390 4621 1504 4666 eorum
1537 4602 1795 4667 observationem
1828 4598 1945 4663 animis
1980 4618 2074 4662 suam
2106 4596 2172 4661 illis

162 4679 290 4746 saniem
310 4683 488 4762 invehitur,
511 4706 579 4749 non
600 4684 791 4767 simpliciter
808 4687 843 4749 in
861 4708 993 4769 quasvis
1011 4695 1140 4752 contro·
1192 4687 1411 4752 obedientiam
1433 4688 1626 4770 approbent:
1658 4686 1727 4752 sive
1745 4685 1858 4750 edictis
1880 4683 2078 4766 parendum,
2102 4683 2171 4746 sive

162 4765 295 4833 versiae.
325 4769 372 4832 At
389 4772 521 4835 omnino
539 4769 657 4836 vitium
675 4770 727 4835 vel
743 4771 968 4836 infirmitatem
980 4794 1049 4837 esse
1065 4794 1139 4857 pro·
1193 4774 1316 4837 tributa
1335 4772 1504 4851 solvenda,
1528 4774 1597 4839 6116
1620 4771 1789 4838 66166616
1810 4769 1939 4853 6611166
1961 4789 2099 4832 6166616
2122 4773 2172 4831 at

161 4853 305 4929 nuntiat,
329 4857 415 4936 quod
434 4879 501 4921 non
514 4857 622 4939 potius
646 4857 804 4921 damnum
824 4858 1009 4940 acciperent
1030 4880 1139 4922 rerum
1193 4880 1256 4941 666
1284 4880 1385 4924 66616
1412 4880 1494 4940 quae
1523 4859 1564 4924 ad
1588 4879 1794 4923 communem
1829 4856 2049 4920 defensionem
2081 4874 2173 4936 spec·

162 4959 313 5017 suarum,
344 4960 440 5021 quam
467 4965 526 5027 pro
555 4944 607 5009 his
636 4942 869 5009 conservandis
891 4943 932 5007 ad
961 4944 1140 5008 contentio·
1193 4951 1273 5021 tent,
1296 4943 1365 5008 sive
1386 4964 1452 5026 qua
1473 4945 1538 5010 alia
1559 4947 1648 5010 iussa
1670 4941 1875 5028 capessenda
1911 4938 2029 5006 Omnis
2048 4939 2172 5018 anima,

160 5045 222 5089 nes
243 5045 347 5106 usque
370 5025 570 5096 laborarent:
595 5051 713 5113 nempe
736 5051 837 5112 quum
861 5029 940 5094 adeo
957 5028 1052 5094 facile
1070 5030 1140 5111 qui·
1191 5028 1300 5110 inquit
1321 5029 1446 5093 Paulus
1468 5028 1577 5113 (Rom.
1601 5031 1713 5116 13,1),
1736 5028 1951 5114 potestatibus
1973 5024 2172 5091 sublimiori-

162 5147 294 5155 ——·
308 5148 367 5154 -··
1194 5114 1254 5178 166
1276 5112 1406 5177 6611116
1427 5114 1484 5194 611;
1507 5118 1563 5198 661
1585 5119 1673 5182 66116
1694 5115 1848 5200 potestati
1870 5114 2008 5188 resistit,
2031 5110 2098 5175 Dei
2119 5131 2171 5175 or·

233 5212 262 5280 l)
281 5212 367 5280 Epist.
388 5213 670 5273 5.e‹1mereeltnum
694 5218 781 5284 (138).
1194 5197 1353 5262 (1166110111
1375 5198 1506 5264 resistit.
1545 5203 1729 5267 Admonebo
1751 5202 1834 5279 11108,
1857 5199 1969 5265 floribit
1990 5197 2078 5263 idem
2094 5197 2171 5262 illito

1913 5300 1968 5353 70·
