4672 5842
154 390 161 399 Ι
248 306 309 367 aaa
903 244 1168 362 6161166616
1190 295 1294 361 666.
1316 293 1498 361 enarer.
1521 299 1612 359 1116.
2203 296 2270 357 666

209 461 216 467 ⁸
270 487 334 556 uod
356 484 565 563 centendunt,
589 484 660 568 regi
682 505 702 547 a
722 484 841 565 spiritu
862 496 984 561 saneto,
1008 506 1108 566 quam
1129 483 1228 548 fidem
1280 484 1401 547 lanum.
1448 484 1493 546 Et
1513 491 1643 547 caetera
1664 503 1746 564 quae
1774 482 1942 564 subiungit
1963 481 1998 545 16
2021 502 2099 546 6616
2120 501 2264 546 sensum

247 515 396 649 iecerint,
425 572 618 654 congregari
646 571 681 634 in
710 568 835 633 Christi
864 570 1005 634 nomine.
1057 568 1228 653 Siquidem
1281 567 1414 635 Similes
1439 570 1660 651 querimoniae
1678 569 1800 650 passim
1818 567 2002 632 6116166116
2020 566 2207 650 prophetis:
2229 576 2266 631 ut

248 670 316 726 tam
355 667 492 741 possunt
528 657 622 740 impii
660 655 862 738 improbique
893 656 1036 738 episcopi
1071 657 1228 721 adversus
1280 656 1365 719 nihil
1386 654 1452 719 illie
1475 655 1678 737 frequentius
1701 661 1855 718 recurrat

246 745 420 813 Christum
454 744 657 825 conspirare,
691 763 789 823 quam
817 741 951 805 boniet
976 743 1068 824 probi
1096 745 1131 806 16
1158 722 1255 813 eiusl
1367 747 1395 804 4.
1442 739 1510 805 Sed
1537 742 1625 804 enim
1653 740 1687 804 id
1713 741 1796 804 forte
1825 740 1912 803 inter
1939 738 2080 803 Iudaeos
2107 738 2264 817 valuerit;

246 831 496 897 661616666116.
534 830 643 893 Huius
666 829 712 891 rei
730 826 895 891 luculento
919 828 1011 891 nobis
1034 828 1228 892 documento
1281 836 1431 892 nostrum
1459 848 1537 890 voro
1565 827 1731 892 saeculum
1759 847 1779 889 a
1807 832 1898 890 tante
1923 825 2010 889 malo
2032 826 2183 889 immune
2205 840 2263 890 est

246 927 325 982 sunt
352 916 495 998 plurima
523 914 653 980 decreta
681 935 763 995 quac
791 934 811 976 a
838 913 959 977 talibus
986 915 1131 978 conciliis
1154 935 1227 996 pro-
1252 980 1255 995 ,
1280 914 1418 979 11116661
1450 913 1581 995 quidem
1617 921 1717 989 esset;
1751 934 1868 976 verum
1902 910 1997 975 aliter
2030 912 2099 975 fere
2126 912 2265 993 spiritus

247 1004 345 1068 diere.
383 999 452 1067 Sed
473 1002 534 1066 hoc
556 1008 668 1083 postca
688 997 862 1063 videbitur.
899 999 931 1062 N
934 1022 997 1064 unc
1015 1009 1143 1064 tantum
1163 1022 1228 1064 uno
1281 1008 1412 1063 sanctus
1440 999 1656 1064 denuntiavit.
1701 997 1801 1062 Clara
1829 998 1918 1061 enim
1946 1007 2023 1060 sunt
2050 998 2142 1062 Petri
2164 992 2265 1062 'verba

246 1090 347 1155 verbe
382 1086 576 1170 respondere,
608 1086 777 1150 Christum
809 1084 892 1148 nihil
918 1086 1063 1167 polliceri
1097 1086 1161 1150 nisi
1189 1086 1228 1149 iis
1281 1085 1315 1169 (2
1344 1086 1434 1149 Pctr.
1461 1089 1494 1161 2,
1522 1087 1567 1167 1);
1597 1083 1887 1165 quemadmodum,
1916 1084 2037 1165 inquit,
2066 1084 2204 1147 fuerunt
2230 1083 2264 1148 in

248 1177 305 1260 qui
327 1177 364 1238 in
391 1194 450 1238 suo
478 1173 609 1235 nomine
638 1179 886 1253 congregantur.
933 1170 1024 1250 Quid
1046 1193 1123 1254 ergo
1145 1171 1228 1235 illud
1253 1240 1255 1249 ,
1280 1172 1398 1253 populo
1417 1171 1519 1235 veteri
1537 1170 1849 1253 pseudoprophetae,
1869 1170 2071 1233 6166116161
2089 1191 2147 1234 vos
2166 1178 2265 1233 eruut

248 1263 293 1327 sit
319 1260 519 1323 definiamus.
565 1258 657 1340 Nego
679 1259 714 1320 iu
737 1255 862 1320 Christi
881 1258 1013 1321 nomine
1035 1257 1227 1341 congregari
1253 1278 1255 1291 ·
1280 1257 1353 1321 falsi
1388 1256 1549 1335 doctores,
1583 1264 1688 1321 sectas
1717 1253 1908 1337 perditionis
1940 1256 2157 1320 insinuantes
2204 1255 2265 1319 Vi-

249 1370 305 1413 666
332 1347 386 1427 qui
415 1343 539 1408 abiecto
568 1344 631 1407 Dei
662 1342 833 1415 mandato,
858 1364 921 1424 quo
943 1351 1034 1407 vetat
1051 1344 1227 1425 quidquam
1252 1310 1256 1419 l
1281 1343 1343 1406 den
1374 1353 1411 1406 ut
1442 1363 1508 1406 non
1544 1364 1564 1406 a
1596 1341 1731 1424 plebeiis
1758 1341 1931 1405 imminere
1959 1342 2142 1424 periculum
2170 1361 2265 1423 prae·

250 1433 324 1499 addi
354 1432 453 1496 verbe
482 1451 540 1493 suo
567 1441 625 1492 aut
647 1429 777 1492 detrahi
800 1427 914 1511 (Dout.
939 1435 967 1505 4,
992 1434 1026 1507 2;
1050 1432 1150 1512 Apoc.
1176 1434 1226 1507 22,
1253 1426 1255 1433 ’
1281 1428 1376 1502 (ficet,
1410 1427 1468 1493 sed
1495 1429 1536 1493 ab
1564 1429 1604 1492 iis
1633 1430 1688 1509 qui
1717 1427 1887 1492 doctorum
1915 1435 1948 1492 et
1976 1435 2146 1509 pastorum
2169 1428 2265 1493 titulo

253 1519 316 1601 18),
339 1517 469 1600 proprio
491 1514 625 1580 arbitrio
648 1513 777 1597 quidvis
795 1525 960 1591 statuunt;
983 1515 1038 1596 qui
1062 1537 1128 1579 non
1150 1536 1228 1578 eon·
1281 1536 1316 1583 66
1336 1514 1575 1580 venditabant?
1612 1515 1800 1590 Praeterea,
1820 1512 1946 1594 quoties
1963 1511 2128 1578 aChristo
2148 1514 2264 1578 eteius

249 1605 331 1669 tenti
354 1602 534 1684 scripturae
552 1600 701 1676 oraculis,
726 1601 786 1663 hoc
809 1608 859 1663 est
880 1602 976 1664 unica
996 1602 1157 1682 perfectae
1176 1622 1227 1665 sa·
1252 1632 1255 1701 1
1281 1601 1434 1682 apostolis
1452 1611 1502 1664 est
1519 1600 1724 1683 praedictum
1739 1600 1808 1662 fore
1827 1610 1864 1662 ut
1886 1621 1907 1663 a
1927 1599 2112 1680 pastoribus
2135 1619 2265 1664 summa

248 1690 389 1774 pientiae
417 1688 544 1770 regula,
574 1686 613 1751 de
641 1707 698 1751 suo
727 1687 832 1770 capite
854 1706 974 1750 novum
999 1687 1121 1768 aliquid
1142 1709 1228 1751 cem·
1280 1688 1435 1752 6661661116
1464 1686 1608 1769 pericula
1628 1684 1878 1768 impenderent?
1923 1684 1995 1748 Imo
2022 1685 2132 1767 palam
2156 1694 2265 1751 esten-

248 1776 479 1840 miniscuntur.
525 1772 623 1837 Certe
651 1794 753 1854 quum
777 1792 843 1836 nen
866 1773 1010 1837 conciliis
1031 1773 1229 1854 quibuslibet
1281 1773 1329 1837 dit
1350 1773 1473 1838 Paulus
1500 1773 1534 1855 (2
1558 1773 1672 1838 Thess.
1696 1775 1726 1850 2,
1750 1771 1796 1855 4),
1825 1792 1891 1834 666
1920 1770 1998 1835 alibi
2020 1792 2191 1836 sessurum
2207 1792 2266 1835 an·

248 1883 285 1927 66
311 1861 502 1924 adfuturum
528 1859 717 1940 promiserit
746 1856 913 1934 Christus,
946 1858 1003 1922 scd
1031 1859 1228 1942 peculiarem
1282 1859 1469 1924 tichristum
1485 1880 1585 1941 quam
1603 1859 1638 1922 in
1656 1857 1777 1940 templo
1795 1858 1867 1921 Dei.
1905 1854 1979 1936 Quo
2001 1857 2176 1941 signifieat,
2200 1859 2293 1923 non'

249 1955 362 2012 notam
381 1945 568 2027 apposuerit
589 1965 653 2026 qua
676 1965 753 2008 vcra
778 1952 812 2007 ct
836 1944 984 2027 legitima
1006 1946 1046 2010 ab
1070 1945 1141 2009 aliis
1164 1944 1229 2009 dis·
1281 1944 1414 2008 aliunde
1437 1955 1611 2009 venturam
1632 1942 1830 2009 horrendam
1851 1942 1944 2006 illam
1965 1943 2200 2022 calamitatem,
2226 1942 2264 2007 de

249 2043 414 2107 cerneret,
441 2052 502 2094 nes
531 2030 616 2094 hanc
643 2028 872 2094 discretionem
899 2031 1034 2095 minime
1062 2031 1229 2114 negligere
1281 2053 1346 2113 qua
1372 2032 1416 2094 ibi
1444 2031 1598 2113 loquitur,
1627 2031 1691 2095 nisi
1719 2029 1760 2094 ab
1788 2029 1828 2093 iis
1856 2028 1913 2111 qui
1939 2050 1998 2111 pro
2021 2029 2210 2111 pasteribus
2231 2030 2266 2093 iu

249 2118 410 2186 convenit
456 2116 528 2180 Hoc
550 2126 599 2180 est
626 2124 759 2198 pactmn
782 2114 869 2197 quod
892 2116 970 2179 olim
992 2137 1067 2180 cum
1089 2117 1229 2182 leviticis
1282 2116 1419 2181 ccclesia
1439 2117 1608 2182 sedebunt.
1643 2117 1690 2181 Et
1711 2114 1788 2179 alibi
1811 2115 1899 2264 31161.
1920 2119 1971 2192 20,
1990 2114 2057 2198 29),
2081 2116 2166 2180 tanti
2187 2115 2265 2181 mali

249 2203 470 2270 sacerdotibus
497 2203 589 2266 Deus
616 2203 753 2284 pepigit:
784 2211 821 2265 ut
848 2202 1002 2266 docerent
1030 2225 1149 2267 611616
1171 2225 1229 2267 666
1281 2200 1417 2267 exordia
1444 2204 1510 2266 iam
1538 2223 1638 2286 prope
1666 2203 1789 2266 instare
1836 2210 2024 2266 emonstrat
2070 2202 2159 2266 Nam
2187 2201 2266 2266 dum

250 2289 346 2373 (Mal.
378 2293 412 2365 2,
441 2287 484 2370 7).
535 2288 607 2351 1166
640 2309 768 2369 semper
800 2307 820 2351 a
847 2288 1015 2369 prophetis
1042 2289 1228 2371 requisivit;
1282 2290 1456 2371 ephesinos
1489 2290 1655 2372 episcopos
1683 2287 1875 2369 alloquitur:
1904 2287 1985 2364 6616,
2019 2286 2150 2371 inquit,
2179 2285 2265 2369 quod

251 2376 337 2441 hanc
364 2395 490 2457 quoque
517 2373 624 2456 legem
652 2373 801 2438 videmus
830 2374 983 2455 apostolis
1005 2375 1104 2439 fuisse
1126 2376 1229 2456 impe·
1282 2383 1356 2458 pest
1374 2375 1554 2440 discessum
1572 2396 1684 2439 meum
1705 2373 1877 2437 intrabunt
1897 2373 1933 2436 in
1954 2394 2013 2437 vos
2031 2373 2100 2456 lupi
2118 2395 2262 2456 rapaces,

251 2462 358 2527 sitam.
413 2459 480 2539 Qui
510 2459 572 2524 hcc
599 2469 729 2540 pactum
760 2460 899 2536 violant,
935 2480 990 2523 cos
1019 2482 1079 2525 nee
1107 2460 1229 2524 honore
1282 2482 1350 2524 non
1378 2471 1549 2543 parcentes
1579 2461 1686 2544 gregi;
1720 2467 1754 2523 et
1780 2481 1822 2522 ex
1850 2459 1943 2524 vebis
1970 2459 2050 2540 ipsis
2079 2470 2181 2524 erunt
2209 2461 2264 2543 qui

251 2546 433 2624 sacerdotii,
456 2565 518 2609 nec
535 2545 602 2610 ulla
619 2546 791 2609 autoritate
814 2545 969 2627 dignatur
991 2546 1091 2611 Deus.
1130 2547 1229 2611 Hune
1281 2547 1458 2628 loquantur
1479 2568 1649 2632 perversa,
1679 2551 1717 2609 ut
1738 2542 1903 2610 abducant
1925 2544 2098 2626 discipulos
2120 2552 2264 2627 1166166

252 2632 378 2698 6611616
396 2631 478 2696 mihi
497 2631 626 2696 solvant
643 2630 833 2708 adversarii,
852 2631 879 2693 61
892 2632 995 2696 velint
1014 2630 1111 2697 fidem
1121 2654 1230 2697 meam
1283 2633 1454 2713 Quantum
1483 2634 1568 2697 inter
1594 2639 1741 2714 pastores
1764 2631 1882 2695 afferre
1910 2631 2124 2714 corruptionis
2152 2632 2265 2712 potuit

250 2718 423 2784 hominum
451 2718 580 2800 placitis
606 2718 689 2781 citra
711 2717 775 2780 Dei
798 2716 935 2781 verbum
956 2720 1152 2800 mancipare.
1281 2719 1381 2802 longa
1408 2740 1569 2783 annorum
1597 2718 1707 2794 series,
1735 2738 1837 2798 quum
1859 2716 1986 2781 tantulo
2006 2714 2162 2797 temporis
2184 2738 2267 2797 spa-

338 2809 366 2882 3,
410 2804 497 2867 Nam
526 2803 610 2886 quod
638 2804 673 2865 in
700 2803 835 2868 ecclesia
862 2825 1031 2868 remanere
1059 2804 1231 2869 veritatem
1282 2806 1327 2869 tio
1350 2805 1548 2888 degenerare
1577 2805 1623 2869 sic
1649 2802 1836 2886 potuerint?
1881 2805 1941 2879 Ae,
1967 2822 2008 2865 ne
2035 2802 2268 2882 enumerando

250 2912 317 2955 non
336 2898 454 2973 putant
476 2890 642 2953 nisiinter
662 2901 809 2972 pastores
827 2897 960 2967 constet,
984 2912 1043 2955 666
1061 2891 1230 2955 6661661661
1282 2891 1424 2955 multum
1452 2891 1641 2956 chartarum
1670 2889 1833 2971 impleam,
1862 2889 2007 2953 omnium
2024 2888 2093 2951 lere
2113 2888 2268 2953 saeculo-

250 2977 358 3059 ipsam
391 2977 568 3040 consistere
597 2976 661 3040 nisi
688 2976 723 3039 in
747 2974 891 3040 conciliis
918 2976 1125 3057 generalibus
1149 2978 1229 3042 emi-
1282 2999 1358 3040 rum
1384 2978 1544 3060 exemplis
1570 2997 1752 3052 monemur,
1782 2996 1842 3040 nee
1869 2976 2041 3040 veritatem
2068 2994 2202 3056 semper
2230 2976 2265 3039 in

250 3071 337 3140 neat,
358 3062 500 3126 multum
520 3063 612 3126 abest
633 3062 712 3144 quin
733 3060 768 3124 id
790 3083 905 3126 verum
923 3082 1051 3144 semper
1071 3064 1178 3141 fuerit,
1202 3063 1230 3128 si
1282 3064 1358 3128 sinu
1386 3071 1555 3145 pasterum
1582 3063 1640 3140 ali,
1668 3084 1729 3127 nee
1757 3061 1912 3126 ecclcsiae
1939 3060 2201 3125 incolumitatem
2224 3061 2264 3125 ab

251 3169 331 3212 vera
352 3146 392 3211 de
414 3149 481 3210 suis
499 3148 698 3229 temporibus
716 3147 901 3212 testimonia
918 3149 1012 3212 nobis
1029 3149 1231 3230 reliquerunt
1283 3170 1396 3214 eorum
1423 3157 1511 3214 statu
1539 3149 1690 3231 pendere.
1740 3146 1888 3213 Docebat
1913 3146 2045 3229 quidem
2063 3146 2140 3210 illos
2162 3146 2263 3212 eccle·

274 3233 439 3315 rophetac.
485 3234 567 3297 Erat
594 3233 719 3298 Iesaiae
748 3243 893 3316 tempore
916 3233 1052 3299 ecelesia
1073 3234 1229 3299 Hieroso·
1283 3235 1434 3300 siastieae
1451 3236 1541 3318 pacis
1563 3255 1600 3299 ae
1622 3235 1748 3310 salutis,
1771 3235 1825 3299 cui
1846 3232 2088 3298 conservandae
2110 3232 2262 3297 (1661161111

250 3254 364 3404 lymis,
391 3341 492 3401 quam
513 3318 606 3384 Deus
633 3318 779 3383 nondum
806 3318 1002 3384 deseruerat.
1047 3319 1100 3384 Dc
1122 3330 1229 3404 pasto·
1282 3330 1368 3400 suut,
1387 3320 1554 3405 praesides
1571 3343 1642 3386 csse
1661 3343 1699 3386 ac
1716 3317 1880 3398 custodes;
1902 3317 1960 3384 sed
1983 3317 2074 3384 aliud
2096 3327 2148 3383 est
2168 3339 2261 3401 prae·

251 3406 341 3469 ribus
369 3425 447 3469 vero
475 3406 521 3470 sie
547 3404 690 3487 loquitur
717 3405 795 3487 (Ios.
826 3408 882 3483 56,
914 3404 1230 3489 10):·speculateres
1283 3415 1371 3473 61616
1394 3407 1480 3491 quod
1502 3408 1628 3486 debeas,
1653 3404 1750 3482 aliud,
1774 3405 1891 3470 dobere
1909 3403 1996 3487 quod
2017 3425 2085 3469 non
2105 3411 2259 3487 praestes

252 3491 322 3554 aius
342 3492 429 3555 caeci
451 3512 572 3568 omnes,
597 3512 700 3573 neque
718 3490 895 3573 quidquam
917 3502 1095 3570 noverunt;
1117 3515 1230 3558 omnes
1370 3498 1398 3556 5.
1443 3493 1558 3576 Neque
1575 3502 1687 3558 tamen
1704 3500 1817 3557 nostra
1834 3493 1899 3556 ista
1919 3491 2021 3556 verba
2038 3491 2074 3554 in
2092 3490 2168 3554 eam
2190 3511 2261 3573 par·

251 3597 350 3642 canes
377 3577 478 3654 muti,
511 3598 570 3640 nee
600 3576 711 3641 valent
733 3568 1039 3656 latrarc3‘iacentes
1065 3578 1231 3643 dormiunt
1281 3587 1347 3644 tem
1370 3580 1443 3661 quis
1465 3579 1610 3662 accipiat,
1633 3579 1728 3661 quasi
1755 3585 1926 3662 pastorum
1952 3577 2164 3642 autoritatem
2190 3597 2261 3658 1166·

250 3668 284 3727 61
308 3671 423 3726 amant
445 3662 682 3742 dormitionem,
705 3672 738 3727 et
759 3671 905 3747 pastores
925 3665 988 3747 ipsi
1009 3665 1093 3728 nihil
1123 3665 1231 3730 sciunt
1282 3666 1344 3730 sim
1371 3685 1408 3729 aa
1436 3673 1560 3730 temere
1587 3666 1743 3747 nulloque
1771 3665 1898 3729 delectu
1927 3663 2125 3728 labefactare
2153 3661 2260 3728 velim

249 3769 311 3814 nec
338 3748 529 3832 intelligunt
556 3760 590 3813 et
616 3750 651 3813 in
677 3750 867 3814 universum
897 3751 1077 3833 respiciunt
1098 3750 1139 3815 ad
1159 3751 1236 3817 vias
1283 3752 1426 3817 Tantum
1454 3753 1542 3816 inter
1570 3774 1625 3816 eos
1658 3753 1745 3835 ipsos
1774 3750 1935 3814 delectum
1968 3748 2158 3814 habendum
2190 3758 2262 3812 csse

250 3855 335 3898 suas.
389 3834 430 3898 11
462 3835 592 3900 eunden
618 3837 743 3900 modam
774 3836 872 3901 Oscos
899 3837 948 3920 (9,
973 3836 1023 3919 8):
1059 3837 1230 3917 6166116161
1281 3858 1407 3913 616666,
1430 3859 1482 3914 66,
1503 3839 1560 3920 qui
1582 3837 1744 3913 dicuntur,
1773 3856 1844 3900 esse
1865 3857 1993 3917 quoque
2014 3842 2163 3917 pastores
2184 3854 2263 3897 666-

251 3919 411 3999 prruim
439 3941 510 3985 61111
531 3921 613 4000 Deo,
642 3921 1230 4003 16116166161116,6111’1111“11616116
1282 3924 1374 3987 tinuo
1396 3924 1631 3988 existimemus.
1676 3925 1723 3987 At
1744 3943 1829 4005 papa
1850 3943 1923 3986 cum
1946 3930 2014 3985 tote
2037 3921 2265 4004 episcopcrum

250 4003 324 4069 Dei.
377 4006 407 4071 U
409 4006 440 4070 111
467 4008 582 4072 1161166
610 4028 659 4072 666
682 4007 750 4073 1166
771 4009 967 4088 6611119616,
988 4009 1159 4073 ausitidem
1179 4029 1230 4072 66
1281 4029 1418 4074 6661661
1446 4031 1561 4091 grege,
1591 4031 1657 4073 non
1685 4009 1749 4072 alia
1776 4009 1904 4072 ratione
1927 4008 1991 4072 6161
2013 4008 2091 4088 quia
2110 4013 2262 4087 pastores

249 4091 597 4172 6611611111661661111
624 4114 689 4158 esse
718 4095 809 4158 116661.
854 4092 1005 4158 Durabat
1026 4115 1154 4176 quoque
1177 4114 1229 4157 cc·
1281 4105 1523 4175 nuncupantur,
1546 4116 1683 4160 excussa
1704 4093 1795 4160 verbi
1817 4095 1882 4158 Dei
1906 4093 2099 4172 obedientia,
2120 4090 2264 4157 volvunt

249 4176 351 4242 alesia
372 4177 414 4242 ad
435 4187 564 4260 tempus
586 4180 753 4244 Ieremiac.
799 4179 982 4245 Audiamus
1003 4177 1082 4261 quid
1110 4180 1150 4244 de
1172 4202 1228 4263 pa·
1281 4181 1391 4244 6611116
1419 4190 1614 4263 versantque
1642 4202 1701 4264 pro
1727 4179 1876 4258 libidine;
1903 4179 2037 4244 interim
2064 4176 2263 4261 persuadere

249 4262 393 4329 storibus
422 4263 510 4329 dieat
537 4264 912 4351 (6131161411
940 4268 1099 4348 propheta
1126 4288 1229 4348 usquc
1282 4266 1500 4345 contendunt,
1529 4287 1600 4332 sese
1626 4268 1699 4332 luce
1725 4267 1875 4332 veritatis
1903 4265 2037 4330 destitui
2064 4286 2132 4329 666
2153 4285 2262 4347 pom

252 4349 296 4415 ad
318 4350 519 4415 sacerdotem
541 4351 677 4433 quisque
695 4359 839 4415 sectatur
862 4350 1080 4416 mendacium.
1127 4352 1227 4416 Item:
1282 4351 1434 4434 spiritum
1455 4353 1520 4416 Dei
1542 4364 1698 4436 perpetuo
1726 4352 1763 4416 in
1790 4374 1825 4418 se
1846 4351 2005 4430 residere;
2034 4350 2205 4417 ecelesiam
2228 4351 2263 4414 16

250 4436 430 4519 prophetae
464 4437 670 4501 mendacium
699 4438 897 4519 prophetant
925 4437 961 4500 in
988 4439 1120 4503 nomine
1146 4460 1228 4517 mco,
1282 4460 1317 4503 66
1335 4439 1520 4517 subsistere,
1540 4450 1573 4504 et
1591 4461 1702 4506 secum
1720 4439 1830 4503 emori.
1867 4436 1972 4518 Quasi
1989 4458 2068 4503 vero
2084 4438 2153 4503 iam
2169 4436 2263 4501 nulla

249 4543 351 4604 quum
373 4544 433 4605 ege
456 4544 522 4588 nou
544 4524 690 4587 miserim
715 4544 778 4601 eos,
802 4544 907 4604 neque
929 4525 1149 4607 praeceperim
1171 4525 1228 4589 eis.
1283 4525 1350 4590 sint
1383 4525 1517 4589 Domini
1552 4525 1687 4591 iudicia:
1722 4535 1761 4589 ut
1788 4524 1902 4589 eodem
1926 4545 2050 4607 poenae
2077 4542 2199 4607 genere
2227 4523 2263 4586 in

249 4610 301 4672 Ae
322 4630 364 4672 no
392 4609 512 4692 prolixi
534 4609 674 4675 nimium
701 4610 735 4673 in
763 4609 937 4674 recitandis
964 4611 1034 4675 eius
1056 4611 1164 4675 verbis
1187 4612 1230 4675 si·
1281 4610 1444 4675 mundum
1466 4611 1562 4677 hodie
1584 4611 1824 4677 animadvertat
1852 4631 1916 4692 quo
1936 4609 2048 4693 populi
2069 4609 2190 4675 veteris
2213 4609 2263 4673 in·

248 4714 334 4771 mus,
370 4695 524 4777 legantur
551 4716 634 4778 quae
663 4705 729 4759 toto
756 4696 910 4760 vicesimo
939 4698 1036 4761 tertio
1064 4697 1169 4779 capite
1198 4703 1231 4760 ct
1283 4697 1518 4780 gratitudinem
1536 4699 1709 4781 aliquando
1726 4698 1817 4762 ultus
1839 4705 1904 4773 cst;
1923 4716 2041 4778 nempe
2058 4703 2097 4762 ut
2112 4701 2263 4778 pastores

248 4777 500 4862 quadragesimo
522 4782 661 4865 scripsit
707 4782 801 4844 Tunc
822 4803 864 4845 cx
886 4782 990 4846 altera
1011 4791 1104 4865 parte
1127 4781 1230 4846 nihilo
1282 4784 1445 4864 percutiat
1472 4787 1626 4851 caecitate
1655 4793 1688 4849 et
1714 4792 1846 4865 stupere
1874 4782 1986 4866 (Zacb.
2018 4786 2073 4861 12,
2102 4782 2148 4866 4).
2194 4781 2262 4847 Nee

248 4866 364 4929 mitius
386 4866 421 4930 16
444 4868 575 4932 eosdem
592 4866 810 4932 invehebatur
829 4868 993 4933 Ezechiel.
1031 4868 1228 4944 Coniuratio,
1281 4869 1474 4952 intelligunt
1499 4871 1700 4937 stolidissimi
1729 4871 1893 4947 homines,
1923 4868 2060 4933 candem
2087 4889 2124 4933 se
2146 4889 2263 4934 canere

248 4950 357 5032 inquit
385 4953 457 5033 (22,
483 4956 553 5036 25),
582 4953 818 5037 prophetarum
846 4955 883 5018 in
911 4953 1017 5019 medio
1048 4955 1118 5019 eius
1145 4956 1230 5019 sicut
1283 4955 1480 5020 cantilenam
1507 4978 1605 5039 quam
1627 4957 1790 5022 canebant
1815 4955 1893 5020 olim
1914 4954 1963 5018 illi
1984 4956 2041 5036 qui
2063 4974 2140 5019 eum
2162 4953 2262 5020 verbe

249 5034 300 5098 leo
328 5037 462 5119 rugiens
490 5048 522 5104 61
550 5040 607 5121 qui
635 5040 720 5121 rapit
747 5039 901 5121 praedam
909 5063 916 5119 ;
949 5039 1132 5106 sacerdotes
1160 5040 1230 5105 eius
1283 5040 1346 5104 Dei
1365 5039 1650 5125 belligerabantur.
1686 5040 1742 5107 Sic
1760 5042 1849 5105 enim
1866 5063 1938 5106 sese
1955 5049 2069 5106 eontra
2088 5040 2263 5107 veritatem

250 5121 458 5187 violaverunt
483 5126 591 5208 legem
618 5146 741 5202 meam,
770 5133 805 5189 ct
831 5126 1090 5208 profanaverunt
1117 5136 1231 5191 sancte
1282 5127 1489 5192 instruebant
1515 5128 1625 5192 hostes
1652 5127 1826 5191 Ieremiae:
1855 5128 1964 5192 venite
1989 5135 2023 5191 et
2042 5127 2264 5209 cogitabimus

249 5226 337 5286 mea,
365 5230 425 5277 nec
454 5210 631 5278 discrimen
652 5212 802 5275 fecerunt
822 5212 909 5276 inter
929 5222 1082 5278 sanctum
1103 5219 1137 5277 61
1157 5233 1231 5294 1116-
1283 5221 1398 5277 666116
1430 5213 1604 5279 Ieremiam
1636 5215 1848 5298 cogitationes
1855 5237 1863 5292 ;
1896 5213 2156 5296 quandoquidem
2196 5233 2263 5278 nen
