4672 5842
229 284 295 348 ssa
788 346 793 355 ,
883 273 1149 343 mensurio
1171 275 1276 340 nan.
1300 273 1480 340 cuarsr.
1506 279 1597 338 1559.
2170 278 2241 369 =aa

237 492 303 556 quo
324 469 366 534 ad
392 466 553 532 iustitiam
581 465 842 548 consequendam
868 486 928 530 nos
955 466 1061 541 iuvet,
1090 462 1147 526 sed
1177 469 1214 526 ιιι
1267 461 1352 546 ((101.
1375 462 1492 546 1‚13),
1523 473 1556 528 et
1584 462 1707 527 similes
1735 463 1933 528 innumerae.
1978 461 2054 526 Non
2075 463 2165 527 enim
2185 470 2241 527 aut

238 559 308 642 ipse
340 557 382 619 sit
414 561 527 617 nostra
559 552 685 617 iustitia
717 551 749 632 (l
771 551 845 616 Cor.
874 556 900 628 1,
929 555 993 634 30).
1048 549 1214 613 Nimirum
1267 549 1504 631 comparandae
1524 548 1682 626 iustitiae,
1706 558 1763 613 aut
1784 548 1901 613 salutis
1922 555 2051 612 tantum
2074 548 2242 631 acquiren-

239 640 325 726 quod
346 641 381 702 in
402 638 473 721 ipso
492 638 585 703 electi
603 659 718 702 sumus
736 637 777 701 ab
795 637 988 700 aeternitate
1006 643 1082 700 ante
1098 632 1214 698 mundi
1267 634 1327 699 dae
1344 635 1533 701 facultatem
1551 634 1614 700 fide
1633 634 1759 700 Christi
1776 635 1944 717 obtingere
1966 635 2165 718 significant,
2188 633 2244 699 sed

239 727 518 802 constitutionem,
550 723 640 787 nullo
663 731 775 787 nostro
797 723 928 800 merito,
956 720 1013 786 sed
1036 719 1215 787 secundum
1268 731 1441 804 utrumque
1476 720 1570 786 nobis
1609 719 1732 784 donari.
1777 719 1920 784 Proinde
1956 720 2152 803 simulatque
2189 742 2245 803 per

239 811 341 877 divini
365 810 558 892 beneplaciti
580 810 798 892 propositum;
826 807 912 889 quod
933 808 1004 871 eius
1025 814 1131 870 morte
1153 806 1215 887 ipsi
1268 805 1365 871 fidem
1387 807 1531 871 insertus
1551 829 1587 872 es
1609 805 1758 882 Christo,
1792 807 1859 870 iam
1879 806 1966 871 filius
1987 807 2052 871 Dei
2072 808 2179 872 facttrs
2200 829 2243 884 es,

239 897 395 964 amortis
417 896 624 960 damnatione
647 894 806 975 redempti
835 915 873 958 ac
900 892 1030 957 liberati
1060 913 1079 955 a
1107 888 1222 975 perdi·¹
1267 892 1432 958 coelorum
1449 893 1575 971 haereo,
1599 892 1742 957 iustitiae
1764 893 1935 975 particeps,
1957 893 2044 956 vitae
2065 914 2244 975 possessor;

239 985 327 1049 tione
355 1003 482 1059 sumus;
511 980 596 1063 quod
617 982 652 1042 in
674 981 743 1062 ipso
772 980 916 1062 adoptati
939 1000 1053 1043 sumus
1075 978 1110 1040 in
1132 977 1216 1041 filios
1268 999 1306 1043 ac
1329 978 1408 1061 (quo
1435 978 1552 1043 melius
1579 998 1693 1043 corum
1721 977 1892 1042 mendacia
1919 978 2157 1061 coarguantur)
2179 1000 2246 1043 non

196 1130 208 1154 ,
239 1077 274 1135 et
294 1068 452 1133 haeredes
475 1088 494 1130 a
517 1076 611 1150 patre
638 1066 785 1143 eoelesti;
812 1065 898 1147 quod
924 1086 984 1147 per
1008 1065 1112 1147 ipsius
1141 1085 1216 1128 sau·
1268 1063 1405 1146 adeptus
1427 1064 1573 1129 merendi
1595 1066 1887 1146 opportunitatem,
1910 1063 1967 1128 sed
1989 1065 2099 1129 omnia
2119 1063 2246 1130 Christi

239 1156 374 1240 guinem
397 1153 473 1217 huic
495 1173 606 1215 sumus
629 1151 843 1229 reconciliati;
875 1150 962 1234 quod
983 1150 1031 1214 illi
1052 1152 1087 1213 in
1109 1157 1216 1215 custo·
1268 1151 1394 1227 merita,
1418 1151 1577 1232 siquidem
1601 1151 1661 1215 tibi
1683 1152 1972 1215 communicantur.

240 1241 329 1306 diam
351 1238 420 1303 dati
436 1237 593 1320 pereundi
611 1235 845 1319 excidendique
863 1236 1008 1318 periculo
1025 1236 1215 1313 eximimur;
1356 1241 1384 1299 7.
1429 1235 1482 1300 Ita
1515 1236 1703 1302 sorbonicae
1736 1236 1881 1313 scholae,
1917 1257 2067 1300 errorum
2098 1237 2246 1300 omnium

240 1324 327 1410 quod
345 1325 392 1388 illi
412 1326 458 1388 ita
475 1325 597 1401 inserti,
621 1325 686 1387 iam
704 1323 791 1387 vitae
809 1331 962 1386 aeternae
980 1319 1216 1405 quodammodo
1268 1330 1406 1400 matres,
1428 1322 1692 1387 iustificationem
1712 1321 1798 1398 fidei,
1820 1343 1903 1403 quae
1922 1323 2052 1404 pietatis
2074 1333 2124 1388 est
2143 1323 2247 1387 totius

241 1434 355 1478 sumus
376 1411 559 1493 participes,
582 1410 617 1472 in
639 1431 777 1491 regnum
796 1409 860 1473 Dei
883 1429 942 1490 per
964 1429 1054 1490 spem
1077 1407 1216 1491 ingressi
1268 1428 1410 1486 summa,
1433 1409 1526 1472 nobis
1548 1408 1762 1473 sustulertmt
1796 1407 1961 1472 Fateatur
1981 1407 2113 1490 quidem
2135 1408 2246 1484 verbo,

289 1493 1086 1581 ph.1,4;coll,14.2o;10ann.10,2sete.).
1132 1493 1217 1557 Nec·
1268 1494 1438 1558 iustificari
1458 1493 1523 1558 fide
1544 1494 1683 1558 formata
1704 1494 1885 1571 hominem,
1914 1493 1972 1558 scd
1999 1492 2034 1557 id
2060 1504 2173 1577 postea
2195 1494 2247 1557 in·

265 1605 321 1647 um
343 1582 430 1645 finis:
461 1580 546 1664 quod
575 1580 676 1644 talem
704 1581 774 1644 eius
795 1581 1077 1662 participationem
1099 1578 1216 1660 adepti,
1269 1587 1507 1662 tcrpretantur,
1533 1581 1689 1662 quoniam
1710 1600 1731 1643 a
1751 1580 1816 1643 fide
1837 1579 1961 1644 habent
1981 1579 2068 1645 bona
2089 1600 2189 1663 opera
2209 1589 2248 1643 ut

241 1679 406 1750 utcunque
432 1668 533 1731 simus
561 1666 667 1730 adhuc
693 1667 726 1730 in
757 1667 850 1730 nobis
883 1665 990 1743 stulti,
1023 1667 1092 1747 ipse
1125 1664 1217 1728 nobis
1270 1664 1312 1730 ad
1334 1667 1493 1730 iustitiam
1515 1665 1663 1744 valeant;
1691 1672 1730 1730 ut
1751 1686 1854 1747 paene
1876 1687 1934 1748 per
1955 1664 2135 1730 ludibrium
2158 1665 2247 1730 vide·

242 1776 352 1821 coram
373 1754 445 1817 Deo
467 1753 627 1834 sapientia
649 1761 712 1830 est;
742 1760 780 1814 ut
801 1759 987 1833 peccatores
1009 1751 1125 1827 simus,
1148 1750 1217 1833 ipse
1270 1759 1369 1816 antur
1401 1752 1572 1816 nominare
1603 1751 1716 1830 fidem,
1750 1752 1827 1832 quia
1859 1753 1929 1816 sine
1961 1752 2090 1834 ingenti
2122 1750 2248 1817 invidia

241 1840 335 1905 uobis
352 1839 490 1915 iustitia;
513 1847 550 1902 nt
567 1837 728 1901 immundi
745 1838 855 1914 simus,
878 1838 948 1920 ipse
965 1837 1058 1900 nobis
1075 1837 1217 1918 puritas;
1270 1836 1359 1902 sileri
1376 1859 1443 1902 non
1461 1844 1597 1920 poterat,
1616 1859 1719 1921 quum
1737 1837 1833 1902 toties
1851 1857 1871 1900 a
1890 1838 2052 1920 scriptura
2068 1845 2245 1920 repetatur.

240 1936 279 1990 ut
311 1924 434 2007 infirmi
466 1925 583 2002 simus,
617 1932 654 1986 ιιι
681 1924 822 1988 inermes
850 1930 883 1987 et
909 1930 1041 1987 satanae
1068 1921 1217 2003 expositi,
1269 1923 1418 1988 Necdum
1445 1924 1543 1988 ctiam
1572 1924 1730 2001 contenti,
1759 1924 1794 1986 in
1814 1923 1911 1988 laude
1932 1923 2091 1989 bonorum
2111 1944 2246 2005 operum

240 2021 354 2076 nostra
376 2018 486 2073 tamen
508 2018 558 2073 est
579 2031 663 2090 quae
688 2009 750 2091 ipsi
777 2009 853 2072 data
875 2015 925 2072 est
953 2010 988 2072 in
1016 2006 1106 2073 coelo
1129 2014 1162 2071 et
1183 2008 1217 2071 in
1269 2010 1341 2073 Deo
1380 2010 1586 2073 suffurantur
1624 2008 1711 2091 quod
1750 2008 1791 2073 ad
1831 2009 1997 2073 hominem
2036 2009 2244 2074 transferant

240 2105 329 2162 terra
351 2104 508 2179 potestas,
538 2116 603 2177 qua
624 2114 684 2178 pro
708 2095 800 2159 nobis
821 2103 970 2159 satanam
992 2100 1154 2172 conterat,
1184 2100 1218 2157 et
1269 2094 1358 2175 Quia
1379 2093 1493 2159 vident
1513 2116 1631 2179 parum
1648 2095 1759 2160 valere
1779 2093 1821 2159 ad
1842 2095 2009 2160 hominem
2031 2094 2246 2160 attollendum

240 2182 420 2246 inferorum
439 2191 549 2263 portas
567 2181 764 2264 confringat3
786 2192 824 2245 ut
841 2202 957 2262 corpus
973 2180 1087 2244 mortis
1109 2178 1217 2243 adhuc
1269 2180 1355 2246 bona
1383 2202 1497 2264 opera,
1530 2202 1567 2246 ac
1594 2203 1636 2245 ne
1664 2182 1781 2246 merita
1809 2178 1941 2264 quidem
1968 2182 2098 2263 proprie
2125 2183 2245 2259 vocari,

240 2266 411 2332 nobiscum
431 2267 707 2341 circumferamus,
732 2267 800 2348 ipse
822 2273 932 2331 tamen
953 2266 1046 2330 nobis
1068 2265 1136 2329 vita
1157 2272 1215 2330 cst
1270 2266 1298 2330 si
1320 2266 1450 2331 divinae
1478 2267 1603 2349 gratiae
1629 2267 1756 2332 fructus
1783 2274 1993 2344 censeantur,
2020 2288 2062 2330 ex
2090 2268 2124 2331 vi
2152 2267 2246 2332 liberi

240 2352 395 2416 Breviter
417 2351 502 2434 quod
524 2353 633 2416 omnia
653 2352 743 2416 illius
771 2363 885 2417 nostra
914 2360 1005 2429 sunt,
1034 2358 1068 2415 et
1092 2371 1152 2414 nos
1182 2352 1216 2413 in
1269 2351 1395 2417 arbitrii
1424 2373 1463 2416 ea
1489 2352 1640 2430 eliciunt,
1672 2351 1781 2417 oleum
1814 2353 1935 2418 scilicet
1962 2374 2001 2418 ex
2036 2351 2153 2434 lapide.
2197 2354 2246 2417 Ac

241 2437 297 2501 illo
320 2439 429 2501 omnia
451 2437 622 2516 habemus,
646 2439 679 2501 in
699 2438 793 2502 nobis
814 2438 905 2502 nihil.
951 2436 1061 2520 Super
1082 2436 1144 2500 hoo
1164 2436 1216 2499 in-
1269 2438 1481 2521 principalem
1502 2437 1634 2520 quidem
1657 2458 1788 2503 eausam
1815 2439 1850 2502 in
1878 2440 1986 2522 gratia
2007 2460 2077 2503 esse
2099 2459 2166 2502 non
2188 2461 2245 2504 ne-

242 2544 341 2605 quam
362 2522 614 2587 fundamentum
637 2523 800 2588 aedificari
824 2546 884 2589 nos
906 2523 1072 2599 convenit,
1104 2522 1132 2587 si
1160 2544 1216 2586 vo·
1269 2531 1363 2608 gant;
1386 2522 1443 2589 sed
1465 2545 1502 2589 ao
1523 2532 1636 2589 tamen
1654 2523 1856 2589 contendunt
1873 2545 1940 2589 non
1957 2524 2088 2590 excludi
2105 2524 2246 2590 liberum

241 2607 351 2673 lumus
371 2609 407 2671 in
430 2608 588 2690 templum
609 2610 751 2673 Domino
773 2617 924 2674 sanctum
945 2630 1098 2675 crescere.
1269 2610 1458 2686 arbitrium,
1486 2631 1545 2692 per
1571 2608 1657 2692 quod
1678 2609 1722 2675 sit
1743 2630 1839 2675 omne
1867 2611 2030 2675 meritum.
2074 2611 2187 2692 Neque
2208 2609 2244 2673 id

218 2758 223 2771 ,
330 2699 358 2757 6.
407 2695 454 2758 At
485 2694 582 2779 longe
614 2693 709 2758 aliter
741 2695 935 2778 iampridem
966 2696 1135 2769 institutus
1168 2700 1218 2758 est
1268 2693 1403 2760 tradunt
1423 2696 1617 2778 posteriores
1640 2694 1737 2759 modo
1757 2696 1935 2778 sophistae,
1965 2695 2154 2761 acdeorum
2173 2695 2243 2779 Py-

241 2778 338 2845 orbis.
388 2780 534 2863 Reperta
573 2789 651 2844 sunt
689 2781 825 2844 moralia
864 2781 972 2846 nescio
1011 2801 1093 2863 quae
1131 2780 1217 2845 bona
1269 2781 1424 2865 thagoras
1455 2780 1678 2859 Lombardus3
1696 2782 1721 2866 ¹)
1756 2802 1853 2864 quem
1885 2781 1913 2847 si
1945 2802 2021 2845 cum
2051 2782 2122 2847 istis
2154 2802 2243 2846 com-

242 2885 348 2949 opera,
372 2866 488 2948 quibus
510 2866 644 2949 gratiosi
661 2863 733 2929 Deo
754 2864 933 2931 reddantur
955 2866 1103 2931 homines
1124 2873 1216 2929 ante-
1268 2887 1377 2950 pares,
1412 2888 1529 2932 sanum
1562 2874 1595 2931 et
1625 2865 1769 2932 sobrium
1796 2888 1866 2932 esse
1893 2866 1991 2933 dicas.
2036 2868 2141 2932 Mirae
2167 2887 2244 2948 pro-

243 2972 342 3034 quam
376 2951 508 3017 (lhristo
543 2952 739 3016 inserantur.
794 2951 910 3032 Quasi.
929 2973 1007 3016 vero
1038 2951 1217 3015 mentiatur
1269 2953 1353 3018 fecto
1386 2954 1551 3019 caecitatis
1583 2952 1662 3031 fuit,
1695 2975 1797 3034 quum
1823 2954 2050 3036 Augustinum
2081 2954 2177 3017 toties
2209 2954 2244 3017 iu

242 3038 405 3118 scriptura
437 3058 538 3120 quum
571 3036 663 3113 dicit,
703 3038 738 3099 in
774 3046 879 3102 morte
914 3059 984 3102 esse
1017 3058 1129 3101 omnes
1162 3037 1217 3119 qui
1269 3059 1325 3104 ore
1358 3039 1508 3117 haberet,
1543 3060 1608 3103 non
1641 3038 1762 3105 vidisse
1797 3046 1921 3121 quanta
1948 3038 2164 3104 sollicitudine
2193 3039 2245 3103 vir

241 3121 349 3186 filium
365 3144 431 3185 non
454 3122 657 3205 possederint
674 3122 704 3203 (l
720 3122 833 3186 Icann.
849 3129 876 3201 5,
892 3123 955 3207 12).
996 3121 1034 3188 Si
1055 3123 1090 3186 in
1112 3130 1217 3186 morte
1268 3125 1323 3190 ille
1351 3126 1474 3189 caverit
1499 3146 1541 3189 ne
1565 3124 1632 3188 ulla
1656 3146 1699 3189 ex
1724 3125 1817 3190 bonis
1842 3126 1993 3207 operibus
2019 3125 2142 3208 gloriae
2168 3145 2244 3208 par-

242 3215 335 3283 sunt,
386 3206 526 3271 uomodo
547 3209 635 3272 vitae
657 3207 828 3272 materiam
851 3207 1068 3292 generarent?
1113 3206 1217 3289 Quasi
1268 3210 1369 3277 ticula
1396 3211 1430 3274 in
1463 3210 1630 3275 hominem
1660 3209 1871 3276 derivaretur.
1915 3209 2041 3293 Supra,
2075 3232 2176 3294 quum
2205 3210 2245 3274 de

241 3291 326 3358 nihil
350 3292 357 3304 ⁰
385 3291 429 3356 ud
451 3292 572 3371 valcat,
601 3301 772 3376 peccatum
794 3315 865 3359 esse
886 3293 1042 3378 quidquid
1062 3295 1101 3358 fit
1123 3303 1218 3358 extra
1266 3296 1370 3362 libero
1392 3295 1527 3360 arbitrio
1554 3296 1730 3379 disputatio
1757 3305 1857 3375 esset,
1886 3297 2096 3362 recitavimus
2124 3296 2247 3378 aliquot

241 3377 341 3442 fidem
368 3378 478 3462 (Rom.
502 3383 549 3456 14,
576 3378 647 3462 23);
702 3379 772 3444 uasi
800 3380 925 3445 arboris
952 3381 1058 3444 malae
1090 3380 1218 3462 possint
1268 3383 1303 3446 iu
1325 3382 1411 3446 hano
1432 3402 1503 3446 rem
1524 3383 1627 3464 ipsius
1650 3383 1846 3459 testimonia,
1869 3383 1988 3465 quibus
2009 3382 2131 3447 similia
2153 3382 2245 3447 iden·

243 3471 372 3527 exstare
400 3464 477 3528 boni
498 3464 633 3530 fructus.
679 3401 812 3530 derisa
838 3487 925 3544 vero,
953 3466 1009 3531 ubi
1033 3485 1125 3530 suam
1150 3466 1217 3529 vir-
1268 3466 1369 3533 tidem
1391 3468 1425 3531 in
1447 3468 1517 3532 eius
1540 3468 1669 3550 scriptis
1691 3475 1881 3548 recurrunt,
1908 3475 1947 3532 ut
1967 3488 2070 3550 quum
2091 3475 2183 3534 vetat
2204 3489 2245 3533 ne

242 3553 348 3613 tutem
376 3557 521 3627 exserat,
552 3549 631 3633 quid
662 3550 921 3634 pestilentissimi
947 3551 1111 3634 sophistae
1140 3550 1216 3615 reli·
1268 3553 1386 3619 merita
1413 3560 1527 3617 nostra
1553 3575 1692 3636 usquam
1718 3554 1890 3632 iactemua,
1918 3553 1996 3636 quia
2022 3561 2057 3619 et
2083 3555 2155 3637 ipsa
2180 3553 2243 3616 Dei

241 3633 406 3784 querunt?
450 3635 555 3699 Aiunt
584 3637 742 3701 meruisse
770 3636 864 3702 nobis
894 3637 1035 3720 primam
1065 3637 1215 3721 gratiam,
1269 3638 1354 3704 dona
1371 3645 1464 3719 sunt;
1485 3646 1519 3703 et
1536 3660 1639 3722 quum
1656 3639 1777 3718 scribit,
1800 3661 1896 3704 omne
1917 3640 2073 3704 meritum
2095 3646 2241 3704 nostrum

266 3741 303 3785 oc
332 3729 382 3785 est
409 3720 609 3785 occasionem
639 3721 786 3787 merendi
793 3747 801 3802 ;
834 3744 904 3787 esse
932 3724 999 3788 iam
1029 3730 1216 3787 nostrarum
1267 3724 1399 3790 nonnisi
1420 3746 1440 3789 a
1461 3726 1568 3808 gratia
1589 3746 1675 3804 esse,
1706 3747 1771 3788 non
1794 3726 1905 3807 parari
1925 3745 1984 3808 per
2006 3732 2153 3790 nostram
2174 3724 2242 3788 suf·

241 3806 394 3889 partium,
413 3807 574 3870 occasioni
592 3807 717 3872 oblatae
736 3829 801 3872 non
819 3807 938 3874 deesse.
983 3806 1216 3892 Oproiectam
1267 3810 1453 3889 ficientiam,
1482 3809 1540 3876 sed
1560 3831 1620 3894 per
1642 3812 1783 3894 gratiam
1805 3817 1911 3875 totum
1933 3812 2014 3890 fieri,
2041 3819 2100 3876 eta.
2115 3810 2145 3894 ²)
2188 3809 2241 3872 Ad

240 3892 418 3974 impietatis
436 3890 690 3976 impudentiam!
713 3894 786 3976 quis
804 3901 1023 3977 exspectasset
1040 3901 1079 3958 ιιι
1090 3892 1216 3959 Christi
1267 3896 1447 3979 scripturae
1468 3896 1575 3962 lucem
1596 3897 1787 3975 caecutisse,
1821 3897 1931 3961 minus
1951 3897 2073 3961 mirum
2080 3918 2089 3974 ;
2115 3897 2151 3959 in
2177 3916 2242 3976 qua

238 3996 359 4041 nomen
387 3978 537 4059 professi,
570 3978 665 4042 illum
694 3979 742 4043 ita
769 3979 970 4045 denudatum
998 4000 1058 4044 sua
1082 3981 1214 4059 virtute,
1267 4004 1332 4046 non
1360 3983 1407 4046 ita
1433 3981 1571 4047 feliciter
1593 3983 1807 4048 exercitatum
1833 3983 1934 4048 fuisse
1961 3989 2102 4065 apparet
2146 3979 2241 4044 Nihil

237 4067 369 4127 tantum
386 4083 453 4126 non
470 4063 658 4146 proculcare
677 4064 856 4130 auderent?
899 4066 974 4131 Hoc
992 4067 1215 4129 testimonium
1266 4074 1378 4131 tamen
1404 4066 1582 4133 desiderari
1616 4068 1719 4152 possit
1745 4067 1903 4133 adversus
1931 4088 1999 4135 eom
2023 4071 2052 4131 et
2078 4066 2147 4130 eius
2175 4066 2256 4130 (ἤι’

237 4147 287 4212 ι11ι
309 4147 431 4230 passim
454 4147 616 4227 redditur,
647 4151 732 4233 quod
754 4152 920 4217 iustificati
942 4153 1009 4217 sint
1029 4151 1215 4232 quicunque
1267 4153 1386 4234 aptes
1406 4152 1527 4218 eunus
1552 4155 1615 4219 iste
1642 4153 1780 4238 apostoli
1800 4153 1909 4219 verbo.
1953 4149 2133 4218 Inter-dicta
2154 4153 2244 4216 enim

237 4233 273 4298 in
296 4254 372 4298 eum
393 4232 545 4299 credunt:
568 4236 622 4300 isti
645 4236 727 4299 nihil
749 4236 839 4300 aliud
855 4237 1005 4302 beneficii
1022 4237 1063 4301 ab
1081 4258 1118 4300 eo
1139 4257 1215 4319 pro·
1267 4237 1465 4311 Christianis
1486 4241 1575 4304 omni
1597 4240 1804 4325 gloriatione,
1834 4239 1995 4304 rationem
2022 4259 2081 4305 cur
2107 4238 2244 4322 gloriari

236 4320 352 4386 venire
380 4317 507 4399 docent,
536 4321 599 4386 nisi
628 4329 667 4385 ut
692 4322 833 4406 singulis
861 4322 903 4387 ad
926 4344 962 4386 se
984 4323 1071 4404 ipsos
1097 4322 1214 4387 iustifi-
1267 4325 1359 4389 nefas
1381 4324 1433 4403 sit,
1463 4324 1633 4410 subiungit
1653 4326 1754 4410 (Eph.
1775 4329 1804 4406 2,
1826 4326 1894 4408 10):
1920 4326 1997 4408 quia
2024 4324 2090 4391 Dei
2116 4325 2245 4390 factura

237 4403 359 4472 candos
382 4412 495 4489 aperta
515 4407 558 4469 sit
579 4407 640 4470 via
686 4407 823 4472 Utinam
844 4428 922 4473 vero
944 4414 1116 4491 gustarent
1137 4408 1215 4489 quid
1267 4431 1395 4489 sumus,
1425 4413 1526 4476 creati
1547 4412 1589 4477 ad
1612 4411 1698 4477 bona
1719 4431 1831 4495 opera,
1860 4432 1944 4494 quae
1969 4412 2181 4495 praeparavit
2207 4419 2244 4474 ut

236 4492 299 4558 sibi
321 4491 427 4556 velint
443 4492 525 4555 istae
548 4493 743 4556 sententiae:
766 4492 870 4558 vitam
889 4492 1008 4558 habere
1031 4494 1215 4578 quicunque
1266 4496 1302 4560 in
1325 4496 1390 4561 illis
1412 4497 1623 4564 ambulemus.
1669 4497 1781 4578 Quum
1802 4519 1880 4580 ergo
1901 4496 1986 4561 nihil
2009 4519 2030 4562 a
2050 4497 2147 4561 nobis
2167 4496 2244 4561 boni

234 4577 341 4642 filium
373 4577 439 4642 Dei
474 4577 618 4643 habeant
651 4577 681 4662 (l
716 4578 828 4643 Ioann.
861 4583 889 4658 5,
924 4577 995 4664 12);
1029 4581 1215 4663 quicunque
1266 4581 1402 4663 prodeat
1423 4583 1485 4648 nisi
1507 4592 1669 4667 quatenus
1691 4584 1873 4667 regenerati
1896 4604 2017 4662 sumus,
2039 4583 2243 4667 regeneratio

236 4663 350 4744 credit,
379 4662 548 4729 transiisse
577 4685 597 4728 a
623 4669 730 4728 morte
756 4664 792 4728 in
820 4665 923 4730 vitam
945 4664 1074 4750 (Icann.
1096 4671 1124 4744 5,
1143 4667 1214 4750 24);
1267 4675 1376 4733 autem
1397 4676 1510 4734 nostra
1531 4678 1614 4750 teta,
1642 4672 1725 4736 citra
1746 4670 1985 4751 exceptionem,
2008 4669 2074 4734 Dei
2096 4670 2153 4746 sit,
2176 4687 2242 4731 non

234 4749 429 4815 iustificatos
451 4771 521 4814 esse
544 4772 603 4814 nos
630 4749 720 4816 illius
748 4752 868 4835 gratia,
897 4759 933 4816 ut
959 4751 1117 4817 haeredes
1144 4753 1214 4817 effi·
1266 4763 1317 4820 est
1348 4777 1406 4820 cur
1438 4756 1569 4822 unciam
1596 4756 1689 4821 nobis
1716 4757 1751 4819 in
1780 4754 1875 4820 bonis
1888 4756 1917 4840 ³)
1945 4755 2099 4839 operibus
2126 4752 2242 4817 vendi-

235 4856 386 4901 ceremur
412 4835 499 4900 vitae
527 4844 679 4901 aeternae
702 4836 812 4921 (Rom.
833 4841 861 4916 3,
881 4836 952 4923 24);
981 4837 1093 4903 fideles
1116 4836 1213 4904 Chri·
1266 4861 1385 4906 cemus.
1426 4841 1598 4907 Postremo
1609 4841 1688 4906 dum
1702 4840 1830 4906 assidue
1847 4841 2015 4907 inculcant
2031 4839 2117 4906 bona
2132 4859 2242 4923 opera,

236 4927 325 4985 stum
352 4919 473 4985 habere
500 4921 535 4985 in
563 4944 598 4988 sc
623 4930 827 5004 manentem,
855 4945 915 5007 per
944 4945 1040 5007 quem
1061 4924 1134 4989 Deo
1156 4924 1214 4989 ad·
1617 4926 1621 4932 ’
2220 4945 2224 4951 “

235 5004 396 5069 haereant
430 5006 461 5088 (l
487 5006 601 5071 Ioann.
630 5014 658 5088 3,
683 5010 756 5094 2⁴);
795 5011 970 5093 participes
1009 5009 1095 5074 vitae
1134 5012 1212 5091 eius,

235 5088 350 5155 sedere
372 5111 446 5189 cun
472 5092 545 5173 ipso
567 5093 602 5156 in
623 5095 815 5192 coelestibus
837 5096 937 5180 (Eph.
957 5099 987 5174 2,
1007 5095 1056 5180 6>3
1083 5095 1214 5161 traduc-
1334 5132 1364 5199 ι)
1381 5133 1455 5185 utar.
1474 5130 1499 5182 a.
1517 5137 1585 5183 seni.
1604 5133 1667 5186 ua.
1686 5130 1726 5184 aa.
1780 5132 1811 5198 a>
1828 5134 1862 5186 In
1880 5134 1952 5187 ree.
1971 5131 2028 5185 ιιι.
2047 5149 2069 5186 0.
2090 5132 2129 5183 11.
2154 5133 2242 5200 apae

236 5180 288 5239 tos
316 5194 387 5240 esse
412 5198 449 5240 m
478 5197 617 5259 regnum
645 5178 725 5259 Der,
760 5189 794 5244 et
826 5182 966 5247 salutem
999 5194 1215 5265 consequutos
1266 5200 1317 5254 105
1334 5198 1419 5268 (194).
1473 5198 1503 5266 3)
1521 5199 1637 5252 Unciam
1655 5201 1756 5254 nostra
1775 5204 1902 5271 operibus
1921 5198 2125 5256 laea-1637..
