4672 5842
117 297 181 361 853
451 296 541 361 LIB.
564 296 625 360 IV.
669 294 991 363 6661666616
1013 296 1179 364 MEDHS
1200 296 1266 363 ΑΙ)
1289 296 1520 365 autumna
1565 297 1665 366 (lAP.
1688 302 1785 365 vm.
2062 311 2127 372 814

116 486 152 567 16
174 491 302 566 partem
324 485 566 562 constituerint,
591 485 725 548 firmum
745 484 863 549 animis
884 486 1006 550 nostris
1028 492 1094 551 sta·
1148 486 1211 551 cite
1234 486 1401 552 continere
1408 511 1416 565 3
1444 509 1486 552 66
1508 490 1536 554 61
1558 489 1689 571 proprio
1711 511 1809 556 sensu
1832 489 1962 574 longius
1984 513 2128 576 evagan-

118 579 254 653 tumquo
272 571 335 635 sit:
367 578 404 633 ut
424 571 493 637 6166
516 570 593 654 6611
613 569 840 651 probaverint,
870 572 979 654 ipsum
1001 571 1095 637 nobis
1148 580 1212 650 tur,
1235 592 1255 635 a
1275 579 1366 637 reeta
1386 574 1442 653 616
1462 575 1613 656 protinus
1635 573 1796 654 aberrent,
1820 586 1980 659 quatenus
2003 577 2127 647 seilicet

116 656 210 722 nulla
232 654 433 721 dubitatione
457 656 597 739 probari,
612 657 636 740 Ι)
665 657 734 721 6166
756 655 833 740 6611
856 656 1093 736 damnaverint,
1148 658 1267 740 spiritu
1290 658 1346 724 illo
1367 659 1477 724 adhue
1499 660 1595 727 vacui
1615 666 1703 738 sunt,
1726 683 1791 744 quo
1813 661 1882 727 solo
1904 662 2040 728 docente
2067 687 2125 732 66-

116 743 151 807 11
173 763 300 825 queque
320 763 380 824 pro
403 742 557 807 damnato
579 764 650 806 esse
672 751 827 825 oporteat
872 742 1012 807 Interim
1034 763 1095 808 sua
1147 766 1222 807 rum
1250 764 1270 806 a
1295 744 1376 809 falso
1405 744 1609 811 discernitur.
1656 744 1780 812 Omnes
1809 748 1897 812 onim
1924 770 1999 814 eum
2020 750 2127 816 Paulo

115 827 253 894 libidine
279 836 530 911 contemptoque
557 826 622 892 Dei
650 830 749 894 verbo
778 828 904 894 cudunt
932 828 1093 912 dogmata,
1148 829 1249 913 (Phil.
1275 833 1303 908 3,
1326 829 1380 915 12)
1402 832 1564 910 16166166,
1588 854 1623 897 66
1645 833 1793 897 nendum
1817 834 1859 898 ad
1880 841 2004 898 metam
2025 836 2126 918 porti·
2231 878 2233 882 »

116 914 234 998 quibus
247 921 373 996 postea
402 913 501 979 fidem
527 915 590 979 hae
618 916 744 979 ratione
775 914 889 978 haberi
916 914 1093 996 postulant
1147 916 1242 998 m'sso.
1272 916 1389 999 Itaque
1411 917 1453 981 ad
1474 919 1703 999 quotidianum
1724 920 1907 1001 profectum
1924 921 2029 1005 magis
2048 941 2126 986 eon·

117 1001 187 1065 Nee
209 1000 298 1064 enim
321 1001 536 1065 christianum
558 1022 644 1078 esse,
673 1001 737 1065 nisi
759 1000 871 1082 quiin
895 1001 1005 1064 emnia
1034 1022 1095 1066 sua
1147 1001 1287 1066 tendunt
1307 1023 1406 1085 quam
1427 1005 1624 1085 perfectione
1642 1004 1836 1087 gloriantur.

118 1087 280 1169 dogmata,
299 1092 368 1149 tam
385 1087 583 1151 affirmativa
600 1107 696 1168 quam
719 1085 882 1170 negativa,
906 1094 994 1150 certo
1018 1106 1094 1152 oon·
1236 1091 1284 1151 12.
1330 1085 1397 1153 Sed
1408 1090 1593 1173 excipient,
1615 1089 1772 1173 quidquid
1791 1092 1914 1173 partim
1937 1099 2126 1158 sanctorum

117 1172 253 1250 seutiat;
276 1173 303 1236 si
325 1193 393 1235 non
415 1172 570 1254 exphcita
591 1170 664 1250 fido,
688 1179 800 1237 tamen
822 1170 994 1254 implicita:
1018 1173 1095 1255 quia
1146 1173 1321 1256 unicuique
1352 1174 1523 1255 tribuitur,
1550 1175 1585 1240 id
1612 1176 1743 1258 penitus
1764 1185 1798 1241 et
1819 1175 1860 1240 61
1881 1177 2016 1258 plenum
2037 1198 2126 1244 eom-

116 1279 217 1341 penos
239 1258 409 1323 eeclesiam
430 1260 473 1321 sit
494 1257 632 1324 condere
654 1278 756 1322 novos
776 1257 854 1322 fidei
875 1257 1039 1322 articulos.
1146 1268 1258 1343 petere
1279 1260 1314 1325 in
1335 1261 1442 1342 ipsam
1463 1261 1641 1326 ecclesiam
1675 1261 1749 1325 Hoc
1771 1264 1901 1327 tametsi
1923 1263 2024 1327 habet
2044 1284 2126 1329 nou-

206 1348 252 1407 11.
266 1389 273 1405 .
287 1343 438 1408 Primum
457 1343 628 1409 audiamus
645 1344 764 1426 quibus
786 1344 990 1426 argumentis
1008 1344 1094 1409 hauc
1146 1345 1273 1421 nullam
1295 1348 1364 1411 veri
1388 1348 1537 1429 speciem,
1561 1369 1678 1411 verum
1698 1354 1810 1411 tamen
1835 1369 1906 1412 osso
1929 1369 2022 1433 nego.
2068 1347 2126 1416 Sic

117 1430 272 1495 eeclesiae
300 1429 412 1495 datam
438 1431 645 1495 autoritatem
668 1431 876 1508 confirment,
906 1427 1093 1496 16161661-
1145 1430 1277 1513 quidem
1300 1432 1438 1515 singulis
1465 1432 1620 1498 membris
1643 1433 1810 1497 distribuit
1830 1434 1923 1499 Deus
1946 1434 2031 1500 dona
2058 1437 2124 1520 spi·

117 1516 267 1599 dabimus
297 1522 457 1598 quantum
485 1538 539 1581 ees
565 1517 657 1581 iuvet
678 1514 763 1598 quod
788 1515 827 1580 de
855 1515 992 1581 ecelesia
1014 1515 1093 1581 alle-
1147 1517 1230 1582 ritus
1256 1519 1308 1582 sui
1338 1517 1380 1583 ad
1408 1539 1611 1596 mensuram,
1640 1526 1678 1583 61
1704 1521 1830 1601 corpori
1859 1521 2013 1586 universo
2040 1520 2125 1586 nihil

117 1609 206 1687 gant.
251 1601 453 1680 Praeclarus,
477 1603 645 1685 inquiunt,
668 1601 900 1684 promissiones
921 1602 1020 1666 habet
1041 1622 1092 1667 ee-
1147 1602 1232 1667 desit
1251 1605 1488 1682 necessarium,
1516 1604 1571 1669 ubi
1595 1604 1680 1669 dona
1701 1605 1773 1686 ipsa
1794 1606 1831 1668 in
1852 1626 2025 1670 commune
2048 1628 2125 1672 eon-

118 1688 227 1766 elesia,
251 1687 339 1770 quod
359 1709 530 1771 nunquam
552 1710 572 1752 a
593 1708 712 1771 sponso
735 1709 794 1752 suo
818 1686 951 1751 Christo
973 1689 1016 1751 sit
1038 1687 1094 1752 de-
1145 1689 1305 1754 feruntur.
1349 1690 1477 1755 Vormn
1506 1690 1588 1755 tales
1611 1696 1690 1756 sunt
1715 1712 1843 1773 semper
1865 1690 2019 1756 ecclesiae
2041 1691 2125 1759 1161-

118 1773 265 1852 serenda,
288 1775 369 1855 quin
391 1774 460 1839 eius
482 1776 599 1857 spiritu
627 1773 765 1839 ducatur
786 1774 821 1837 in
850 1794 980 1837 omnem
1009 1775 1093 1839 veri·
1145 1775 1225 1852 tiae,
1254 1784 1293 1838 61
1313 1776 1456 1839 multum
1478 1776 1563 1841 desit
1583 1775 1624 1841 ad
1646 1797 1807 1840 summam
1836 1776 1928 1840 illam
1954 1778 2125 1858 perfectio-

115 1867 226 1924 tatem.
269 1860 317 1924 At
348 1881 426 1926 vero
457 1882 500 1924 ex
533 1860 803 1943 promissionibus
836 1880 917 1941 quas
951 1859 1093 1943 allegare
1146 1882 1222 1925 nem
1244 1883 1343 1944 quam
1365 1863 1545 1927 adversarii
1567 1863 1671 1927 nostri
1691 1864 1823 1927 iactant
1869 1862 1938 1928 Nec
1961 1862 2034 1927 ideo
2056 1862 2125 1929 ulla

118 1946 239 2025 solent,
270 1945 392 2010 multae
418 1968 485 2011 non
507 1948 616 2010 minus
638 1945 788 2010 fidelibus
811 1945 965 2027 singulis,
994 1967 1094 2028 quam
1145 1946 1182 2009 in
1209 1954 1304 2028 parto
1334 1947 1521 2012 destituitur
1554 1948 1703 2027 ecclesia,
1738 1949 1816 2030 quin
1849 1969 1979 2029 semper
2005 1947 2126 2014 habeat
2186 1972 2187 1977 ¹

116 2032 178 2095 toti
206 2030 360 2096 ecelesiae
389 2032 483 2096 datae
512 2040 599 2096 sunt
650 2031 737 2095 Nam
765 2031 896 2096 tametsi
923 2031 1094 2098 duodecim
1145 2041 1306 2114 quantum
1333 2035 1412 2099 satis
1435 2035 1491 2114 sit;
1521 2035 1614 2098 novit
1640 2035 1729 2098 enim
1757 2033 1920 2098 Dominus
1948 2033 2027 2115 quid
2054 2034 2124 2100 eius

114 2117 269 2201 apostolis
290 2116 482 2200 loquebatur
498 2118 671 2196 Dominus,
694 2138 795 2199 quum
812 2116 940 2182 dicebat
957 2117 1090 2201 (Matth
1144 2120 1321 2184 nenessitas
1350 2120 1504 2202 requirat.
1549 2119 1677 2184 Verum
1698 2126 1736 2182 ut
1756 2139 1828 2184 eam
1856 2118 1917 2184 sub
1939 2119 2125 2194 humilitate

115 2208 165 2283 28,
186 2201 258 2287 20):
284 2224 358 2269 ecoe
380 2225 440 2287 ego
464 2204 631 2269 vobiscum
654 2224 728 2267 sum
749 2224 853 2285 usque
876 2202 917 2267 ad
939 2223 1092 2268 eonsum—
1146 2212 1180 2266 et
1211 2204 1267 2287 pia
1298 2206 1458 2270 modestia
1490 2205 1672 2283 contineat,
1711 2226 1778 2268 uon
1809 2205 1884 2287 plus
1918 2205 1949 2269 61
1982 2205 2034 2270 166
2058 2206 2124 2271 'tur

74 2335 81 2348 .
113 2290 449 2369 mationemsaeeuli3
471 2291 552 2354 item
575 2289 702 2373 (Ioann.
726 2293 774 2367 14,
797 2287 865 2372 16);
888 2309 949 2372 ego
971 2290 1092 2372 rogabo
1145 2310 1244 2371 quam
1265 2292 1357 2355 novit
1378 2291 1542 2374 expedire.
1586 2288 1663 2356 Scio
1685 2291 1764 2373 quid
1791 2290 1845 2354 hio
1867 2311 1995 2374 quoque
2017 2291 2123 2356 6166-

113 2383 257 2457 patrcm,
286 2383 320 2439 et
341 2375 442 2440 alium
469 2375 673 2458 paracletum
694 2374 784 2439 dabit
805 2374 913 2452 vobis,
941 2374 1092 2458 spiritum
1145 2385 1216 2440 tere
1237 2377 1371 2455 soleant,
1393 2377 1564 2443 ecelesiam
1585 2377 1708 2442 scilieet
1728 2376 1921 2440 mundatam
1939 2397 2010 2441 esse
2032 2377 2124 2443 lava·

115 2461 239 2526 seilicet
266 2461 428 2541 veritatis,
466 2483 533 2527 non
565 2469 693 2525 tantum
728 2480 866 2523 numero
895 2460 1091 2526 duodenario
1144 2482 1325 2545 croaqnae
1347 2463 1382 2527 16
1400 2462 1501 2528 verbo
1521 2464 1618 2542 61166,
1640 2469 1679 2527 61
1699 2469 1786 2527 esset
1802 2462 1874 2527 sine
1891 2484 1976 2546 ruga
1998 2469 2032 2526 61
2052 2482 2123 2528 ma·

114 2546 149 2611 id
170 2547 394 2629 promittebat,
423 2546 481 2612 661
502 2547 570 2612 illis
591 2567 720 2629 queque
747 2545 901 2629 singulis,
930 2548 996 2610 imo
1018 2547 1091 2611 aliis
1144 2547 1219 2613 cula
1240 2549 1341 2632 (Eph.
1362 2554 1390 2629 5,
1410 2549 1481 2632 26);
1504 2558 1539 2612 et
1559 2548 1631 2614 ideo
1654 2548 1731 2612 alibi
1754 2549 1864 2614 vocari
1882 2548 2069 2614 columnam
2090 2556 2123 2613 et

114 2632 265 2703 similiter
293 2632 461 2718 discipulis
488 2633 542 2701 vel
569 2654 650 2715 quos
681 2633 748 2696 iam
780 2640 1016 2714 assumpserat,
1039 2633 1092 2698 661
1143 2635 1388 2699 firmamentum
1406 2633 1839 2719 666116116(1Τ1ι6.3,15).
1869 2635 1996 2698 Verum
2012 2633 2123 2715 priore

113 2721 170 2802 qui
189 2729 302 2802 postea
323 2719 486 2786 accessuri
513 2726 615 2784 erant
661 2713 773 2798 Quum
800 2728 910 2782 autom
934 2718 1091 2783 eiusmodi
1143 2719 1213 2784 loeo
1245 2720 1351 2804 magis
1383 2720 1517 2787 docetur
1548 2720 1626 2803 qnid
1658 2717 1809 2803 quotidie>
1835 2726 1988 2802 operetur
2019 2721 2055 2782 in
2083 2740 2123 2785 ea

111 2806 352 2889 promissiones,
371 2807 510 2871 eximiae
530 2803 760 2870 consolationis
775 2804 898 2887 plenas,
919 2804 966 2870 616
987 2804 1092 2869 inter·
1144 2804 1305 2885 Christus,
1329 2828 1428 2888 quam
1450 2804 1527 2889 quid
1549 2803 1615 2870 iam
1636 2806 1817 2888 perfecerit
1850 2805 1936 2870 Nam
1958 2805 1985 2870 si
2008 2824 2122 2871 omnes
2199 2810 2202 2817 ’

112 2898 301 2973 pretautur,
329 2895 422 2974 quasi
449 2891 575 2957 nemini
600 2889 866 2955 Christianorum
894 2890 988 2955 datae
1015 2891 1090 2971 sint,
1142 2892 1180 2955 iu
1201 2889 1270 2958 1166
1288 2893 1478 2970 sanctificat,
1496 2899 1668 2975 expurgat,
1690 2891 1822 2973 expolit,
1842 2890 1979 2956 maculis
1997 2889 2122 2955 abster-

113 2975 170 3040 sed
204 2977 378 3043 universae
417 2977 515 3043 simul
552 2977 720 3042 ecelesiae:
760 2975 839 3058 quid
871 2976 959 3040 aliud
992 2998 1090 3058 quam
1143 2978 1200 3061 git,
1223 2984 1311 3042 certe
1332 2978 1440 3042 adhue
1462 2980 1575 3043 naevis
1597 3000 1635 3043 ae
1652 2978 1744 3062 mgis
1763 2976 1957 3059 quibusdam
1974 2997 2122 3060 aspersos

114 3060 315 3128 Christianis
337 3065 490 3130 omuibus
513 3062 666 3144 fiduciam
693 3060 816 3126 tollunt
837 3083 921 3145 quae
948 3061 1090 3128 indeed
1143 3085 1214 3128 6666
1236 3085 1414 3147 eorumque
1437 3063 1686 3129 sanctificationi
1720 3061 1832 3128 deesse
1866 3061 2017 3126 nonnihil
2045 3083 2122 3128 cen·

114 3147 202 3230 ipsos
224 3149 411 3216 animandos
437 3148 543 3215 redire
571 3146 748 3214 debuerat?
793 3147 907 3231 Neque
929 3148 984 3212 hie
1006 3170 1090 3233 nego
1143 3158 1219 3215 stat
1262 3150 1444 3217 Ecclesiam
1465 3171 1543 3216 vero
1566 3157 1713 3215 sanctam
1735 3156 1768 3213 et
1788 3148 2035 3213 immaculatam
2054 3148 2122 3214 iam

114 3232 194 3314 quin
216 3239 287 3299 tota
306 3232 454 3299 fidelium
476 3236 622 3315 societas,
644 3232 821 3316 multiplici
850 3233 1012 3299 donorum
1032 3257 1090 3300 va-
1142 3236 1277 3317 ponitus
1305 3258 1343 3302 ae
1370 3236 1461 3300 omni
1494 3257 1536 3301 ex
1561 3243 1655 3319 parte
1682 3256 1829 3314 censere,
1858 3234 1953 3308 euius
1973 3233 2122 3301 membra

115 3318 231 3383 rietate
251 3319 427 3401 instructa,
454 3321 553 3404 longe
575 3319 726 3404 ampliori
754 3327 787 3399 61
815 3319 959 3385 uberiori
987 3322 1090 3387 coele·
1143 3322 1254 3385 omnia
1285 3322 1452 3391 maculosa
1484 3329 1519 3385 et
1552 3321 1704 3386 nonnihil
1736 3322 1867 3402 impura
1899 3320 1979 3398 sint,
2021 3340 2122 3402 quam

114 3404 174 3468 stis
197 3405 373 3487 sapientiae
395 3404 550 3472 thesauro
572 3402 720 3489 praedita
741 3405 798 3484 611,
823 3427 922 3489 qnam
944 3428 1091 3473 seorsum
1142 3408 1241 3472 inane
1260 3429 1297 3473 ac
1319 3408 1503 3473 fabulosum
1525 3407 1596 3471 est?
1633 3407 1759 3471 Verum
1783 3412 1833 3471 est
1853 3405 1956 3489 igitur
1977 3405 2122 3472 sanetifi-

114 3489 252 3572 singuli;
273 3513 379 3574 neque
402 3493 464 3557 hoo
486 3493 533 3558 ita
553 3489 703 3557 fidelibus
726 3495 944 3557 communiter
966 3493 1090 3560 dietum
1143 3500 1250 3559 catam
1276 3515 1346 3560 esso
1376 3494 1545 3559 ecclesiam
1567 3514 1587 3557 a
1609 3492 1756 3571 Christ03
1786 3498 1821 3557 at
1841 3493 1912 3556 eius
1939 3492 2122 3558 sanctifica·

114 3595 186 3639 esse
204 3576 286 3654 volo,
305 3578 396 3660 quasi
414 3579 531 3662 spiritu
549 3577 785 3662 intelligentiae
807 3586 840 3643 61
860 3578 1027 3646 doetrinae
1048 3603 1091 3645 ex
1143 3580 1242 3646 tionis
1259 3580 1391 3644 initium
1407 3580 1461 3645 hie
1477 3578 1641 3644 duntaxat
1655 3579 1789 3658 visitur;
1810 3579 1886 3643 finis
1904 3576 2122 3643 6666616611-

112 3680 218 3743 aequo
247 3681 360 3727 omnes
388 3665 549 3747 polleant3
578 3663 636 3729 sed
662 3663 739 3746 quia
760 3664 1002 3730 concedendum
1024 3688 1090 3731 uon
1143 3665 1221 3729 dum
1243 3665 1523 3748 complementum
1550 3665 1693 3730 exstabit
1714 3685 1817 3747 quum
1838 3671 1971 3729 sanetus
1992 3669 2122 3727 sancto·

112 3756 164 3812 est
197 3746 393 3815 adversariis
421 3750 561 3829 Christi,
594 3759 632 3815 nt
660 3749 702 3815 ad
730 3748 952 3815 defensionem
983 3752 1090 3818 malae
1142 3773 1217 3816 rum
1239 3751 1393 3817 Christus
1413 3773 1476 3816 666
1497 3772 1570 3816 cam
1587 3752 1761 3816 sanctitate
1779 3771 1856 3814 6666
1876 3756 1909 3812 61
1925 3748 1963 3810 16
1980 3746 2122 3811 solidum

112 3853 231 3898 causae
257 3835 454 3918 scripturam
479 3839 515 3901 in
536 3837 682 3902 alienum
708 3857 842 3901 sonsum
864 3835 1088 3920 detorqueant
1141 3837 1298 3920 implebit
1342 3838 1470 3903 Verum
1490 3845 1540 3902 est
1561 3836 1670 3912 etiam,
1683 3835 1804 3900 deletas
1827 3854 1897 3898 esse
1920 3832 2123 3896 616666666-

112 3919 254 3998 Verum,
279 3920 341 3984 hoe
363 3921 497 4002 emisso,
521 3922 713 4004 simpliciter
741 3922 846 3986 fateor
872 3922 906 3986 id
928 3922 1016 4005 quod
1036 3946 1089 4001 res
1141 3924 1190 3988 las
1219 3931 1252 3989 61
1279 3945 1394 4007 rugas;
1423 3922 1480 3988 scd
1506 3924 1555 3987 ita
1576 3930 1615 3985 ut
1636 3920 1779 4004 quotidie
1802 3917 1913 3982 adhue
1940 3916 2121 3999 deleantur,

113 4006 230 4084 habet,
263 4005 447 4070 Dominum
474 4020 631 4090 perpetuo
659 4009 727 4074 suis
755 4007 868 4074 adesse
892 4016 925 4074 61
946 4030 1001 4075 666
1022 4011 1089 4092 spi·
1142 4009 1244 4076 donee
1266 4033 1323 4075 suo
1345 4008 1487 4074 adventu
1511 4007 1664 4073 Christus
1686 4002 1842 4088 quidquid
1869 4002 2038 4068 residuum
2061 4009 2119 4082 661,

113 4091 181 4155 6116
202 4113 261 4156 666
282 4113 397 4175 regere
419 4093 450 4176 (1
471 4092 547 4158 Cor.
570 4098 599 4172 2,
620 4095 683 4178 12).
728 4094 829 4160 Hunc
846 4096 999 4178 spiritum
1020 4118 1088 4161 non
1141 4098 1273 4179 penitus
1299 4098 1432 4160 auferat
1477 4093 1551 4158 Nisi
1574 4093 1664 4155 enim
1686 4092 1747 4155 hoc
1769 4089 1958 4173 recipimus,
1988 4110 2121 4156 necesse

113 4197 185 4242 6666
206 4178 337 4257 erroris,
359 4179 583 4262 ignorantiae,
602 4180 764 4246 mendacii
786 4188 845 4246 aut
864 4183 1074 4248 tenebrarum
1081 4207 1089 4262 ;
1142 4183 1206 4247 erit
1236 4189 1275 4246 ut
1301 4201 1377 4246 cum
1403 4177 1594 4260 Pelagiauis
1622 4197 1821 4255 asseramus,
1851 4176 2029 4258 perfectam
2050 4196 2121 4241 6666

113 4263 171 4328 661
193 4273 300 4329 666166
319 4265 535 4343 revelationis,
558 4265 923 4347 6661661166666116116,
942 4270 1088 4349 6616616,
1141 4268 1289 4333 fidehum
1310 4265 1472 4331 iustitiam
1493 4264 1530 4327 in
1548 4263 1610 4329 hae
1632 4264 1715 4344 vita;
1737 4284 1812 4327 cum
1830 4260 1985 4327 Catharis
2003 4269 2036 4325 61
2052 4261 2121 4325 Do-

114 4370 135 4412 a
156 4370 220 4431 quo
242 4372 310 4414 non
338 4350 498 4416 fallaciter
520 4348 648 4416 discant
669 4373 752 4433 quae
779 4353 842 4418 sibi
864 4352 984 4418 donata
1008 4356 1088 4436 siut;
1142 4354 1285 4432 66116116,
1314 4351 1442 4416 nullam
1476 4349 1512 4413 in
1540 4349 1677 4415 ecelesia
1709 4349 1935 4413 infirmitatem
1968 4347 2120 4412 feramus.

113 4433 176 4500 hoe
198 4446 262 4515 661,
290 4457 372 4518 qnae
395 4438 438 4503 sit
459 4458 533 4519 spes
554 4437 734 4501 vocationis
756 4460 849 4517 suae,
880 4447 913 4504 et
934 4463 1017 4524 quac
1040 4441 1088 4505 11-
1141 4441 1237 4505 Alter
1258 4438 1364 4515 loeus,
1394 4435 1529 4501 6161111
1550 4436 1701 4515 61116666,
1731 4456 1866 4517 prorsus
1893 4433 1994 4497 alium
2023 4429 2122 4497 habet

114 4520 214 4586 vitiae
241 4523 363 4605 gloriae
389 4523 603 4588 haereditatis
629 4523 695 4587 Dei
720 4523 758 4587 in
785 4525 908 4590 sanetis
937 4527 1036 4611 (Eph.
1060 4532 1087 4606 1,
1140 4547 1274 4591 sonsum
1295 4545 1394 4607 quam
1416 4519 1600 4586 intendunt.
1644 4520 1709 4587 Ubi
1732 4521 1821 4585 euim
1839 4518 2048 4584 Timotheum
2069 4517 2122 4582 in·

117 4605 180 4690 le).
233 4607 359 4674 Verum
394 4631 496 4692 quum
528 4608 706 4693 primitias,
740 4616 774 4673 et
807 4611 970 4691 quendam
1004 4613 1088 4677 dun-
1141 4612 1249 4678 stituit
1268 4610 1409 4688 Paulus,
1429 4606 1523 4674 etad
1542 4630 1657 4674 verum
1678 4607 1822 4690 episcopi
1843 4603 2122 4697 officiumforma·

113 4699 209 4757 taxat
235 4703 367 4775 gustum
389 4697 459 4782 eius
487 4695 622 4781 spiritus
646 4695 828 4778 percipiant
848 4696 883 4760 in
906 4698 968 4763 hac
991 4719 1089 4763 carne
1141 4699 1204 4777 611,
1234 4696 1313 4763 dicit
1334 4718 1369 4762 so
1390 4695 1463 4760 idco
1486 4694 1615 4772 fecisse,
1644 4700 1682 4757 ut
1702 4692 1785 4758 sciat
1805 4690 1946 4775 qualiter
1973 4694 2123 4771 oporteat

113 4775 241 4856 fidelos,
270 4782 368 4854 etiam
388 4783 445 4864 qui
468 4780 752 4847 excellentioribus
780 4781 896 4864 gratiis
917 4805 996 4866 prae
1016 4785 1088 4849 aliis
1141 4785 1248 4867 ipsum
1270 4783 1395 4849 versari
1417 4782 1452 4845 16
1475 4779 1620 4846 66616616.
1660 4780 1711 4844 Ac
1733 4799 1796 4861 quo
1818 4777 1940 4841 maiore
1963 4773 2122 4858 religione

114 4859 228 4927 donati
249 4874 341 4946 sunt;
370 4868 453 4932 nihil
475 4868 540 4934 illis
562 4868 669 4951 potius
697 4874 802 4932 restat
823 4889 921 4950 quam
942 4870 1088 4937 imbecil·
1142 4878 1176 4934 ct
1196 4869 1306 4936 studio
1333 4870 1368 4933 iu
1397 4888 1468 4932 earn
1491 4888 1561 4930 rom
1583 4867 1732 4932 intentus
1754 4870 1855 4940 esset,
1878 4861 2048 4944 subiungit
2068 4880 2121 4926 ee·

112 4946 217 5014 litatis
239 4972 317 5016 suae
339 4955 482 5021 conscios
504 4975 575 5021 sese
596 4955 684 5019 intra
700 4954 793 5021 verbi
814 4954 880 5020 Dei
896 4956 979 5022 finos
1001 4956 1089 5023 solli·
1141 4955 1276 5022 alesiam
1297 4956 1403 5121 1ὅ6661
1424 4972 1496 5018 6666
1518 4952 1706 5018 columnam
1727 4972 1765 5015 ac
1787 4948 2047 5014 stabilimentum
2063 4965 2121 5013 66-

1141 5043 1256 5107 6116116.
1336 5038 1392 5104 611
1418 5046 1528 5102 autom
1561 5037 1650 5101 aliud
1678 5035 1739 5101 sibi
1767 5035 1882 5101 velunt
1907 5034 1988 5122 haec
2009 5031 2119 5112 verba,

1141 5150 1240 5211 quam
1261 5128 1296 5190 in
1317 5125 1453 5190 ecclesia
1480 5123 1668 5188 conservari
1689 5122 1753 5188 Dei
1776 5122 1963 5199 veritatem,
1991 5117 2121 5201 praedi-

183 5223 213 5292 1)
231 5225 372 5293 probarint
391 5225 467 5281 1⁶⁰7·
486 5227 561 5284 1617-
1141 5213 1280 5283 emonis
1307 5211 1432 5277 scilieet
1464 5208 1667 5277 ministerio?
1721 5206 2007 5291 Quemadmodum
2041 5203 2121 5271 alibi

1858 5304 1914 5362 ΜΟ
