4672 5842
17 295 158 396 'sss
321 325 412 392 ure.
434 326 498 390 m.
542 326 607 390 nu
629 322 766 391 noue
787 323 1139 395 rmorrmaosn
1161 325 1353 395 onstsn
1375 327 1594 394 sesama.
1639 325 1740 394 err.
1762 328 1876 395 Μ
2042 334 2108 397 aas

96 525 152 583 tus
174 523 258 597 erat:
286 513 400 580 eodem
428 515 546 597 spiritu
569 514 823 592 sanctificatum,
854 516 910 597 qui
930 515 1077 580 iustitiae
1130 516 1230 582 rerba
1261 525 1294 581 et
1320 537 1341 580 a
1367 517 1529 582 Nehemia
1557 515 1601 597 (l,
1625 517 1658 600 t)
1687 522 1889 599 repetuntur.
1935 517 2108 601 Siquidem

95 604 202 670 cultor
229 609 316 680 erat,
345 621 443 682 quam
470 600 559 665 illius
586 599 804 664 certissimum
833 621 904 665 esse
931 601 1076 666 fructum
1130 603 1229 667 utin
1257 603 1408 668 omnibus
1435 602 1677 668 misericordiae
1704 623 1782 667 suae
1809 604 1913 685 pactis
1935 605 2107 689 integrita-

95 688 261 772 apestolus
284 687 377 751 docet
398 685 488 768 (Gal.
510 690 545 762 5,
565 685 609 769 5).
653 685 706 750 Ea
728 686 838 768 itaque
860 687 972 750 emnia
994 707 1076 769 quae
1128 695 1195 751 tem
1223 709 1261 753 ac
1288 689 1539 753 sanctimoniam
1566 688 1653 753 vitae
1684 689 1830 756 vicissim
1859 710 1879 753 a
1905 691 2009 756 servis
2038 693 2107 757 suis

93 776 166 841 Deo
193 774 356 857 placuisse
385 772 421 835 in
449 792 488 836 eo
514 772 716 847 referuntur,
753 770 895 836 habebat
920 772 960 836 ab
987 772 1076 836 tuae
1128 773 1222 837 Deus
1249 774 1439 856 stipulatur,
1468 796 1510 839 ue
1536 773 1677 839 ludibrio
1706 777 1749 840 sit
1769 795 1829 838 sua
1850 774 1993 854 bonitas,
2021 797 2107 842 neve

94 860 216 946 gratia;
249 865 379 924 tantum
408 858 500 922 abest
527 863 565 921 ut
592 856 633 922 ad
662 878 735 921 eam
761 857 983 939 recipiendam
1010 857 1076 923 illis
1128 860 1201 940 quis
1230 859 1323 923 inani
1352 860 1392 925 ob
1415 881 1488 924 eam
1520 859 1738 926 exsultatione
1773 860 1936 943 turgidus,
1973 861 2106 927 benedi·
2152 880 2156 889 ·

94 967 154 1012 suo
172 953 278 1011 marte
294 966 330 1010 se
346 951 565 1027 praepararet.
599 942 700 1008 Nulla
717 964 796 1008 saue
807 944 987 1025 scripturae
1009 943 1076 1028 syl·
1128 953 1181 1010 cat
1218 947 1347 1010 animae
1380 967 1473 1023 suae,
1510 944 1681 1010 ambulans
1715 945 1848 1009 interim
1879 947 1915 1010 in
1943 949 2106 1029 pravitate

94 1033 171 1098 labe
191 1032 382 1114 proferetur,
405 1049 488 1111 quae
510 1050 575 1093 non
593 1029 669 1093 huie
687 1026 854 1094 doctrinae
875 1030 1073 1095 consentiat:
1127 1029 1233 1096 cordis
1255 1032 1320 1096 sui:
1348 1032 1395 1094 ita
1423 1030 1458 1095 in
1484 1030 1624 1095 foederis
1651 1031 1914 1096 communionem
1937 1032 2106 1113 admissos,

94 1140 160 1183 non
182 1138 253 1183 esse
275 1116 374 1181 aliam
388 1113 460 1179 Deo
483 1135 616 1180 oausam
629 1113 771 1178 hominis
794 1113 836 1178 ad
849 1114 1074 1197 serecipiendi
1126 1116 1201 1182 vult.
1221 1116 1283 1181 hac
1306 1118 1359 1182 via
1380 1117 1415 1179 in
1437 1117 1543 1181 officio
1565 1119 1741 1182 continere.
1777 1117 1889 1181 Nihilo
1911 1125 2021 1183 tamen
2043 1120 2106 1183 mi·

94 1203 158 1268 nisi
179 1204 257 1285 quia
278 1199 383 1267 modis
409 1199 562 1266 omnibus
586 1199 753 1283 perditum
776 1200 866 1265 videt
887 1201 916 1266 si
938 1200 1000 1265 sibi
1022 1222 1075 1266 rc-
1125 1224 1189 1267 nus
1210 1203 1324 1268 foedus
1345 1203 1456 1285 ipsum
1478 1210 1511 1266 et
1528 1203 1710 1286 gratuitum
1725 1203 1819 1266 initio
1830 1203 1955 1281 feritur,
1979 1211 2013 1267 et
2028 1226 2104 1287 pcr-

93 1290 277 1372 linquatur;
303 1285 469 1369 perditum
490 1296 600 1350 autem
621 1285 782 1368 quianon
805 1287 891 1361 vult,
921 1308 1016 1351 suam
1038 1287 1074 1350 in
1125 1295 1225 1372 petuo
1254 1288 1319 1353 tale
1346 1296 1466 1352 manet
1515 1287 1691 1354 Secundum
1717 1288 1798 1352 heac
1819 1289 1973 1355 reticeam
1993 1289 2105 1355 David

94 1377 164 1458 ipso
185 1373 355 1440 liberando
377 1371 635 1437 misericordiam
656 1392 817 1437 exercere.
862 1372 959 1438 Nunc
983 1372 1074 1437 vide·
1126 1374 1160 1457 (2
1186 1372 1276 1439 Sam
1301 1379 1357 1451 22,
1389 1373 1462 1459 20),
1494 1374 1638 1456 quamvis
1663 1375 1825 1453 praedicet
1856 1374 1918 1439 sibi
1949 1377 2106 1441 redditam

94 1482 168 1525 mus
190 1467 228 1524 ut
249 1460 314 1525 ista
335 1459 478 1541 acceptio
501 1480 566 1522 non
590 1457 730 1522 heminis
756 1457 919 1523 iustitiam
940 1466 1072 1540 spectet,
1123 1461 1225 1542 fuisse
1251 1461 1418 1525 mercedem
1439 1460 1597 1540 paritatis
1623 1479 1788 1538 moneam,
1817 1481 1879 1525 nea
1905 1465 2007 1526 temera
2036 1463 2105 1544 foa·

95 1547 153 1613 sed
174 1567 296 1630 purum
322 1545 366 1610 sit
387 1543 518 1609 divinae
540 1565 620 1626 erga
640 1543 777 1608 miseros
800 1552 954 1627 tantoque
975 1543 1073 1609 bene·
1124 1551 1184 1610 tem
1205 1546 1298 1611 illum
1318 1566 1409 1629 quera
1430 1547 1535 1610 notavi
1553 1547 1712 1627 praeterit,
1735 1546 1816 1626 qaod
1833 1550 1988 1611 retractas
2004 1549 2105 1628 suerit

95 1634 169 1699 ficio
190 1633 288 1716 longe
314 1630 559 1713 indignissimos
586 1640 773 1711 peccatores
799 1628 955 1695 bonitatis
977 1629 1073 1695 decu·
1126 1631 1166 1697 ab
1186 1638 1287 1711 utero,
1317 1633 1397 1713 quie
1417 1630 1507 1696 Deus
1529 1652 1598 1696 eam
1619 1631 1745 1695 dieses
1772 1630 1828 1696 abi
1849 1632 1897 1694 ite
1916 1634 2107 1698 commendat

95 1730 253 1784 mentum
1006 1762 1015 1777 1
1125 1738 1239 1782 caesae
1256 1739 1335 1782 sace
1356 1717 1533 1795 benemar,
1563 1722 1598 1780 ut
1624 1716 1708 1781 nibil
1728 1719 1849 1799 deroget
1867 1717 2027 1798 cretatae
2048 1718 2106 1782 mi·

185 1809 212 1868 5.
246 1804 426 1884 Postquam
439 1822 516 1867 vero
529 1801 691 1866 Dominus
713 1802 879 1866 homiuem
897 1823 940 1866 ex
957 1802 1075 1886 abysso
1126 1804 1322 1882 aeicordiae,
1345 1824 1424 1884 ettae
1440 1805 1524 1868 dona
1541 1805 1656 1880 omnia,
1679 1823 1811 1884 querum
1833 1803 1919 1884 oripo
1940 1809 1994 1880 eet,
2012 1825 2107 1886 prae·

96 1889 287 1974 perditionis
309 1888 483 1954 reductum
504 1887 565 1951 sibi
581 1907 641 1968 per
658 1888 799 1969 gratiam
817 1886 1001 1969 adoptionis
1024 1909 1075 1953 ae·
1126 1891 1217 1954 veuit.

96 1977 276 2061 gregrarit,
310 1974 387 2056 quia
413 1973 506 2037 illum
535 1973 742 2056 regeneravit
768 1994 806 2038 ao
827 1974 1018 2039 reformavit
1040 1974 1074 2037 in
1215 1978 1242 2038 6.
1289 1979 1397 2057 Atque
1426 1974 1480 2040 hie
1502 1973 1608 2039 obiter
1627 1981 1741 2039 uetare
1763 1974 1920 2055 profuerit
1941 1974 2019 2056 quid
2041 1975 2108 2041 dis·

95 2082 215 2128 novam
238 2063 354 2138 vitam,
382 2060 448 2123 iam
474 2067 512 2122 ut
540 2079 659 2125 novam
682 2066 883 2137 ereaturam,
912 2080 987 2125 cum
1008 2059 1075 2141 spi·
1127 2068 1200 2124 tint
1226 2062 1307 2125 istae
1335 2061 1488 2143 loquendi
1508 2062 1632 2125 formae
1662 2082 1681 2124 a
1703 2058 1862 2143 legalibus
1884 2061 2108 2143 promissioni·

95 2149 179 2212 ritus
206 2148 258 2212 sui
284 2146 378 2211 donis
407 2145 623 2227 amplectitur.
668 2145 761 2210 Haec
782 2144 840 2209 illa
861 2154 912 2210 cst
932 2145 1075 2226 acceptio
1127 2147 1197 2212 bus.
1231 2147 1372 2230 Legales
1394 2147 1627 2230 promissiones
1640 2145 1776 2227 appello,
1800 2165 1866 2208 non
1888 2167 1970 2227 quae
1987 2147 2108 2228 ubique

95 2234 188 2299 euius
214 2232 366 2297 meminit
392 2231 526 2308 Petrus,
556 2252 623 2312 qua
650 2240 724 2313 post
751 2253 845 2296 suem
871 2232 1075 2297 vocationem
1128 2253 1262 2314 sparsae
1284 2243 1362 2297 sunt
1383 2231 1528 2297 inlibris
1547 2231 1697 2296 mosaicis
1720 2230 1864 2316 (quaudo
1885 2232 1919 2294 in
1941 2231 2007 2297 illis
2029 2253 2108 2315 quo·

95 2320 168 2385 Deo
191 2317 305 2383 fideles
326 2316 564 2400 approbantur,
594 2337 729 2398 eperum
758 2338 886 2399 quoque
908 2323 1075 2399 respectu:
1129 2339 1192 2400 que
1210 2318 1419 2401 evangelicae
1437 2318 1560 2382 multae
1572 2318 1772 2399 occurrunt),
1796 2315 1853 2380 sed
1874 2337 1957 2398 quae
1979 2318 2109 2400 proprie

97 2405 175 2488 quia
200 2405 364 2469 Dominus
394 2423 460 2467 non
489 2423 600 2466 amare
632 2409 665 2465 et
697 2403 836 2468 oseulari
864 2423 930 2466 uon
959 2412 1075 2484 potest,
1129 2402 1170 2468 ad
1198 2403 1280 2487 legis
1308 2404 1526 2468 ministerium
1555 2404 1726 2485 pertinent.
1772 2402 1940 2467 Eiusmodi
1969 2406 2108 2486 promis-

99 2512 183 2573 quae
250 2511 267 2553 r
293 2490 445 2572 spiritum
463 2509 570 2552 suum
598 2489 633 2552 in
661 2487 727 2551 illis
750 2489 849 2553 efficit
869 2489 963 2554 bena.
1008 2488 1076 2552 Ve-
1129 2489 1250 2566 siones,
1279 2511 1473 2571 quocunque
1501 2488 1635 2553 nomine
1664 2509 1779 2553 vocare
1805 2488 1919 2564 libeat,
1949 2490 2009 2556 sub
2032 2511 2108 2555 cen·

98 2576 204 2640 rumi
247 2596 375 2658 semper
396 2575 554 2639 memoria
576 2573 790 2655 repetendum
813 2581 872 2650 est,
896 2594 962 2638 neu
981 2574 1077 2638 aliter
1130 2575 1266 2652 ditione,
1300 2576 1327 2638 si
1360 2575 1476 2640 feceris
1504 2574 1589 2657 quod
1623 2575 1682 2639 tibi
1711 2573 1924 2656 praecipitur,
1959 2584 2110 2657 paratam

97 2683 232 2727 oerum
264 2663 391 2726 ratione
423 2660 496 2724 illos
529 2681 600 2725 esse
629 2660 701 2724 Dee
729 2667 877 2742 acceptos
907 2659 973 2724 nisi
1001 2659 1078 2741 quia
1130 2683 1201 2725 esse
1222 2661 1522 2726 remunerationem
1544 2659 1747 2724 denuntiant
1786 2661 1834 2724 At
1856 2680 1955 2742 quum
1978 2660 2108 2740 dicitur,

97 2684 229 2812 iderunt
250 2768 350 2813 causa
371 2755 404 2810 et
425 2748 461 2809 ia
479 2747 633 2830 metam,
660 2746 817 2826 quidquid
843 2745 991 2811 bonorum
1010 2765 1077 2826 epe
1129 2747 1311 2811 Dominum
1332 2746 1496 2811 custodire
1516 2752 1652 2829 pactum
1671 2745 1911 2811 misericordiae
1933 2745 1974 2810 iis
1995 2747 2051 2829 qui
2074 2768 2110 2812 se

99 2854 171 2898 rum
191 2833 327 2911 coaddit,
349 2831 564 2897 liberalitates
584 2851 677 2898 mam
698 2832 852 2914 eugendo,
881 2852 940 2896 sua
961 2851 1078 2912 qaoque
1131 2832 1280 2916 diligunt,
1304 2834 1410 2916 magis
1432 2832 1676 2897 demonstratur
1697 2832 1809 2915 quales
1822 2831 1997 2897 suntillius
2011 2834 2107 2910 servi,

101 2921 286 3002 acceptione
313 2917 476 3017 dignatur.
520 2917 617 2984 Unde
649 2918 737 2982 enim
764 2917 829 2982 illis
856 2918 943 2982 bona
970 2937 1077 3000 opera,
1130 2919 1188 3001 qui
1208 2918 1379 2984 bonafide
1406 2921 1476 2984 eius
1497 2918 1611 2983 foedus
1633 2917 1849 3001 susceperint,
1878 2938 1977 2999 quam
1999 2920 2109 3001 expri-

100 3006 164 3070 nisi
196 3004 283 3088 quod
309 3005 475 3069 Domrnus
507 3003 595 3082 illes,
629 3001 907 3086 quemadmodum
935 3023 1016 3067 vasa
1042 3004 1078 3066 iu
1130 3015 1241 3070 matur
1273 3026 1372 3070 causa
1404 3027 1462 3070 cur
1493 3005 1559 3069 illis
1586 3002 1750 3069 Dominus
1782 3002 1971 3068 benefaciat.
2015 3003 2109 3070 Haec
2225 3017 2230 3024 ’

101 3091 260 3157 honorem
292 3091 404 3173 elegit,
437 3090 484 3153 ita
516 3089 588 3154 vult
615 3111 695 3156 vera
726 3090 869 3171 puritate
896 3087 1076 3153 exornare?
1130 3112 1226 3175 porro
1249 3090 1534 3156 demonstrationis
1552 3091 1649 3154 ratio:
1674 3084 1949 3173 quemadmodum
1967 3090 2003 3153 in
2021 3089 2110 3156 hunc

100 3178 196 3243 Unde
219 3178 319 3242 etiam
340 3177 426 3241 bona
446 3181 640 3257 reputantur
657 3175 733 3241 acsi
751 3175 835 3239 nihil
852 3175 919 3239 illis
937 3174 1078 3254 deesset;
1130 3178 1231 3242 finem
1260 3185 1412 3242 aeternae
1442 3178 1531 3243 vitae
1560 3177 1667 3260 gratia
1695 3197 1755 3240 nes
1778 3174 1935 3259 dignatur
1955 3175 2049 3240 Deus
2075 3184 2114 3240 ut

101 3263 165 3326 nisi
186 3262 271 3344 quod
293 3262 406 3326 naevis
428 3268 462 3326 et
471 3261 616 3338 maculis,
639 3282 722 3344 quac
743 3261 809 3326 illis
832 3261 1079 3338 adhaerescunt,
1132 3262 1304 3346 diligatur,
1327 3263 1494 3340 timeatur,
1518 3263 1645 3328 colatur
1667 3284 1687 3327 a
1707 3262 1809 3338 nobis,
1833 3263 1880 3324 ita
1902 3281 2113 3344 quaecrmque

101 3347 233 3411 veniam
260 3347 422 3429 benignus
449 3355 543 3429 pater
564 3346 736 3430 indulget?
781 3347 822 3412 In
846 3368 975 3412 summa
996 3345 1081 3411 nihil
1133 3346 1372 3413 misericordiae
1410 3349 1446 3412 in
1477 3350 1640 3432 scriptura
1673 3347 1906 3431 promissiones
1941 3347 2112 3424 habentur,

103 3432 193 3497 aliud
215 3432 378 3514 significat
404 3432 466 3497 hoe
493 3431 563 3498 loeo
592 3454 691 3514 quam
718 3442 829 3517 gratos
855 3454 925 3498 esse
947 3431 1020 3498 Deo
1047 3439 1080 3498 et
1133 3434 1249 3499 merito
1272 3433 1313 3498 ad
1335 3435 1424 3500 hunc
1447 3434 1636 3519 diriguntur
1658 3436 1767 3512 finem,
1791 3442 1828 3497 ut
1849 3453 2059 3496 revereamur
2079 3440 2114 3498 et

102 3517 258 3582 amabiles
286 3538 361 3581 suos
390 3518 473 3582 filios
501 3518 676 3600 inquibus
697 3526 792 3585 notas
820 3527 855 3583 et
881 3519 1081 3584 lineamenta
1133 3520 1278 3586 colamus
1300 3520 1532 3585 beneficiorum
1555 3527 1712 3585 autorem.
1759 3517 1896 3600 Quoties
1919 3539 1997 3602 ergo
2020 3519 2113 3583 audi·

102 3603 215 3668 vultus
236 3604 287 3667 sui
309 3602 406 3666 videt.
452 3604 749 3687 Regenerationem
771 3606 859 3669 enim
881 3604 974 3682 alibi,
997 3605 1080 3669 ima·
1132 3628 1206 3670 mus
1226 3607 1332 3685 operm
1349 3607 1538 3672 benefacere
1560 3608 1602 3670 iis
1620 3608 1677 3689 qui
1693 3607 1801 3690 legem
1818 3627 1910 3669 suam
1928 3605 2112 3682 observant,

101 3690 189 3773 ginis
212 3689 343 3754 divinae
364 3689 604 3770 reparationem
625 3690 661 3754 in
683 3690 776 3756 uobis
797 3712 877 3768 esse,
901 3689 1078 3755 docuimus.
1132 3692 1379 3756 meminerimus
1407 3694 1471 3757 Dei
1498 3693 1583 3758 filios
1611 3692 1652 3756 ab
1680 3693 1785 3758 officio
1813 3691 1993 3773 designari,
2024 3688 2111 3771 quod

102 3775 269 3856 Quoniam
295 3795 373 3857 erge
407 3772 592 3856 ubicunque
618 3775 733 3841 facicm
761 3797 856 3841 suam
882 3777 975 3840 Deus
1003 3797 1080 3841 con·
1132 3778 1169 3841 in
1189 3777 1254 3841 illis
1274 3784 1470 3859 perpetuum
1489 3800 1562 3844 csse
1584 3777 1695 3843 debet:
1725 3779 1787 3842 hac
1809 3777 1935 3840 ratione
1958 3795 2018 3838 uos
2039 3794 2111 3839 esee

102 3861 291 3944 templatur,
314 3871 347 3925 et
368 3861 485 3924 merito
507 3869 603 3939 amat,
626 3863 717 3925 etin
738 3863 861 3927 honore
883 3862 991 3941 habet,
1014 3883 1081 3926 non
1133 3863 1315 3945 adoptatos,
1355 3873 1392 3927 ut
1422 3864 1530 3947 ipsum
1562 3865 1664 3946 patris
1697 3871 1769 3928 loco
1803 3881 2004 3926 veneremur.
2060 3858 2111 3924 Ne

103 3949 172 4013 sine
194 3968 293 4013 eausa
315 3946 435 4011 dicitur
451 3946 500 4010 illi
516 3945 644 4028 placere
662 3947 808 4012 fidelium
826 3949 903 4026 vita,
927 3948 968 4012 ad
986 3969 1080 4013 sanc-
1133 3969 1211 4033 ergo
1238 3950 1301 4032 ipsi
1329 3949 1512 4032 adeptionis
1533 3952 1604 4015 iure
1627 3970 1687 4013 nos
1709 3947 1910 4024 abdicemus,
1940 3946 2005 4011 hue
2025 3966 2112 4010 sem-

103 4034 231 4098 titatem
256 4040 289 4098 et
315 4031 477 4096 iustitiam
504 4032 690 4114 composite.
736 4031 804 4099 Sed
825 4033 903 4116 quia
924 4034 970 4118 pii
992 4055 1080 4098 mor·
1132 4057 1191 4118 per
1213 4034 1403 4099 enitendum
1424 4057 1489 4117 quo
1510 4035 1617 4100 tendit
1639 4040 1749 4099 nostra
1769 4032 1904 4101 vocatio.
1938 4032 1979 4097 Id
2000 4040 2112 4098 tamen

104 4119 160 4184 tali
175 4141 274 4185 carne
284 4117 487 4194 circumdati,
511 4118 913 4203 adhuesuntpeccateres,
936 4131 970 4185 et
980 4141 1080 4203 opera
1132 4142 1265 4186 narsum
1283 4127 1462 4198 teneamus,
1485 4143 1551 4186 non
1572 4119 1714 4203 pendere
1737 4121 1777 4185 ab
1796 4119 1947 4200 operibus
1965 4118 2113 4183 fidelium

103 4227 214 4270 eorum
232 4206 326 4283 bona,
350 4203 503 4269 inchoata
513 4203 683 4281 duntaxat,
707 4215 741 4270 et
761 4206 869 4277 earnis
892 4206 1011 4271 vitium
1027 4202 1081 4270 rc-'
1133 4207 1407 4289 complementum
1423 4206 1663 4272 misericordiae
1674 4206 1826 4285 Domini;
1848 4204 1905 4269 sed
1916 4206 2021 4288 ipsam
2040 4203 2113 4268 ideo

103 4291 259 4367 dolentia,
283 4312 388 4374 neque
408 4289 474 4353 illis
497 4311 601 4373 neque
628 4290 681 4354 his
701 4291 860 4374 propitius
882 4313 953 4357 esse
974 4298 1081 4374 potest
1133 4292 1249 4358 salutis
1277 4293 1525 4376 promissionem
1552 4291 1729 4375 adimplere
1757 4293 1798 4356 iis
1827 4292 1883 4374 qui
1905 4292 1991 4356 vitae
2016 4290 2112 4353 recti·

103 4379 165 4442 nisi
186 4379 222 4442 in
242 4377 374 4442 Obriste
397 4377 502 4460 magis
528 4398 627 4458 quam
649 4377 684 4439 in
706 4398 741 4440 se
762 4378 842 4459 ipsis
864 4377 1078 4460 amplexetur.
1133 4379 1246 4443 tudine
1269 4398 1347 4443 suae
1368 4380 1531 4445 vocationi
1553 4377 1764 4462 respondent,
1794 4380 1871 4460 quia
1892 4377 1927 4439 in
1949 4376 2015 4439 illis
2039 4394 2113 4457 ger-

101 4464 144 4527 In
166 4463 254 4527 hunc
275 4462 409 4527 modum
431 4461 611 4544 aecipiendi
632 4471 711 4525 sunt
729 4461 791 4527 loci
813 4464 868 4544 qui
885 4463 1080 4529 clementem
1133 4486 1232 4528 mana
1254 4462 1386 4529 demum
1407 4466 1550 4530 filiorum
1571 4464 1716 4547 insignia
1738 4464 1893 4548 agnoscit,
1916 4463 1972 4544 qui
1995 4460 2113 4542 spiritu

103 4571 140 4613 ac
161 4547 404 4614 misericordem
426 4548 570 4613 iustitiae
590 4547 767 4613 cultoribus
778 4549 888 4633 Deum
910 4555 1080 4613 testantur.
1133 4551 1203 4615 eius
1229 4549 1270 4613 ad
1296 4549 1418 4615 bonum
1440 4542 1608 4636 reguntur.
1653 4550 1730 4615 Huc
1752 4550 1926 4625 referatur,
1956 4545 2042 4629 quod
2064 4554 2115 4610 est

102 4633 243 4700 Dicebat
260 4635 369 4700 Moses
387 4633 500 4719 (Dent
516 4639 545 4712 7,
558 4633 593 4718 9)
615 4634 789 4699 Israelitis:
812 4632 977 4698 Dominus
988 4635 1081 4699 Deus
1133 4638 1170 4700 in
1187 4635 1321 4700 Psalmo
1340 4637 1407 4720 (15,
1430 4637 1462 4721 1)
1484 4637 1525 4701 de
1547 4638 1672 4704 civibus
1690 4636 1858 4701 ecelesiae:
1881 4633 2023 4697 Domine
2041 4631 2114 4714 quis

103 4726 180 4784 tuus
207 4720 392 4786 custodiens
417 4729 551 4803 paetum
580 4742 617 4785 ac
639 4718 896 4786 misericordiam
916 4719 1082 4803 diligenti·
1135 4721 1298 4787 habitabit
1319 4721 1355 4785 in
1375 4723 1586 4788 tabernaculo
1608 4734 1679 4800 tuo,
1709 4728 1742 4785 et
1770 4721 1842 4803 quis
1870 4719 2052 4802 requiescet
2078 4718 2115 4781 in

103 4805 164 4870 bus
185 4827 230 4885 se,
253 4813 287 4871 et
307 4805 756 4888 custodientibus'praecepta
773 4825 841 4882 sua,
863 4805 899 4869 in
920 4804 1010 4869 mille
1026 4826 1082 4889 ge-
1134 4813 1246 4872 mente
1279 4814 1336 4872 tuo
1368 4808 1503 4874 sancte?
1542 4810 1699 4873 innocens
1736 4805 1887 4870 manibus
1927 4811 1961 4870 et
1992 4801 2116 4868 munde

104 4892 304 4970 narationes;
333 4914 416 4976 quae
439 4894 602 4958 sententia
624 4894 659 4957 in
681 4892 884 4975 frequentem
905 4892 1082 4957 formulam
1135 4892 1240 4971 eorde,
1263 4903 1323 4957 etc.
1368 4896 1454 4959 Item
1475 4893 1560 4975 apud
1583 4894 1723 4958 Iesaiam
1746 4892 1812 4976 (33,
1835 4898 1905 4975 14);
1928 4891 2000 4974 quis
2023 4889 2117 4955 habi·

104 4987 262 5060 usurpata
282 4987 397 5061 postea
418 5000 438 5043 a
460 4980 577 5062 popule
598 4980 668 5044 fuit
714 4976 772 5044 Sic
789 4975 922 5043 Solomo
944 4975 976 5063 (l
999 4977 1081 5061 Reg.
1136 4979 1219 5043 tabit
1247 5000 1322 5044 cum
1349 4980 1425 5064 igne
1453 4978 1652 5044 devorante?
1680 4978 1736 5061 qui
1758 4979 1836 5044 facit
1857 4978 2032 5054 iustitiam,
2061 4976 2117 5059 qui

105 5068 141 5139 8,
162 5067 219 5148 23)
245 5065 282 5128 in
310 5064 437 5129 solenni
462 5066 663 5147 precatione:
690 5064 835 5131 Domine
856 5064 950 5128 Deus
972 5062 1082 5141 lsrael,
1136 5065 1281 5147 loquitur
1307 5075 1412 5144 recta,
1443 5072 1503 5131 etc.
1548 5065 1623 5131 Non
1652 5066 1741 5129 enim
1763 5066 2022 5141 firmamentum,
2052 5081 2118 5145 que

105 5151 160 5233 qui
193 5149 338 5216 custodis
369 5160 502 5233 pactum
528 5163 562 5216 et
590 5150 848 5218 misericordiam
874 5150 979 5216 servis
1007 5150 1083 5228 tuis,
1136 5150 1250 5216 fideles
1277 5173 1387 5217 eoram
1414 5151 1556 5216 Domino
1588 5152 1783 5230 subsistant,
1817 5150 2025 5228 describitur;
2059 5145 2118 5212 sed

106 5237 162 5320 qui
185 5235 356 5300 ambulant
382 5256 493 5302 eoram
519 5246 553 5302 te
580 5238 616 5301 in
638 5246 705 5302 teto
726 5236 824 5303 corde
845 5257 913 5301 suo.
958 5235 1085 5302 Eadem
1137 5235 1254 5303 modus
1276 5258 1339 5321 quo
1360 5239 1395 5303 in
1417 5258 1516 5302 suum
1537 5237 1738 5305 consortium
1765 5259 1820 5303 eos
1845 5235 2120 5303 clementissimus

214 5335 429 5407 miserm.
466 5336 525 5392 ror.
542 5337 587 5393 ιι.
726 5355 732 5362 ·
1877 5336 1912 5392 sa
