4672 5842
249 288 291 344 sr
893 275 1285 343 usurariorum.
1308 260 1489 347 ennls'r.
1515 280 1605 342 1559.
2215 271 2257 332 88

249 469 429 534 terraticudem
457 469 538 533 valet
565 489 602 532 ac
625 474 724 532 redus
754 467 872 545 cultus;
903 465 979 546 quia
1002 485 1123 546 semper
1148 466 1230 528 caeci
1282 471 1364 533 triae
1386 478 1419 532 et
1441 466 1558 542 duliae,
1581 486 1678 547 quam
1702 463 1876 547 appellent,
1900 461 2079 538 distinctim
2112 481 2175 541 quo
2196 459 2259 521 im·

251 557 317 636 ipsi
338 556 374 618 in
393 555 524 618 tenebris
538 555 704 634 palpando
725 557 885 617 senserunt
904 550 1065 614 terrerulum
1086 571 1150 614 esse
1167 571 1230 614 cer-
1281 577 1368 637 pune
1391 553 1581 617 viderentur
1603 551 1729 634 angelis
1751 560 1785 613 et
1806 549 1942 612 mortuis
1954 545 2144 610 transscribi
2155 542 2260 608 divini

253 649 317 706 tam
341 641 488 722 reputem,
512 661 549 703 ne
560 645 760 721 praepostere
776 639 893 701 colitur
911 636 1009 700 Deus.
1055 636 1230 719 Relipionis
1281 642 1429 705 honores.
1474 636 1582 718 Quem
1610 638 1698 701 onim
1724 636 1846 700 sanetis
1872 634 1996 698 cultum
2024 632 2175 696 deserunt
2202 649 2259 711 pe»

252 747 360 790 eminere
387 727 444 789 etsi
471 748 539 789 rere
572 727 703 806 sciteque
732 723 835 789 Cicero
863 746 883 786 u
915 723 1071 805 releperulo
1099 723 1229 799 deducit,
1282 728 1397 810 pistae,
1420 724 1504 788 nihil
1527 724 1656 806 reipsa
1678 722 1809 786 differre
1835 721 1939 784 aDei
1961 719 2052 783 cultu
2069 717 2178 800 palam
2200 723 2258 780 est.

252 818 354 877 conda
376 816 541 876 esttamen
572 817 598 875 et
632 813 717 893 loupe
734 812 832 892 petitu
859 829 953 889 qaam
976 810 1118 891 assiynat
1139 809 1229 885 ratio,
1282 812 1472 877 Promiseue
1510 810 1597 873 enim
1631 817 1664 873 et
1695 809 1804 872 Deum
1836 822 1869 869 et
1901 805 1973 868 illos
2005 804 2156 880 adoreum
2195 801 2261 866 nisi

253 899 335 979 quod
356 898 450 976 probi
482 899 612 962 cultores
645 897 772 976 saepius
802 897 970 977 relepereut
1006 914 1042 957 ae
1070 894 1231 977 dilipeuter
1282 898 1368 980 quod
1390 897 1469 961 dum
1496 905 1672 978 urgentur,
1700 894 1889 974 exceptione
1916 892 1978 955 hae
1999 889 2158 966 evadunt,
2188 890 2261 953 Deo

252 988 453 1048 retractarent
475 984 553 1064 quid
574 1003 680 1046 certem
701 987 784 1045 esset.
831 982 943 1045 Potius
971 982 1113 1044 existimo
1135 1000 1231 1061 capae
1283 1007 1317 1049 se
1344 983 1507 1047 illibatum
1535 1001 1667 1046 servare
1695 979 1780 1061 quod
1809 999 1904 1042 suum
1927 986 1990 1052 est,
2024 977 2100 1057 quia
2128 976 2262 1039 latrium

250 1071 395 1134 licentiae
416 1071 528 1149 opponi
550 1068 603 1132 liae
631 1089 754 1132 1161111111
783 1069 858 1149 qreic
886 1069 989 1131 maier
1009 1086 1094 1146 pars
1119 1065 1231 1128 mutuli
1283 1070 1332 1133 illi
1355 1070 1549 1150 relinquant.
1594 1067 1712 1148 Atqui,
1730 1065 1770 1128 de
1792 1087 1827 1128 re
1845 1061 1973 1127 nonde
1996 1083 2073 1126 voce
2096 1083 2196 1143 qutun
2219 1061 2263 1123 sit

254 1154 409 1237 quidquid
430 1156 551 1218 obuiam
577 1160 621 1219 est
645 1160 752 1218 temere
772 1154 903 1234 arripit,
931 1154 993 1215 into
1011 1154 1104 1215 etium
1125 1151 1232 1215 tremet
1283 1156 1443 1238 quaestio,
1473 1154 1545 1235 quis
1567 1152 1632 1216 illis
1654 1152 1823 1235 permittat
1849 1160 1919 1212 tam
1942 1170 2054 1213 secure
2076 1149 2112 1211 in
2134 1169 2169 1211 re
2191 1168 2262 1210 om·

257 1242 332 1304 illuc
353 1240 539 1319 transvolat,
553 1242 661 1319 pietas
678 1244 796 1317 auten,
827 1244 862 1301 ut
879 1241 914 1302 iu
933 1239 1024 1318 firmo
1043 1238 1147 1320 produ
1163 1257 1231 1300 1111-
1283 1243 1375 1305 nium
1396 1240 1541 1303 maxima
1562 1237 1696 1302 ludere?
1720 1238 1845 1301 Verum
1868 1235 1921 1316 (ut
1943 1235 2003 1299 hoe
2025 1233 2263 1315 (11161111οωί1-

255 1329 356 1403 sistat,
378 1347 442 1389 sese
464 1327 548 1388 intra
568 1326 646 1404 pitres
667 1346 740 1389 siros
761 1325 874 1407 relepit.
926 1324 1027 1387 Sicuti
1055 1324 1128 1387 inde
1152 1322 1232 1385 milei
1283 1326 1406 1410 tamus)
1428 1347 1494 1388 non
1517 1325 1604 1388 aliud
1625 1323 1758 1387 tandem
1784 1330 2023 1403 consequentur
2045 1341 2104 1383 sue
2126 1318 2262 1382 distino-

255 1414 339 1477 dicta
361 1413 481 1474 cicietur
501 1412 686 1491 superstitio,
709 1412 789 1489 quod
810 1411 898 1474 modo
919 1415 947 1473 et
962 1411 1160 1490 praescripta
1180 1430 1231 1471 ru·
1283 1415 1379 1490 tione,
1402 1433 1499 1493 quarn
1523 1411 1648 1474 cultum
1668 1408 1708 1472 ab
1728 1410 1807 1490 ipsis
1829 1408 1886 1471 uni
1908 1408 1979 1471 Deo
1997 1405 2164 1487 praestari,
2187 1404 2263 1468 aliis

255 1499 335 1561 tione
362 1519 424 1560 riou
449 1503 584 1560 eordeuta
610 1516 832 1577 superruens-ru
858 1517 964 1560 rerum
992 1496 1138 1559 inaurium
1164 1515 1231 1557 eou-
1284 1507 1393 1563 autem
1416 1497 1594 1561 servitium.
1640 1502 1774 1577 Λατρεία
1793 1495 1879 1557 enim
1901 1492 1988 1574 apud
2007 1491 2152 1556 Graeeos
2173 1490 2264 1555 valet

254 1584 369 1665 perient
396 1583 572 1646 accumulet.
621 1582 791 1660 Caeterum,
814 1588 848 1644 ut
867 1603 952 1646 uoces
974 1583 1160 1657 ontdtaruus,
1183 1600 1233 1642 ae-
1283 1595 1442 1667 quautum
1469 1581 1554 1663 apud
1579 1583 1716 1645 Laeuos
1738 1581 1858 1656 sidtus;
1886 1579 2004 1643 δουλεία
2032 1599 2110 1641 vero
2132 1577 2264 1659 proprio

256 1675 356 1733 tatum
377 1670 514 1731 accirem
536 1689 683 1732 consensu
704 1674 856 1748 receptum
877 1688 997 1747 semper
1015 1667 1092 1748 fuit,
1123 1665 1232 1728 citiori
1284 1671 1476 1735 servitutem
1497 1676 1598 1732 sonat..
1644 1669 1689 1730 Et
1712 1676 1820 1729 tamen
1843 1666 1876 1728 in
1904 1664 2075 1746 seripturis
2097 1662 2264 1726 interdum

250 1755 447 1836 pervertique
467 1755 647 1836 redipioaem
670 1754 764 1835 falsis
791 1754 955 1818 erroribus.
1009 1753 1095 1817 t'nde
1116 1752 1233 1832 collici-
1284 1753 1492 1822 confunditur
1519 1753 1580 1819 hoe
1610 1752 1793 1818 discrimen.
1838 1752 1956 1824 Porro,
1986 1760 2022 1813 ut
2049 1748 2163 1812 demus
2191 1769 2264 1812 esse

257 1861 337 1918 ntus,
359 1839 424 1903 selo
446 1841 671 1903 incoruiderato
690 1840 816 1919 quiduis
834 1839 921 1902 rtolr's
933 1840 1153 1919 permittimus,
1173 1838 1233 1918 fri-
1284 1850 1487 1924 perpetuum,
1511 1861 1628 1921 nempe
1650 1837 1881 1920 inquirendum
1909 1847 1959 1900 est
1980 1834 2058 1918 quid
2087 1843 2265 1915 utrumque

257 1926 361 1990 colum
387 1945 451 1990 esse
479 1947 568 2006 quent
602 1927 811 2006 superstitiosi
846 1926 1007 1989 obteruluut
1027 1929 1232 2004 praetectum
1284 1929 1401 1992 valeat..
1446 1926 1572 1986 Δουλεία
1596 1925 1726 2007 quidem
1748 1925 1889 1988 servitus
1910 1932 1975 1998 est,
2005 1926 2124 2003 λατρεία
2146 1919 2264 1985 oultus.

261 2012 412 2092 (311611ιυί1-
429 2017 531 2075 terrun
548 2013 584 2074 in
601 2013 738 2074 misniam
759 2033 810 2074 ore
827 2015 968 2090 personet
984 2010 1058 2073 licea
1075 2010 1232 2090 confessio,
1285 2015 1358 2078 Iam
1381 2014 1459 2094 quin
1488 2013 1594 2076 maius
1624 2010 1777 2092 quiddam
1808 2010 1851 2073 sit
1877 2009 2000 2073 servire
2027 2028 2125 2089 quem
2147 2004 2264 2084 colere,

257 2098 360 2177 turpis
385 2098 510 2160 ireterim
536 2118 568 2161 se
592 2096 698 2177 prodit
719 2098 861 2173 inscitia,
891 2098 971 2177 quod
1000 2116 1095 2175 euque
1122 2096 1234 2159 udliae-
1285 2121 1381 2163 nemo
1403 2098 1538 2162 dubitat.
1584 2097 1670 2160 Nam
1701 2097 1731 2160 oi
1753 2095 1876 2160 seruire
1903 2094 2022 2158 durum
2045 2103 2130 2157 esset
2151 2112 2266 2173 saepo·

257 2188 326 2246 reut
347 2183 405 2245 utu
427 2182 503 2259 Deo,
526 2203 621 2261 neque
647 2183 793 2246 delectum
820 2182 963 2246 adhibent
990 2183 1023 2244 in
1050 2184 1118 2245 eius
1140 2182 1233 2257 cultu,
1285 2206 1421 2249 numero
1443 2205 1538 2265 quem
1562 2183 1666 2247 colere
1689 2204 1755 2245 non
1777 2202 1957 2257 recusares;
1980 2181 2027 2242 ita
2049 2179 2160 2260 iniqua
2178 2187 2267 2242 esset

258 2270 352 2333 sicuti
384 2268 511 2331 aritelrac
543 2269 711 2332 docuimus.
756 2269 857 2349 Atqui
889 2268 991 2346 Deus,
1024 2273 1060 2330 ut
1088 2268 1149 2331 sibi
1181 2268 1234 2330 ius
1286 2271 1486 2348 distributio,
1516 2270 1636 2334 sanetis
1664 2269 1831 2350 assignare
1857 2266 1942 2348 quod
1969 2267 2075 2329 maius
2097 2274 2161 2340 est,
2192 2264 2267 2328 Deo

259 2373 353 2418 suum
374 2354 523 2430 vendicet,
556 2356 672 2418 clamat
693 2375 726 2418 se
752 2374 817 2417 esse
836 2355 1006 2430 annulum,
1035 2373 1073 2417 ae
1096 2373 1235 2416 seuerum
1286 2357 1373 2439 quod
1394 2357 1505 2419 minus
1526 2366 1576 2419 est
1597 2355 1789 2435 relinquero.
1835 2354 1882 2416 At
1907 2351 2089 2433 complures
2111 2371 2152 2413 ex
2174 2358 2266 2413 vete-

257 2439 324 2518 sore
344 2439 474 2502 ultorem
495 2441 525 2503 si
546 2461 616 2502 611111
637 2441 702 2505 ullo
719 2441 773 2503 deo
791 2440 899 2520 fictitio
915 2441 1088 2503 misceatur.
1111 2439 1235 2502 Deinde
1287 2445 1377 2508 ribus
1400 2442 1462 2506 hae
1484 2441 1689 2505 distinetione
1712 2441 1762 2503 usi
1785 2450 1871 2502 sunt.
1918 2436 2005 2517 Quid
2029 2450 2117 2512 tum,
2145 2437 2171 2500 si
2194 2457 2266 2498 om-

260 2525 432 2606 lepitimum
453 2526 568 2589 nedum
590 2526 705 2605 definit,
735 2531 769 2589 ut
788 2546 885 2608 patres
913 2525 1087 2589 buranum
1107 2524 1164 2588 sub
1185 2524 1234 2588 ab
1287 2552 1346 2593 nes
1376 2550 1448 2592 eam
1480 2528 1680 2609 perspiciunt·
1711 2547 1777 2589 non
1811 2524 1906 2588 modo
1938 2523 2150 2605 impropriam
2183 2543 2266 2599 esse,

260 2611 365 2689 sequio
387 2613 545 2675 emetiueat.
597 2611 765 2691 Utrumque
786 2612 993 2692 complectitur
1012 2611 1073 2693 lepe
1095 2632 1163 2687 sna,
1182 2609 1235 2672 irbi
1288 2615 1344 2679 sed
1365 2615 1497 2696 penitus
1519 2611 1690 2677 frivolam?

254 2698 361 2777 primo
380 2696 442 2759 sibi
464 2698 582 2761 addicit
608 2698 729 2777 fideles,
751 2703 786 2761 ut
807 2698 874 2762 illis
894 2699 938 2761 sit
958 2718 1043 2761 unus
1065 2697 1236 2779 lepislator,·
1374 2703 1402 2763 3.
1448 2698 1587 2763 Omissis
1609 2698 1747 2781 argutiis
1760 2718 1828 2760 rem
1851 2695 2083 2789 expendamus.
2128 2693 2265 2772 Paulus,

260 2782 370 2846 deinde
396 2782 537 2865 repulam
558 2784 746 2864 praescribit
772 2805 836 2864 qua
862 2784 920 2846 rite
952 2803 990 2846 eu
1021 2804 1079 2847 suo
1105 2782 1236 2846 arbitrio
1287 2808 1388 2868 quum
1411 2786 1540 2850 Galatis
1568 2783 1694 2848 reducit
1718 2784 1755 2846 in
1782 2782 1974 2846 memoriam
2003 2781 2114 2862 quales
2142 2779 2268 2844 fuerint

260 2869 388 2933 colatur.
433 2868 815 2951 [remediumque
832 2869 995 2948 multiplex
1012 2874 1056 2932 est
1072 2872 1141 2933 cius
1157 2887 1237 2931 usus
1287 2875 1476 2955 priusquam
1498 2879 1608 2934 essent
1628 2870 1803 2933 illuminati
1825 2870 1859 2932 in
1881 2869 1944 2932 Dei
1967 2867 2091 2942 notitia,
2114 2865 2192 2929 dicit
2209 2886 2267 2930 eos

260 2954 406 3033 artinis,
428 2975 485 3017 suc
512 2956 575 3019 loco
601 2956 770 3034 disseram;
801 2974 883 3018 auree
900 2960 1024 3034 partem
1051 2954 1131 3018 lianc
1158 2955 1236 3017 dun
1288 2959 1411 3023 duliam
1450 2957 1637 3021 exhibuisse
1669 2957 1708 3020 iis
1741 2955 1797 3037 qui
1835 2962 1954 3018 natura
1990 2974 2057 3016 non
2090 2960 2185 3016 erant
2218 2951 2267 3015 dii

261 3043 350 3102 tanat
372 3040 495 3121 attiupo,
517 3042 666 3121 fraenum
683 3041 752 3105 illie
773 3041 952 3120 impositum
969 3061 1032 3104 esse
1049 3039 1235 3116 ltmuinilrus
1288 3045 1377 3126 (Gal.
1397 3049 1431 3121 4,
1457 3044 1501 3125 8).
1557 3042 1731 3123 Utcunque
1765 3041 1894 3105 latriam
1928 3062 1994 3103 non
2027 3040 2186 3115 nominet,
2220 3060 2267 3101 an

260 3145 299 3187 ne
326 3124 368 3187 ad
391 3126 517 3188 uitiosos
543 3127 645 3189 cultus
676 3126 834 3190 declinent.
882 3128 981 3206 Quod
1002 3132 1103 3190 cirtem
1125 3129 1236 3206 priore
1286 3130 1359 3194 ideo
1388 3128 1582 3194 excusabilis
1611 3135 1662 3192 est
1690 3149 1802 3192 eorum
1836 3124 2045 3208 superstitio?
2090 3124 2165 3206 Ipse
2192 3124 2266 3205 qui-

262 3210 325 3273 loeo
346 3212 456 3289 posui,
487 3213 649 3276 tertertdum
675 3217 732 3289 est,
765 3214 831 3275 nisi
857 3214 893 3276 iu
918 3233 981 3276 uno
1008 3211 1076 3276 Deo
1102 3213 1236 3278 resideat
1288 3216 1362 3281 dem
1400 3215 1614 3279 nihilominus
1649 3234 1838 3296 perversam
1877 3212 1967 3275 illam
1999 3211 2268 3292 superstitionem

258 3295 413 3376 quidqu-id
429 3299 598 3376 purpurium
625 3303 669 3360 est
695 3299 885 3376 diuinitatis,
914 3298 1025 3362 dormre
1051 3319 1109 3363 suo
1131 3301 1237 3380 ipsum
1287 3303 1435 3377 damnat,
1459 3303 1511 3365 eui
1532 3323 1651 3364 nornen
1674 3299 1782 3363 duliae
1805 3299 1955 3380 imponit,
1985 3297 2131 3379 quamsi
2153 3296 2268 3376 expri-

257 3381 404 3462 spoliari,
434 3383 606 3463 violarique
638 3385 706 3446 eius
737 3384 859 3448 cultum.
909 3386 1020 3467 Atque
1048 3384 1102 3449 hie
1129 3386 1236 3448 inten·
1287 3398 1393 3452 meret
1414 3387 1529 3451 latriae
1552 3407 1679 3450 nomen.
1723 3386 1770 3448 Et
1791 3405 1892 3466 quum
1915 3383 2067 3447 Christus
2085 3381 2220 3466 (Matth.
2235 3389 2266 3458 4,

257 3467 339 3529 tiore
362 3487 440 3530 cura
463 3468 723 3534 animadvertere
746 3471 882 3534 emicenit
908 3471 1021 3550 quibus
1043 3472 1169 3541 astutiis
1190 3472 1237 3534 lu·
1291 3473 1343 3556 lo)
1366 3481 1499 3538 satanae
1527 3473 1685 3537 insultum
1711 3471 1840 3553 repellit
1866 3469 1927 3533 hoo
1950 3469 2078 3552 clypeo,
2107 3468 2268 3549 scriptum

257 3552 312 3615 dat
336 3554 528 3648 superstitio.
577 3554 692 3636 Neque
725 3556 814 3619 enim
849 3555 890 3619 ad
924 3556 1046 3620 alienos
1079 3555 1156 3621 deos
1190 3558 1235 3622 sie
1288 3581 1367 3637 esse,
1389 3559 1569 3622 Dominum
1591 3559 1701 3621 Deum
1723 3566 1817 3620 tuum
1840 3555 1999 3632 adorabis,
2022 3575 2088 3618 non
2111 3553 2268 3618 veniebat

257 3637 408 3701 deseseit
428 3647 464 3701 ut
492 3638 641 3704 videatur
669 3663 835 3705 summum
857 3643 966 3706 Deum
990 3642 1152 3720 deserere,
1181 3642 1235 3706 vel
1288 3646 1480 3710 nominatim
1502 3646 1536 3708 in
1557 3644 1780 3727 quaestionem
1802 3643 1906 3705 latria.
1954 3639 2057 3705 Satan
2076 3641 2163 3703 enim
2182 3661 2267 3703 non-

256 3723 291 3785 in
314 3722 453 3787 aliorum
481 3724 629 3789 ordinem
658 3727 820 3809 redigere;
850 3727 907 3791 sed
935 3728 1013 3791 dum
1045 3750 1235 3810 supremum
1287 3733 1350 3796 nisi
1368 3730 1565 3811 προςκύνησιν
1583 3730 1743 3812 exigebat.
1790 3728 1950 3793 Similiter
1967 3749 2067 3808 quum
2086 3725 2267 3806 repreben-

257 3808 597 3888 loeumillieoncodit,
622 3812 753 3877 turbam
774 3814 938 3877 minorum
951 3813 1085 3877 deorum
1098 3815 1235 3879 oneum-
1288 3817 1375 3881 ditur
1402 3817 1541 3880 Ioannes
1571 3816 1611 3879 ab
1639 3815 1756 3898 angelo
1787 3813 1872 3895 quod
1901 3815 1936 3876 in
1959 3833 2066 3895 genua
2094 3832 2204 3876 eorem
2227 3833 2266 3875 eo

257 3893 328 3972 dat,
367 3896 455 3959 inter
481 3918 562 3978 quos
596 3899 727 3980 propria
754 3899 824 3963 eius
852 3899 959 3964 officia
991 3900 1140 3982 partitur.
1185 3899 1235 3964 lta
1287 3901 1479 3985 procidisset
1500 3903 1614 3984 (Apoe.
1638 3907 1685 3978 lt),
1709 3900 1776 3983 10),
1807 3921 1874 3963 non
1902 3898 2057 3962 debemus
2074 3897 2267 3979 intelligere

256 3980 348 4063 (licet
370 3980 614 4047 dissimulanter
635 3993 668 4047 et
689 3984 822 4068 callide)
845 3984 1026 4049 divinitatis
1049 3985 1161 4068 gloria,
1192 4007 1234 4049 116
1286 3988 1444 4052 Ioannem
1468 3997 1535 4050 tem
1558 3988 1658 4051 fuisse
1686 3996 1849 4050 amentem
1879 3997 1917 4049 ut
1939 3984 2085 4048 debitum
2109 3984 2169 4046 soli
2192 3984 2288 4049 Deo.

256 4065 344 4163 apud
376 4089 476 4130 unum
505 4078 574 4132 tota
605 4078 752 4147 maneat,
786 4071 972 4135 dissecatur.
1018 4069 1075 4136 Sic
1107 4090 1234 4135 veteres
1286 4074 1443 4137 honorem
1473 4074 1572 4139 vellet
1601 4073 1641 4136 ad
1671 4073 1823 4154 angelum
1859 4073 2046 4134 transferre.
2093 4068 2161 4132 Sed
2187 4069 2268 4150 quia

255 4151 342 4228 ohm,
367 4162 434 4215 tam
456 4176 497 4216 en
520 4155 651 4219 Iudaeis
672 4177 769 4237 quam
793 4157 959 4239 gentibus,
990 4157 1124 4221 deorum
1145 4158 1233 4238 patri
1284 4161 1357 4223 fieri
1380 4160 1475 4223 aliter
1497 4161 1618 4241 nequit,
1649 4159 1729 4240 quin
1751 4159 1900 4223 divinum
1923 4154 2044 4237 aliquid
2068 4156 2174 4236 sapiat
2195 4155 2266 4219 oul-

254 4246 288 4300 et
309 4238 432 4301 arbitro
454 4239 620 4322 ingentem
643 4241 734 4304 illam
756 4241 885 4306 turbam
904 4243 1126 4320 subdiderunt,
1160 4246 1232 4323 qui·
1285 4255 1339 4309 tus
1362 4248 1417 4326 qui
1439 4267 1513 4309 eum
1536 4246 1692 4327 religione
1713 4245 1907 4309 coniunctus
1930 4254 1994 4316 est,
2017 4248 2186 4322 προςκυνεῖν
2208 4240 2266 4304 ille

255 4322 315 4387 bus
343 4326 525 4390 eommunis
554 4336 653 4403 esset,
681 4349 740 4410 pro
769 4328 893 4393 ordinis
920 4330 1061 4406 ratione,
1090 4329 1169 4392 coeli
1199 4337 1232 4392 et
1285 4332 1440 4413 angelum
1464 4355 1528 4396 non
1551 4333 1659 4413 potuit
1686 4334 1764 4412 quin
1788 4352 1828 4392 ex
1852 4328 1915 4391 Dei
1939 4327 2043 4410 gloria
2066 4326 2265 4391 detraheret.

254 4416 360 4473 terrae
388 4432 463 4474 cum
486 4432 614 4493 summq
639 4413 710 4476 Deo
739 4413 985 4478 administratio.
1031 4412 1087 4478 Sia
1110 4415 1232 4497 aliquot
1283 4418 1443 4565 Legimus
1475 4418 1606 4499 quidem
1641 4438 1751 4499 saepe,
1793 4413 1942 4478 adoratos
1973 4414 2074 4477 fuisso
2103 4413 2265 4493 homines.

254 4508 341 4592 remo
363 4498 514 4574 saeculis,
545 4498 650 4562 saneti
677 4500 733 4581 qui
761 4500 822 4564 hac
851 4501 918 4563 vita
944 4511 1166 4580 excesserant,
1196 4503 1231 4566 in
1283 4501 1329 4567 Se
1385 4504 1440 4568 ille
1472 4505 1534 4567 fuit
1564 4504 1669 4568 civilis
1699 4504 1817 4575 honor,
1853 4512 1890 4562 ut
1917 4500 1965 4563 ita
1994 4499 2113 4571 dieam;
2140 4499 2267 4581 ‘religio

254 4581 327 4679 Dffl.
340 4583 526 4647 societatem
549 4587 653 4650 evecti
675 4592 761 4659 sunt,
785 4595 821 4648 ut
842 4607 900 4667 pro
922 4586 978 4649 illo
997 4598 1029 4650 et
1047 4587 1231 4652 colerentur
1283 4599 1391 4653 autern
1409 4590 1506 4654 aliam
1533 4590 1633 4655 habet
1656 4589 1815 4652 rationem
1840 4608 1933 4667 quae,
1957 4585 2163 4666 simulatque
2185 4605 2266 4648 eon-

254 4677 288 4762 et
318 4681 550 4734 mvocarentur
582 4682 615 4735 et
650 4671 901 4736 celebrarentur.
958 4673 1030 4736 Tali
1064 4673 1230 4738 abomina-
1280 4677 1392 4740 iuneta
1418 4684 1468 4741 est
1495 4699 1569 4742 cum
1597 4677 1703 4751 cultu,
1726 4671 1828 4736 divini
1847 4671 1978 4736 honoris
2003 4671 2269 4754 profanationem

254 4760 342 4815 uone
365 4776 406 4817 ue
428 4755 581 4821 offuscari
603 4758 733 4838 quidem
756 4767 909 4839 putemus
930 4758 996 4821 Dei
1016 4760 1229 4838 maiestatem,
1282 4785 1393 4827 seeum
1423 4763 1534 4827 trahit.
1590 4761 1685 4825 Idem
1717 4769 1750 4822 et
1783 4758 1817 4821 in
1850 4758 2003 4823 Cornelio
2041 4757 2152 4821 vidore
2187 4755 2267 4820 lieet

254 4858 355 4932 quum
376 4861 497 4921 magna
519 4865 560 4905 ox
581 4853 674 4924 parte
695 4847 920 4926 supprimatur
937 4855 970 4908 et
987 4846 1230 4929 exstinguetur3
1283 4850 1371 4931 (Aet.
1395 4854 1442 4927 10,
1463 4850 1533 4927 2503
1563 4867 1668 4927 neque
1698 4845 1786 4908 enim
1815 4853 1882 4908 tam
1911 4845 1996 4907 male
2024 4844 2206 4925 profecerat
2228 4843 2267 4906 in

254 4923 427 5020 msquuod.
453 4926 606 5019 trigidum
634 4930 811 4994 retinemus
842 4929 882 4993 de
908 4953 1062 5013 supreme
1083 4933 1152 4996 eius
1172 4954 1230 5014 po·
1283 4935 1403 5017 pietate
1437 4936 1515 5016 quin
1547 4953 1713 4997 summum
1750 4930 1876 4994 cultum
1908 4932 1966 4994 uni
1993 4931 2065 4994 Deo
2095 4930 2265 4993 tribueret

253 5013 357 5103 tentia
378 5029 571 5106 epimonem.
617 5011 740 5079 Interea
771 5016 941 5081 involucris
966 5019 1079 5099 decepti
1110 5020 1231 5099 didupi·
1284 5019 1381 5101 Quod
1413 5041 1490 5103 ergo
1524 5040 1558 5081 se
1591 5037 1701 5079 eoram
1729 5017 1829 5080 Petro
1864 5017 2057 5099 prosternit,
2091 5036 2158 5079 non
2185 5015 2268 5080 fauit

252 5113 326 5155 mut
345 5113 379 5155 en
400 5098 601 5193 1111119δᾶ6φὸ.
1284 5117 1371 5173 certe
1399 5107 1460 5171 hoc
1489 5104 1597 5167 animo
1627 5114 1665 5165 ut
1691 5125 1768 5167 eum
1796 5102 1908 5166 adoret
1935 5103 2005 5167 loeo
2037 5101 2116 5179 Dei;
2150 5122 2267 5166 severo

340 5180 369 5243 2.
415 5177 506 5259 Qum
528 5192 627 5247 ettam
655 5185 689 5247 in
717 5186 805 5250 hune
832 5189 932 5253 finem
959 5190 1094 5257 inventa
1113 5201 1164 5259 est
1183 5194 1232 5257 le
1284 5202 1396 5258 tamen
1423 5192 1544 5256 Petrus
1576 5210 1619 5253 ne
1653 5189 1714 5254 hoo
1746 5189 1845 5254 faeiat
1878 5189 2036 5270 prohibet.
2082 5186 2167 5266 Cur,
2199 5188 2268 5254 nisi
