4672 5842
234 313 276 375 39
885 304 1153 373 INSTI'PUTIO
1174 306 1280 371 REL.
1301 303 1483 371 olimst.
1509 308 1600 368 1559.
2198 302 2244 365 to

231 508 345 582 postea
366 498 401 560 in
422 496 545 560 cultum
567 510 627 560 aut
645 496 836 577 obsequium
855 496 919 559 Dei
941 494 1127 572 moliantur,
1149 494 1212 557 irn-
1235 493 1240 585 l
1263 514 1322 575 per
1354 494 1404 557 sui
1439 493 1577 557 similem
1611 511 1760 568 manere;
1792 512 1858 554 non
1891 498 2055 570 spectrum
2081 510 2152 554 esse
2184 498 2244 553 aut

232 605 373 667 pensum
402 583 449 645 illi
478 583 563 646 l'erre
591 596 772 663 nequeunt:
807 583 968 663 quianon
997 580 1120 661 ipsum.
1154 578 1211 644 sed
1235 590 1239 677 j
1263 579 1473 660 phantasma,
1502 576 1588 660 quod
1615 600 1675 660 pro
1700 576 1951 657 uniuscuiusque
1976 574 2110 639 libidine
2132 586 2242 640 trans·

232 669 339 736 cordis
360 668 410 733 sui
437 672 633 750 figmentum
660 669 766 751 potius
794 682 827 731 et
850 668 1028 744 somnium,
1062 687 1121 749 pro
1140 666 1211 746 ipso
1234 684 1238 781 p
1262 666 1429 729 formetur.
1484 665 1531 728 Et
1562 685 1640 728 sane
1674 663 1785 726 uidere
1818 675 1867 726 est
1899 682 1998 742 quam
2031 660 2242 726 mendacibus

231 756 352 820 colunt.
398 753 491 818 Hanc
506 755 697 836 pravitatem
719 754 833 817 diserte
855 758 937 817 natm
955 752 1081 815 Paulus
1098 752 1208 834 (llam.
1235 784 1238 811 t
1262 752 1344 815 lircis
1366 751 1438 814 Deo
1461 749 1578 813 illudat
1598 750 1799 831 superstitio,
1822 746 1901 823 dum
1923 747 2101 830 gratificari
2124 754 2241 811 tentat.

237 847 262 915 l,
282 842 354 923 22),
388 841 561 921 inlatuatos
592 860 657 904 esse
688 841 806 914 dicens,
839 859 936 919 qaum
963 840 1118 918 sapientes
1145 858 1211 902 esse
1234 860 1238 895 :
1262 836 1348 900 Nam
1371 835 1594 912 eateresola,
1617 833 1785 918 quaesibi
1808 854 2084 898 curaenonesse
2101 841 2243 898 testatus

230 932 415 1009 appeterent.
460 925 562 988 Prius
584 926 707 989 diceret
727 927 889 989 renituisse
910 927 944 987 in
966 925 1036 988 suis
1057 925 1210 1006 capitatia-
1262 937 1320 997 est,
1345 923 1514 1004 arripiens,
1537 942 1621 1003 quae
1643 920 1834 1004 praescribit
1855 940 1892 983 ac
1915 918 1976 983 sibi
1999 918 2126 1001 plaeere
2148 918 2243 983 docet

229 1014 339 1091 nibus,
361 1013 415 1076 sed
436 1032 474 1075 ne
495 1013 569 1091 quis
589 1033 639 1075 eos
660 1012 753 1091 ctdpa
773 1013 918 1074 extrueret
937 1010 1071 1087 subiicit,
1101 1010 1209 1074 rrrerito
1233 1046 1237 1139 1
1261 1020 1319 1071 aut
1341 1009 1550 1089 contemptim
1574 1007 1683 1082 habet,
1708 1007 1884 1069 autetiam
1906 1026 1973 1068 non
1995 1004 2243 1069 dissimulanter

228 1120 280 1164 cos
300 1099 475 1171 excaecari,
510 1098 586 1177 quia
607 1096 767 1160 sobrietate
794 1118 855 1159 riou
881 1097 1023 1167 contenti,
1055 1097 1110 1159 sert
1133 1096 1210 1176 plus
1234 1142 1237 1149 .
1261 1093 1374 1158 reiicit.
1420 1096 1489 1157 b'ua
1511 1114 1589 1176 ergo
1610 1093 1725 1156 debris
1745 1092 1855 1156 colunt
1884 1102 1918 1153 et
1939 1090 2077 1154 adomnt
2103 1092 2243 1172 quicun-

190 1232 193 1237 -
230 1184 491 1265 sibiarrogando
513 1184 751 1263 qtranttassit,
773 1183 913 1246 tenebras
938 1182 1207 1260 attrectassent,
1233 1244 1236 1255 ,
1260 1201 1323 1261 que
1354 1180 1462 1244 ctrlttrs
1484 1180 1555 1243 Deo
1577 1179 1815 1243 commentitios
1837 1177 1985 1260 erigunt;
2013 1177 2090 1258 quia
2117 1198 2242 1259 nequa·

230 1271 294 1335 imo
318 1271 408 1332 inani¹
429 1289 466 1332 ac
482 1288 629 1348 peruersa
648 1269 735 1348 tastu
754 1290 787 1331 se
806 1269 888 1349 ipsos
908 1269 1072 1348 infatuant.
1123 1266 1209 1331 l'rule
1233 1330 1236 1339 ,
1260 1286 1359 1347 quam
1382 1266 1428 1328 ita
1449 1287 1524 1330 cum
1537 1266 1610 1329 Deo
1631 1264 1751 1347 nugari
1768 1263 1928 1327 auderent
1945 1263 2008 1325 nisi
2021 1263 2129 1327 Deum
2147 1263 2243 1343 prius

230 1357 380 1436 sequitur,
405 1374 464 1419 iton
485 1375 550 1418 esse
571 1353 776 1417 rucrtsabilem
798 1375 904 1418 earrtm
924 1354 1092 1417 strdtitiam
1119 1355 1209 1417 cuius
1260 1372 1423 1433 nugarum
1452 1372 1586 1415 suarum
1617 1351 1749 1432 ineptiis
1777 1358 2031 1413 consentaneum
2055 1350 2241 1413 finxissent

229 1446 393 1506 causaest
415 1461 475 1503 non
497 1460 580 1503 curra
607 1440 695 1503 rrtodo
722 1440 904 1505 euriositas.
933 1440 986 1503 sed
1015 1438 1110 1503 libide
1130 1440 1209 1520 plus
1232 1446 1236 1511 ῐ
1261 1434 1372 1516 Quare
1400 1436 1579 1519 apostolus,
1610 1456 1729 1518 vagam
1752 1435 1842 1499 illam
1865 1452 1897 1499 et
1920 1435 2093 1499 erraticam
2115 1433 2155 1498 de
2176 1456 2242 1499 nu·

228 1527 347 1592 suetidi
368 1546 464 1606 quam
481 1547 545 1606 par
567 1527 617 1601 sit,
639 1546 709 1589 cum
728 1525 814 1606 talea
838 1526 1032 1605 confidentia.
1232 1590 1236 1607 Ι
1260 1524 1350 1587 mine
1377 1523 1578 1606 opinionem,
1605 1523 1670 1586 Dei
1697 1543 1768 1586 esse
1795 1522 2012 1604 ignorantiam
2039 1520 2241 1604 pronuntiat

317 1618 345 1675 2.
394 1612 482 1691 Quod
508 1617 610 1675 autem
637 1611 748 1675 ltacicl
777 1613 889 1691 impios
916 1618 944 1674 et
970 1631 1100 1675 cesares
1132 1611 1210 1675 dicit
1261 1606 1373 1688 Quum
1394 1610 1513 1687 Deum,
1536 1609 1644 1689 inquit
1664 1606 1755 1689 (Gall.
1777 1614 1814 1681 t,
1833 1608 1887 1687 8),
1910 1607 2093 1681 nesciretis,
2116 1606 2241 1671 servie-

230 1699 333 1780 (Psal.
356 1702 403 1774 14,
428 1701 440 1758 l
466 1712 497 1761 et
523 1702 573 1767 53.
596 1698 628 1779 l)
655 1699 769 1760 erudire
798 1699 831 1760 in
859 1696 1005 1760 euntibus
1033 1697 1115 1769 stris,
1147 1717 1209 1758 reon
1260 1694 1347 1758 batis
1374 1695 1414 1759 iis
1442 1695 1496 1776 qui
1519 1708 1638 1758 natura
1666 1693 1711 1757 dii
1734 1716 1799 1757 non
1822 1702 1924 1757 erant.
1968 1693 2014 1757 Et
2036 1692 2113 1757 alibi
2135 1692 2240 1775 (Eph.

229 1805 295 1850 etse
322 1783 442 1861 Deum,
465 1784 575 1861 primo
596 1784 639 1846 act
666 1803 717 1846 eos
743 1784 947 1863 restringitur
974 1783 1032 1862 qui
1057 1783 1210 1861 sirttacata
1232 1772 1236 1855 i
1262 1784 1290 1857 2,
1314 1784 1367 1863 12)
1389 1782 1459 1844 sine
1481 1779 1553 1844 Deo
1575 1781 1675 1844 tuisse
1698 1779 1799 1843 tradit
1819 1779 1980 1861 Ephesios
2007 1800 2071 1860 quo
2091 1792 2242 1861 tempore

229 1876 364 1933 naturae
382 1868 458 1945 lucc,
480 1868 618 1933 cmrsalta
634 1888 668 1932 se
686 1869 771 1947 ipsos
788 1868 1042 1949 obstupetaciunt,
1060 1872 1096 1930 ut
1108 1867 1209 1947 paulo
1261 1876 1390 1930 erecta
1410 1867 1508 1930 unius
1529 1865 1593 1930 Dei
1616 1866 1800 1947 cognitione
1821 1864 2026 1929 aberrabant.
2066 1864 2135 1929 Nec
2151 1864 2241 1928 mul·

223 1961 299 2036 post
327 1957 439 2018 iterum
472 1953 651 2018 cidebinnrs.
699 1954 964 2033 Querradmadum
990 1954 1104 2017 maritas
1127 1954 1209 2017 ride-
1233 1986 1236 2015 t
1261 1966 1331 2015 tum
1352 1953 1503 2027 interest,
1534 1951 1595 2016 hac
1617 1951 1733 2015 saltem
1756 1952 1792 2014 in
1814 1962 1922 2033 parte,
1950 1951 2104 2015 Deumne
2126 1972 2241 2029 unum,

228 2062 313 2113 mus,
339 2045 507 2119 postquam
538 2038 678 2103 audac-ia
697 2040 849 2118 pertarrdi
870 2045 898 2102 ct
920 2040 1138 2103 cornrrctndine
1159 2037 1209 2101 ab
1261 2059 1304 2101 an
1326 2038 1437 2119 plures
1458 2037 1635 2119 concipias:
1666 2037 1742 2119 quia
1770 2059 1899 2119 sempor
1927 2060 1947 2100 a
1974 2059 2051 2101 vero
2071 2037 2143 2101 Deo
2171 2035 2241 2100 dis-

233 2126 416 2197 durucrint,
452 2126 574 2205 tirriosc
605 2126 750 2204 repellere.
782 2145 899 2188 orrrrrem
932 2124 997 2188 Dei
1027 2126 1208 2188 tertineriam
1234 2110 1364 2199 lesdis,
1393 2136 1427 2187 et
1448 2123 1572 2188 deficis:
1606 2143 1670 2204 quo
1699 2122 1828 2195 relicto,
1861 2123 1945 2186 nibil
1968 2123 2027 2187 tibi
2051 2134 2153 2187 restat·
2174 2122 2242 2187 nisi

233 2232 315 2293 quac
337 2217 438 2274 tanuen
461 2210 528 2273 illis
548 2217 655 2288 merite
676 2232 698 2274 a
719 2216 853 2274 nutrirae
880 2232 974 2274 sarisa
998 2212 1083 2273 intus·
1104 2231 1210 2292 squc·
1260 2209 1459 2274 exsecrabile
1480 2208 1612 2273 idolum.
1657 2207 1814 2291 Superest
1836 2230 1916 2293 ergo
1937 2221 1975 2273 ut
1997 2230 2071 2274 cum
2094 2209 2242 2274 Lactan-

233 2299 327 2362 ritur.
373 2295 445 2358 lam
474 2316 535 2375 quo
566 2298 669 2377 arogis
699 2295 906 2360 detestabilem
938 2316 1045 2360 eorum
1069 2297 1210 2377 {iurarem
1262 2297 1306 2358 tio
1329 2297 1576 2360 coristituamus:
1604 2294 1730 2358 nullam
1751 2317 1822 2359 esse
1843 2295 2025 2378 legitimam
2046 2295 2243 2378 religionem

234 2382 355 2458 reddat,
373 2402 424 2444 eos
442 2381 561 2444 inducit
571 2384 717 2460 praecise
734 2381 993 2464 rthantcslteum
1010 2402 1083 2455 esse,
1102 2402 1211 2461 quam-
1234 2410 1237 2425 ·
1260 2382 1325 2445 nisi
1347 2404 1422 2446 cum
1444 2381 1582 2445 veritate
1603 2382 1819 2444 coniunctam.

233 2469 284 2531 uis
304 2466 470 2530 essentiam
499 2466 547 2529 illi
574 2488 666 2531 suam
693 2488 755 2531 reon
780 2467 938 2541 adiuta-nt,
965 2468 1020 2532 sed
1041 2469 1119 2548 qtria
1140 2448 1237 2547 spa'
1347 2475 1377 2530 4.
1421 2468 1548 2531 Accedit
1575 2465 1802 2531 etsecundum
1824 2478 2009 2548 peccatum,
2037 2464 2127 2549 quod
2145 2484 2244 2545 neque

233 2553 346 2616 tientes
373 2572 444 2615 eune
470 2572 528 2614 suo
557 2554 674 2617 tradicio
700 2559 728 2617 et
749 2554 952 2633 procidentia
979 2555 1110 2617 otiosum
1131 2552 1210 2617 coelo
1261 2553 1325 2617 Dei
1348 2554 1507 2617 rationem
1529 2573 1667 2634 unquam
1688 2552 1798 2616 babent
1820 2553 1884 2615 ruisi
1906 2552 2017 2629 inviti,
2046 2572 2100 2615 ncc
2126 2552 2168 2615 ad
2190 2552 2244 2631 ip·

233 2638 406 2701 irtcludunt.
452 2636 539 2700 Il'am
549 2659 647 2718 quum
657 2639 739 2703 nibil
748 2641 856 2703 ntirtus
868 2640 935 2704 Deo
945 2640 1106 2703 emiceniat
1115 2659 1210 2720 quam
1260 2660 1333 2703 sum
1364 2640 1618 2721 appropinquant
1654 2638 1747 2703 detrec
1785 2639 1963 2702 renitentes
1995 2638 2242 2719 pertrahantur,

234 2723 384 2787 abiectam
417 2724 529 2786 nruiuli
560 2723 813 2806 pertractationem
850 2730 996 2805 {ortunae
1021 2727 1210 2804 peratittere,
1234 2758 1237 2817 5
1261 2747 1321 2789 nec
1343 2730 1409 2788 tum
1428 2746 1545 2806 quoquc
1566 2724 1739 2788 troluntario
1761 2723 1954 2788 imbuant-ur
1971 2726 2097 2801 timore,
2120 2724 2175 2806 qui
2197 2744 2244 2787 ex

232 2811 385 2873 caecutire
411 2809 454 2872 ad
481 2808 642 2873 lierni-itum
669 2811 799 2889 scelera,
826 2816 862 2873 ut
883 2813 1011 2893 inmune
1031 2811 1211 2875 lasciviant:
1233 2878 1237 2897 Ι
1260 2811 1387 2875 diuinae
1403 2810 1582 2875 maiestatis
1604 2810 1789 2875 reverentia
1802 2811 1894 2889 duat,
1917 2808 1974 2875 sed
1992 2814 2112 2873 tardum
2132 2810 2244 2874 servili

233 2896 381 2976 quisquis
397 2894 545 2959 exstincto
562 2895 700 2961 coeletis
716 2897 832 2961 iudicii
849 2902 933 2960 aiau
953 2916 1060 2961 secure
1081 2895 1144 2960 sibi
1162 2897 1209 2959 in·
1234 2904 1237 2921 '
1259 2902 1288 2961 et
1319 2901 1434 2974 macto,
1467 2917 1558 2977 quem
1584 2895 1651 2960 illis
1681 2895 1745 2960 Dei
1771 2896 1926 2961 iudicium
1952 2900 2122 2976 actorque,
2153 2894 2244 2978 quod

232 2981 343 3062 dulcet,
365 2980 471 3044 Deum
492 3001 558 3045 asse
584 2988 683 3064 negat.
728 2982 833 3062 Atque
853 2982 928 3046 lraec
949 2985 1035 3046 iusta
1057 2981 1122 3046 Dei
1142 2983 1210 3045 cin-
1233 3054 1237 3075 Ι
1261 2983 1338 3065 quia
1371 2982 1516 3065 effugere
1549 2990 1732 3064 nequeunt,
1765 2981 1958 3058 exhorrent,
1989 2981 2036 3046 sic
2065 2992 2175 3046 tamen
2202 2990 2244 3046 ut

232 3067 316 3131 dicta
343 3070 401 3142 est,
428 3067 655 3148 pinguedinem
682 3066 829 3133 obducere
861 3068 1022 3144 cordibus,
1045 3072 1080 3131 ut
1106 3068 1209 3148 impii,
1234 3120 1236 3133 .
1261 3070 1360 3133 ctiam
1383 3068 1621 3132 abominentur.
1666 3066 1837 3150 Siquidem
1864 3068 2096 3133 conuenienter
2120 3068 2156 3131 in
2176 3068 2244 3131 im·

225 3156 397 3231 postquam
418 3151 520 3215 occulos
541 3174 615 3217 suos
635 3153 824 3231 clauserunt,
846 3154 979 3219 uidcrrdo
996 3174 1057 3217 non
1074 3154 1208 3218 uideant.
1233 3138 1237 3211 l
1262 3154 1426 3238 pietatem,
1448 3175 1467 3218 a
1503 3176 1544 3218 uo
1565 3155 1601 3218 in
1613 3153 1697 3218 hane
1720 3154 1837 3231 solam,
1860 3154 2015 3236 competit
2034 3152 2119 3217 illud
2129 3150 2242 3231 Statii,

233 3234 280 3300 Et
310 3236 421 3301 Dauid
453 3236 532 3300 alibi
564 3238 667 3319 (Paul.
688 3243 728 3303 36
759 3242 791 3315 2,
819 3238 896 3304 ibid
919 3246 966 3313 lt),
988 3239 1042 3324 11)
1074 3240 1211 3319 optiruus
1233 3256 1237 3389 p
1262 3242 1411 3303 timorem
1434 3240 1576 3322 primum
1598 3240 1714 3304 fecisse
1732 3240 1865 3304 inorbo
1888 3238 1973 3303 deos.
2003 3238 2070 3319 Qui
2092 3240 2244 3305 animum

229 3342 309 3388 suae
332 3323 497 3387 sederitiae
518 3328 562 3388 est
588 3325 757 3407 interpres,
793 3325 848 3391 ubi
880 3326 956 3391 dicit
978 3327 1120 3389 timorem
1146 3324 1211 3388 Dei
1262 3348 1283 3390 a
1309 3327 1372 3390 Dei
1402 3326 1528 3391 iustitia
1556 3325 1700 3390 alienum
1728 3334 1862 3409 gerunt,
1896 3325 2054 3402 tribunal,
2086 3323 2172 3408 quod
2197 3324 2244 3389 ad

233 3428 296 3473 aaa
319 3429 384 3474 esse
398 3429 481 3489 proc
507 3409 606 3474 oculis
632 3412 819 3490 impiorum
847 3414 920 3477 beru
945 3410 1007 3476 sibi
1035 3413 1070 3476 in
1094 3410 1212 3491 malefi-
1233 3410 1237 3477 i
1262 3412 1474 3477 vindicandas
1496 3412 1566 3476 eius
1587 3413 1865 3495 transgressiones
1887 3420 1975 3476 stare
1996 3413 2117 3487 sciunt,
2145 3432 2243 3475 ever·

232 3495 293 3558 ciis
314 3494 443 3574 superbe
458 3494 627 3576 plaudere,
654 3498 734 3577 quia
754 3496 860 3562 Deum
887 3518 948 3561 nou
968 3499 1120 3578 aqucere,
1148 3495 1212 3560 sibi
1234 3506 1237 3587 t
1262 3519 1336 3562 sum
1358 3519 1556 3581 magnopere
1579 3498 1723 3578 eupiunt.
1758 3495 1832 3577 Quo
1855 3499 1974 3562 affectu
1997 3496 2154 3563 adversus
2170 3498 2244 3562 Do-

227 3581 451 3662 pcrsuadcant.
499 3584 685 3661 Quianquam
706 3604 778 3665 erqo
793 3589 943 3667 coguntur
958 3583 1095 3664 aliquem
1106 3582 1212 3647 Deum
1234 3616 1237 3641 ι
1261 3585 1388 3647 minum
1410 3583 1654 3667 belligerantur,
1679 3584 1735 3665 qui
1756 3584 1827 3647 sine
1850 3583 1967 3648 iudicio
1989 3604 2061 3648 esse
2082 3605 2148 3648 non
2167 3592 2244 3666 pot

233 3686 410 3748 agnoscere,
438 3666 508 3729 eius
526 3671 629 3730 tanuen
655 3667 791 3750 gloriam
817 3671 1018 3746 eeiaarriunt,
1040 3670 1212 3749 potentiam
1234 3646 1238 3789 l
1262 3678 1327 3747 est3
1355 3669 1412 3733 sed
1442 3670 1519 3733 dum
1547 3670 1616 3735 eius
1644 3669 1824 3751 potentiam
1850 3669 1913 3733 sibi
1934 3669 2156 3734 inevitabilem
2177 3670 2244 3733 im-

231 3750 283 3815 illi
303 3751 505 3829 detrabendm
526 3753 607 3816 sicud
624 3756 706 3818 etaim
728 3754 815 3836 (teste
838 3756 940 3819 Paulo
962 3760 979 3817 2
999 3756 1083 3819 'lim
1104 3757 1133 3829 2,
1156 3754 1210 3837 13)
1234 3806 1237 3833 ,
1261 3756 1392 3825 minere,
1415 3755 1619 3838 intelligunt,
1651 3756 1728 3836 quia
1756 3776 1816 3819 neo
1838 3755 1981 3833 amoliri,
2014 3776 2075 3820 nec
2096 3756 2245 3839 effugere

231 3836 322 3900 Deus
343 3858 377 3901 se
397 3838 502 3917 ipsum
524 3838 676 3922 abrupere
695 3842 810 3921 respuit,
832 3843 910 3922 quia
931 3843 985 3905 sui
999 3846 1151 3922 perpetuo
1168 3842 1212 3903 si·
1262 3841 1388 3919 valent,
1421 3840 1643 3906 reformidant.
1695 3841 1811 3922 Itaque
1842 3863 1884 3905 ne
1917 3842 2035 3923 ubique
2066 3840 2245 3907 videantur

228 3910 1331 4015 titilismanetdtaistimertuumairraneiclalumfinpcndo,1mna
1357 3932 1541 3992 mittentnere
1567 3928 1660 3991 cuius
1686 3928 1835 3991 nmiestas
1862 3948 1914 3992 eos
1939 3932 2042 4009 urget,
2070 3927 2244 4009 qualicun-

229 4005 334 4072 Deum
361 4029 475 4091 negare
501 4031 571 4075 ecre
588 4011 743 4076 dicaretur.
787 4013 843 4077 At
865 4013 940 4077 llaec
960 4014 1128 4077 notatarium
1154 4018 1208 4089 est,
1233 4042 1236 4049 ·
1260 4035 1323 4095 que
1349 4013 1516 4096 religionis
1548 4014 1654 4095 specie
1684 4011 1923 4096 defunguntur,
1963 4015 2096 4077 interim
2128 4021 2243 4079 tamen

229 4094 374 4175 quemme
402 4094 554 4159 luctentur
579 4117 650 4160 cum
670 4099 804 4180 proprie
829 4119 940 4177 semu,
972 4104 1001 4163 et
1022 4099 1126 4163 Deum
1147 4120 1210 4161 aon
1232 4072 1237 4199 l
1261 4121 1325 4163 non
1356 4099 1510 4164 desinunt
1537 4100 1626 4162 omni
1647 4099 1803 4164 vitiorum
1825 4120 1946 4183 genere
1972 4121 2007 4163 se
2023 4098 2175 4181 palluere,
2205 4108 2242 4164 et

228 4179 332 4244 solum
352 4181 426 4269 iude
452 4187 604 4260 estuare,
630 4184 686 4247 sed
713 4185 748 4247 in
775 4185 856 4249 coelo
876 4206 997 4266 quoque
1018 4184 1139 4249 abolere
1159 4205 1210 4248 cu·
1259 4185 1386 4268 flagitia
1407 4186 1541 4268 flagitiis
1562 4185 1724 4267 copulare,
1747 4184 1849 4250 donec
1871 4194 2019 4250 sanctam
2036 4185 2170 4250 Domini
2191 4185 2241 4251 le-

221 4267 332 4349 piant‚
360 4286 522 4348 nunquam
543 4272 643 4331 tamen
665 4289 699 4333 eo
719 4290 817 4351 usque
838 4271 1023 4336 irrualascere
1043 4276 1208 4352 stupmern,
1260 4292 1335 4354 gem
1357 4273 1445 4335 omni
1469 4293 1510 4335 ex
1532 4282 1626 4353 parte
1647 4271 1810 4349 violarint,
1833 4279 1867 4335 et
1885 4272 2074 4336 tmiversam
2096 4272 2167 4337 eius
2187 4273 2241 4337 iu·

228 4354 307 4433 quin
325 4351 465 4417 retrabat
486 4352 579 4417 Deus
599 4355 686 4435 ipsos
707 4357 864 4421 interdum
886 4357 928 4421 ad
949 4377 1045 4420 suum
1061 4356 1207 4420 tribunal.
1260 4358 1384 4421 stitiam
1417 4356 1622 4439 dissiparint3
1662 4357 1714 4422 vel
1754 4366 1842 4422 certe
1881 4378 1946 4421 uon
1978 4358 2026 4421 ita
2057 4359 2262 4423 retinentur.

230 4437 293 4503 Sea
314 4439 392 4521 quia
420 4438 507 4502 stallo
534 4445 617 4504 marr
643 4442 815 4506 retinentur
843 4463 904 4523 quo
931 4444 1037 4506 naturus
1064 4442 1209 4506 uiolata
1259 4442 1411 4507 simtdato
1431 4443 1488 4507 illo
1508 4444 1573 4509 Dei
1593 4444 1726 4519 timore,
1754 4444 1834 4525 quin
1861 4444 2008 4508 suaviter
2034 4444 2069 4508 in
2096 4445 2241 4527 peccatis

225 4530 334 4589 contro
359 4522 466 4589 Deum
494 4531 604 4591 ruerat:
626 4528 779 4609 quamdiu
807 4528 880 4593 illos
913 4530 959 4595 ita
985 4530 1070 4610 rapit
1100 4548 1208 4593 caenis
1260 4530 1328 4593 suis
1350 4529 1565 4610 acquiescant,
1588 4541 1622 4593 et
1643 4529 1705 4594 sibi
1726 4528 1945 4606 blandiantur,
1974 4540 2008 4605 et
2029 4530 2139 4595 carnis
2160 4550 2241 4595 suae

227 4609 369 4690 impetus,
393 4610 518 4675 brutam
538 4611 602 4676 Dei
623 4612 806 4679 obliuionem
826 4616 862 4678 in
890 4615 971 4696 ipsis
991 4635 1123 4697 regirare
1143 4635 1207 4678 cer-
1258 4615 1529 4697 intemperantiae
1542 4615 1714 4698 indulgere
1728 4614 1854 4693 malint,
1872 4635 1971 4696 quam
1985 4617 2121 4699 spiritus
2133 4616 2240 4682 sancti

225 4698 293 4758 tum
312 4700 365 4758 est.
1257 4702 1370 4765 baana
1392 4722 1464 4766 eam
1487 4701 1646 4767 cohibere.
1692 4699 1760 4765 sed
1789 4700 1920 4782 quando
1941 4701 2050 4768 inanis
2072 4722 2113 4767 ea
2133 4714 2184 4767 est
2203 4712 2240 4769 et

314 4782 351 4876 3.Ι
388 4778 445 4845 Sic
477 4783 575 4848 inane
607 4784 689 4849 illud
722 4786 942 4868 patrocinium
973 4785 1059 4869 quod
1091 4807 1206 4869 super-
1256 4786 1400 4851 mendax
1433 4788 1600 4873 religionis
1632 4787 1765 4863 umbra,
1798 4787 1855 4849 rix
1887 4787 1988 4851 etiam
2020 4787 2122 4873 digna
2153 4808 2239 4871 quaa

226 4865 454 4963 ebdomadae
475 4879 665 4949 praetexere
683 4872 781 4936 multi
799 4874 915 4951 solent,
938 4872 1105 4937 evertitur.
1136 4871 1205 4936 Pu·
1258 4874 1374 4939 umbra
1391 4875 1587 4949 nominetur,
1610 4872 1683 4935 binc
1703 4892 1817 4935 rursus
1836 4872 1931 4953 facile
1947 4874 2071 4939 elicitur
2085 4879 2241 4957 muttum

225 4958 299 5015 tant
320 4972 409 5015 emm
426 4951 569 5016 studium
586 4956 811 5041 qualecunque
828 4959 1003 5043 religionis,
1026 4957 1206 5041 quamlibet
1255 4958 1297 5023 ab
1315 4958 1374 5024 lac
1394 4962 1523 5042 corrsusa
1544 4958 1607 5023 Dei
1620 4958 1737 5021 notitia
1750 4957 1883 5022 diflerat
1895 4980 1979 5041 quae
2001 4960 2078 5025 solis
2089 4960 2239 5027 fidelium

224 5045 486 5134 praeposterum,
515 5039 595 5103 satis
623 5062 710 5121 esse;
742 5044 801 5109 sed
828 5066 895 5109 non
924 5044 1204 5124 animadvertunt,
1255 5046 1441 5129 pectoribus
1462 5042 1641 5109 instillatur
1659 5043 1780 5124 pietas,
1808 5065 1851 5108 ex
1875 5065 1941 5128 qua
1967 5045 2099 5110 demum
2120 5044 2238 5131 religio

223 5144 339 5189 reram
359 5121 551 5205 religionem
573 5123 614 5188 ad
630 5125 696 5190 Dei
716 5136 845 5207 nutum,
867 5152 926 5195 eeu
948 5129 991 5196 ad
1011 5138 1204 5212 perpetuam
1228 5156 1232 5217 Ι
1256 5133 1412 5197 nascitur.
1456 5130 1502 5195 Et
1528 5135 1629 5193 tantm
1651 5128 1706 5194 bac
1726 5152 1788 5212 per
1810 5131 1966 5209 flmuasos
1991 5133 2143 5198 areatas
2167 5150 2237 5201 tote

221 5209 384 5295 regulam,
405 5207 524 5274 debere
541 5211 746 5291 cantamen,
767 5215 879 5279 Deum
895 5237 974 5281 vero
991 5217 1101 5299 ipsum
1117 5237 1202 5282 sem-
1227 5220 1232 5270 t
1253 5220 1343 5300 sequi
1369 5217 1473 5282 odunt
1492 5215 1681 5297 hypocritae,
1707 5222 1742 5279 ut
1763 5215 1832 5281 Deo
1852 5237 1943 5298 quen
1960 5217 2090 5302 sopiunt
2103 5218 2237 5302 propiis·
