4672 5842
167 310 230 366 aba
477 301 567 367 LIB.
591 303 651 368 IV.
697 301 760 369 DE
783 301 1020 368 uxraRNIS
1042 304 1209 370 Munna
1231 305 1297 371 AD
1321 302 1551 372 SALUTEM„
1597 308 1696 375 OAP.
1720 309 1782 375 IX.
1817 310 1861 376 X.
2114 318 2180 380 sto

166 515 234 556 non
263 491 341 556 satis
369 491 532 556 subtiliter
559 492 756 557 discernunt
800 493 978 557 Praeterea
1004 492 1144 556 difficul·
1197 493 1344 557 animum
1365 515 1551 575 purumque
1573 496 1614 560 ab
1636 498 1725 560 omni
1743 496 1877 561 libidine
1895 499 1986 564 Deus
2009 504 2176 586 praecipit,

166 587 269 654 tatem
302 585 411 660 auget·
426 577 513 660 quod
533 578 658 642 Paulus
691 578 909 643 obediendum
936 599 1007 642 esse
1039 580 1143 660 magi·
1196 576 1254 643 sed
1276 578 1456 661 quamlibet
1477 580 1653 644 verborum
1675 581 1929 648 obscoenitatem
1951 593 1985 649 et
2006 595 2177 652 externam

166 665 283 729 stratui
320 665 492 746 praecipit,
532 687 598 731 non
637 685 761 748 poenae
796 664 900 728 solum
940 670 1044 741 metu,
1086 664 1143 728 sed
1195 664 1364 730 lasciviam
1382 664 1541 747 prohibet
1573 667 1685 732 Huius
1702 669 1783 752 legis
1802 669 2029 750 observationi,
2049 674 2177 740 etiamsi

165 760 299 833 propter
321 751 555 815 conscientiam
576 751 686 834 (Rom.
708 755 755 826 13,
777 755 820 835 5).
866 751 962 815 Unde
987 750 1141 832 sequitur,
1196 749 1308 814 nullus
1327 752 1361 814 in
1380 750 1502 814 mundo
1523 751 1621 815 homo
1639 754 1773 834 viveret,
1793 756 1991 821 conscientia
2008 780 2083 823 mea
2100 760 2177 824 sub-

165 836 305 918 politicis
323 858 449 919 quoque
467 835 595 920 legibus
613 835 772 919 obstringi
792 837 1014 901 conscientias.
1045 834 1142 916 Quod
1196 837 1313 900 iicitur.
1348 836 1402 900 Ita
1412 836 1468 917 qui
1482 837 1506 918 ¹)
1529 858 1564 901 se
1574 839 1832 921 intemperanter
1850 842 1944 924 gerit,
1963 865 2030 907 non
2047 865 2085 909 eo
2103 854 2177 909 tan-

166 924 193 987 si
215 922 262 985 ita
284 931 384 996 esset,
413 922 544 987 caderet
566 921 725 1004 quidquid
752 924 901 1005 proximo
925 923 1029 1004 capite
1058 921 1142 984 dixi·
1196 935 1268 985 tum
1294 930 1408 1003 peccat
1430 920 1515 1003 quod
1544 924 1668 988 malum
1690 926 1877 1008 exemplum
1904 930 2039 1009 praebet
2066 931 2176 995 fratri-

165 1029 253 1082 mus,
284 1028 321 1072 ac
351 1009 414 1071 iam
444 1007 562 1073 dicturi
585 1029 698 1072 sumas
722 1007 762 1073 de
788 1007 948 1090 spirituali
973 1007 1141 1091 regimine.
1195 1009 1265 1085 bus,
1300 1007 1357 1072 sed
1379 1008 1612 1073 conscientiam
1640 1020 1734 1076 reatu
1759 1013 1948 1078 obstrictam
1970 1015 2069 1080 habet
2090 1016 2177 1099 apud
2207 1060 2211 1066 ·

165 1095 215 1159 Ut
241 1095 294 1158 hic
322 1093 428 1158 nodus
456 1095 616 1170 solvatur,
645 1095 750 1176 primo
779 1116 896 1176 operae
924 1095 1066 1177 pretium
1093 1103 1144 1158 est
1196 1094 1313 1157 Deum
1347 1094 1424 1158 Alia
1444 1095 1485 1163 in,
1501 1094 1598 1159 rebus
1616 1117 1675 1177 per
1697 1118 1731 1161 se
1754 1098 1869 1162 mediis
1891 1108 1942 1164 est
1963 1101 2056 1165 ratio.
2090 1103 2176 1168 Abs·

165 1193 277 1245 tenere
300 1180 377 1263 quid
401 1182 442 1243 sit
464 1180 669 1245 conscientia.
709 1182 758 1245 Ac
781 1179 925 1245 definitio
948 1179 1078 1261 quidem
1101 1201 1143 1242 ex
1196 1180 1301 1244 tinere
1329 1181 1416 1244 enim
1445 1177 1600 1245 debemus
1628 1183 1655 1247 si
1678 1182 1764 1264 quod
1785 1184 1916 1265 pariant
1934 1186 2175 1268 ostendiculum,

163 1277 274 1350 etymo
297 1268 384 1331 vocis
407 1266 549 1348 petenda
570 1276 628 1330 est.
673 1267 758 1330 Nam
781 1266 885 1342 sicuti,
909 1286 1012 1348 quum
1034 1275 1143 1329 mente
1196 1265 1253 1329 sed
1281 1263 1383 1328 libera
1410 1266 1615 1330 conscientia.
1666 1267 1720 1331 Ita
1748 1269 1788 1333 de
1814 1290 1913 1334 carne
1940 1271 2035 1337 idolis
2063 1294 2175 1339 conse-

164 1352 445 1436 intelligcntiaque
473 1352 623 1417 homines
646 1351 898 1434 apprehendunt
925 1371 1037 1415 rerum
1057 1352 1142 1414 noti·
1195 1359 1287 1415 crata
1308 1351 1435 1416 Paulus
1462 1351 1606 1432 loquitur
1628 1354 1659 1436 (1
1688 1353 1762 1418 Cor.
1793 1360 1845 1430 to,
1871 1358 1942 1440 28):
1973 1358 2096 1440 siquis
2124 1362 2176 1424 in·

164 1439 255 1512 tiam
279 1460 319 1503 ex
342 1461 380 1502 eo
403 1438 556 1503 dicuntur
573 1439 666 1514 scire,
689 1436 777 1501 unde
795 1447 828 1501 et
846 1437 1000 1503 scientiae
1022 1458 1143 1501 nomen
1194 1437 1284 1501 iiciat
1306 1437 1507 1519 scrupulum,
1531 1437 1646 1519 inquit,
1671 1440 1736 1504 noli
1755 1441 1926 1524 attingere,
1948 1455 2081 1526 prepter
2099 1467 2175 1511 con-

165 1525 307 1589 ducitur:
349 1525 410 1602 ita,
444 1546 545 1607 quum
573 1545 706 1588 sensum
740 1524 863 1589 habent
896 1523 1000 1588 divini
1032 1522 1142 1588 iudicii
1195 1523 1382 1600 scientiam;
1411 1522 1483 1588 dico
1506 1531 1617 1588 autem
1638 1526 1883 1606 conscientiam,
1906 1550 1971 1592 nen
1994 1537 2093 1609 tuam,
2118 1531 2176 1597 sed

164 1612 257 1692 quasi
291 1611 352 1675 sibi
379 1610 569 1675 adiunctum
598 1618 728 1688 testem,
760 1611 816 1692 qui
844 1630 903 1673 sua
929 1617 1061 1690 peccata
1088 1630 1142 1674 eos
1195 1608 1337 1672 alterius.
1382 1609 1540 1673 Peccaret
1569 1610 1665 1674 bomo
1686 1610 1806 1689 fidelis,
1835 1615 1890 1695 qui
1912 1615 2004 1696 prius
2027 1615 2174 1681 admoni-

162 1697 326 1762 occultare
347 1717 414 1761 non
432 1697 520 1770 sinit,
543 1697 623 1777 quin
646 1695 688 1760 ad
708 1694 824 1761 iudicis
842 1695 986 1759 tribunal
1004 1696 1051 1758 rei
1068 1716 1142 1776 per·
1195 1703 1249 1758 tus
1272 1693 1430 1758 eiusmodi
1458 1716 1590 1759 carnem
1618 1696 1830 1762 nihilominus
1856 1699 1975 1764 ederet.
2027 1701 2094 1765 Sed
2122 1711 2176 1767 ut-

163 1783 348 1855 trahantur,
371 1804 485 1847 sensus
507 1782 561 1845 ille
583 1778 943 1855 vocaturttbnscientia.
974 1781 1036 1858 Est
1054 1782 1142 1843 enim
1194 1801 1324 1861 cunque
1335 1780 1446 1845 fratris
1467 1790 1617 1863 respectu
1640 1785 1823 1849 necessaria
1840 1785 1888 1848 illi
1906 1788 1950 1850 sit
1968 1785 2173 1867 abstinentia,

163 1867 319 1951 quiddam
341 1869 427 1933 inter
444 1869 552 1932 Deum
570 1877 604 1931 et
621 1866 787 1932 hominem
805 1865 964 1931 medium:
988 1867 1064 1949 quia
1082 1867 1141 1930 ho·
1194 1874 1232 1928 ιιι
1250 1885 1270 1927 a
1286 1866 1358 1929 Dec
1375 1865 1615 1948 praescribitur,
1633 1890 1700 1932 non
1716 1878 1825 1934 tamea
1843 1872 2059 1936 eonscientiae
2076 1873 2175 1939 liber·

163 1956 287 2017 minem
308 1975 375 2018 non
397 1955 520 2036 patitur
541 1955 576 2016 in
597 1975 632 2018 se
654 1954 724 2035 ipso
746 1955 949 2036 supprimere
975 1951 1060 2034 quod
1083 1973 1142 2015 no-
1195 1959 1297 2014 tatem
1324 1953 1466 2016 retinere
1489 1952 1617 2017 desinit.
1663 1954 1823 2020 Videmus
1845 1965 1884 2020 ιιι
1904 1957 1962 2023 lex
1980 1959 2044 2022 ista
2066 1968 2174 2024 exter-

163 2041 226 2116 ιιι,
254 2039 309 2104 sed
333 2060 474 2122 eousque
502 2040 717 2122 persequitur,
748 2040 850 2103 donec
872 2039 913 2102 ad
934 2048 1061 2102 reatum
1084 2037 1141 2101 ad·
1194 2059 1274 2110 num
1296 2058 1376 2119 opus
1398 2037 1505 2121 ligans
1527 2039 1758 2104 conscientiam
1780 2042 1922 2107 solutam
1943 2043 2112 2125 relinquat

163 2124 268 2190 ducat
300 2125 373 2190 Hoc
394 2135 445 2190 est
467 2123 553 2207 quod
575 2125 729 2208 intelligit
745 2125 871 2188 Paulus
891 2125 1000 2207 (Rom.
1024 2128 1053 2201 2,
1076 2126 1139 2207 15),
1281 2127 1309 2187 5.
1354 2124 1452 2188 Nunc
1481 2124 1523 2187 ad
1550 2124 1711 2190 humanas
1735 2126 1824 2211 leges
1852 2129 2033 2194 redeamus.
2079 2129 2116 2196 Si
2138 2133 2172 2195 in

163 2234 264 2294 quum
286 2210 389 2276 tradit
406 2211 639 2276 conscientiam
662 2211 759 2275 simul
777 2211 925 2274 attestari
943 2209 1139 2286 homiuibus,
1195 2209 1283 2273 hunc
1306 2209 1406 2272 finem
1428 2210 1513 2273 latae
1536 2211 1603 2274 sint
1624 2219 1661 2275 ut
1684 2212 1877 2295 religionem
1898 2216 1993 2280 nobis
2015 2216 2171 2297 iniiciant,

162 2299 217 2362 ubi
240 2298 454 2381 cogitationes
476 2318 530 2361 eos
553 2307 709 2361 accusant
730 2297 783 2360 vel
805 2294 979 2360 absolvunt
1000 2297 1034 2359 in
1056 2295 1140 2360 iudi·
1194 2295 1287 2376 quasi
1314 2316 1373 2377 per
1402 2316 1436 2360 se
1465 2298 1648 2360 necessaria
1673 2298 1716 2361 sit
1738 2320 1851 2363 earum
1873 2301 2069 2380 observatio,
2093 2300 2173 2369 dici-

164 2385 214 2449 cio
236 2384 309 2448 Dei.
349 2383 499 2466 Simplex
526 2384 644 2446 notitia
671 2383 707 2445 in
736 2382 868 2446 homine
896 2380 1038 2446 residere
1066 2403 1140 2464 pos·
1195 2402 1269 2444 mus
1290 2381 1507 2446 conscientiae
1527 2382 1651 2465 imponi
1673 2383 1763 2465 quod
1781 2384 1830 2449 fas
1852 2407 1918 2449 non
1944 2395 2022 2451 erat
2059 2388 2173 2471 Neque

165 2480 214 2532 set
241 2470 345 2533 veluti
371 2470 507 2535 inclusa.
548 2470 639 2551 Ergo
661 2490 776 2534 sensus
805 2468 866 2543 hic,
891 2469 945 2550 qui
974 2467 1141 2531 hominem
1194 2467 1282 2530 enim
1304 2488 1379 2532 cum
1401 2466 1602 2544 hominibus,
1629 2467 1686 2533 sed
1714 2491 1789 2534 cum
1816 2493 1882 2536 uno
1905 2472 1977 2536 Deo
2003 2476 2194 2556 negotium,

164 2557 250 2620 sistit
278 2555 320 2618 ad
341 2557 404 2621 Dei
433 2555 604 2631 iudicium,
633 2562 683 2619 est
705 2556 797 2637 quasi
819 2554 987 2637 appositus
1015 2553 1141 2617 homini
1194 2562 1244 2617 est
1265 2553 1469 2617 conscientiis
1491 2554 1622 2618 nostris.
1668 2553 1743 2635 Quo
1770 2558 1912 2638 pertinet
1934 2557 2015 2623 illud
2036 2560 2172 2643 vulgare

163 2651 287 2719 custos,
311 2643 366 2724 qui
388 2642 499 2705 omnia
520 2642 590 2705 eius
618 2661 737 2707 arcana
759 2640 968 2705 observatae
995 2638 1141 2720 specule-
1194 2637 1366 2702 discrimen
1406 2640 1494 2702 inter
1522 2649 1691 2704 terrenum
1732 2651 1765 2705 et
1802 2644 2018 2709 conscientiae
2053 2646 2171 2712 forum.

164 2738 230 2807 tur,
258 2750 301 2793 ne
330 2726 408 2810 qmd
435 2729 471 2791 in
500 2726 642 2792 tenebris
664 2727 827 2809 sepultum
854 2734 993 2790 maneat.
1045 2724 1142 2790 Unde
1194 2721 1307 2803 Quum
1334 2732 1421 2788 totus
1454 2723 1542 2789 orbis
1575 2725 1768 2791 densissima
1794 2730 1999 2812 ignorantiae
2032 2731 2172 2814 ealigine

162 2824 196 2878 et
218 2823 314 2879 vetus
335 2814 418 2878 illud
441 2813 662 2895 proverbium:
693 2812 892 2879 conscientia
920 2811 1009 2874 mille
1032 2819 1139 2875 testes.
1193 2809 1366 2873 obvolutus
1394 2822 1492 2889 esset,
1527 2811 1608 2875 haec
1634 2821 1746 2877 tamen
1774 2816 1894 2898 exigua
1920 2816 2003 2880 lucis
2031 2817 2173 2882 scintilla

162 2899 290 2965 Eadem
311 2900 439 2964 ratione
462 2907 496 2963 et
511 2900 632 2965 Petrus
650 2899 682 2980 (1
703 2899 793 2963 Petr.
813 2903 841 2974 3,
862 2900 918 2980 21)
943 2898 1044 2961 bonae
1063 2918 1143 2980 erga
1194 2893 1325 2959 residua
1352 2895 1488 2974 mansit,
1517 2906 1557 2959 ut
1578 2896 1731 2963 humanis
1753 2901 1903 2965 omnibus
1925 2899 2053 2967 iudiciis
2076 2923 2171 2985 supe-

163 2986 273 3049 Deum
295 2985 511 3050 conscientiae
533 2984 824 3068 interrogationem
844 2984 954 3066 posuit
969 3002 1029 3064 pro
1050 2989 1142 3047 tran·
1193 2982 1313 3046 riorem
1329 2981 1554 3046 esseheminis
1568 2984 1800 3050 conscientiam
1810 2994 2033 3069 agnoscerent
2058 2986 2173 3068 Quan-
2230 3062 2238 3076 ‚

164 3071 323 3153 quillitate
355 3072 471 3146 animi,
506 3092 609 3152 quum
637 3071 783 3153 persuasi
813 3068 852 3132 de
880 3068 1007 3133 Christi
1033 3070 1142 3151 gratia
1193 3088 1292 3149 quam
1325 3066 1410 3149 quod
1441 3089 1507 3132 uno
1534 3068 1634 3133 verbo
1660 3070 1863 3150 fatebantur,
1896 3081 2009 3154 postea
2033 3094 2069 3138 rc
2102 3075 2173 3157 ipsa
2264 3136 2269 3146 ,

164 3177 225 3220 nos
247 3157 410 3241 intrepido
431 3177 541 3222 ceram
562 3154 635 3221 Deo
662 3157 838 3220 offerimus.
883 3155 928 3218 Et
956 3171 1050 3219 autor
1073 3155 1141 3236 epi·
1193 3152 1447 3218 labefactabant:
1476 3153 1580 3218 voluit
1606 3163 1715 3220 tamen
1741 3155 1835 3222 Deus
1863 3159 2086 3223 testimonium
2112 3160 2172 3224 ali-

164 3242 265 3305 stolac
296 3241 338 3305 ad
370 3242 537 3307 Hebraeos
568 3242 639 3322 (10,
663 3241 712 3325 2),
747 3263 814 3305 non
847 3240 967 3306 habere
1001 3240 1141 3323 amplius
1194 3238 1280 3321 quod
1298 3239 1496 3304 christianae
1512 3239 1673 3306 libertatis
1685 3250 1763 3306 tunc
1781 3264 1909 3326 quoque
1927 3249 2065 3323 exstare,
2085 3245 2171 3328 quod

164 3329 395 3392 conscientiam
431 3328 570 3411 peccati,
609 3350 668 3411 pro
701 3327 853 3392 liberatos
885 3327 939 3392 vel
977 3326 1141 3391 absolutos
1194 3325 1235 3388 ab
1257 3324 1428 3388 hominum
1453 3326 1629 3408 tyrannide
1655 3329 1869 3393 conscientias
1891 3330 2056 3395 eximeret
2103 3329 2173 3395 Sed

163 3434 243 3487 esse,
267 3424 303 3475 ut
322 3422 490 3496 peccatum
512 3435 577 3478 non
600 3413 739 3495 ampbus
760 3434 820 3477 nos
843 3426 969 3496 arguat.
1193 3410 1342 3474 nondum
1364 3410 1517 3493 expedita
1544 3419 1595 3476 est
1621 3412 1680 3477 illa
1705 3412 1879 3480 difficultas
1900 3436 1984 3497 quae
2012 3438 2054 3480 ex
2074 3416 2172 3481 Pauli

249 3507 277 3562 4.
322 3499 438 3581 Itaque
466 3501 551 3564 sicut
582 3521 680 3581 opera
708 3505 892 3581 respectum
920 3497 962 3562 ad
989 3499 1139 3563 homines
1193 3496 1302 3560 verbis
1324 3496 1484 3561 nascitur:
1509 3519 1587 3561 nam
1609 3499 1637 3563 si
1659 3500 1860 3582 principibus
1882 3501 2100 3566 obediendum
2122 3513 2173 3568 est

164 3586 299 3662 habent,
326 3585 374 3648 ita
399 3586 595 3651 conscicntia
622 3583 664 3649 ad
685 3586 796 3650 Deum
824 3586 975 3648 refertur:
1005 3594 1041 3647 ut
1063 3605 1140 3649 con·
1192 3603 1259 3645 non
1286 3601 1409 3663 poenae
1435 3589 1579 3661 tantum,
1614 3583 1671 3649 sed
1700 3585 1916 3651 conscientiae
1948 3608 2061 3666 causa,
2095 3588 2172 3654 inde

163 3671 300 3737 scientia
331 3671 415 3734 bona
446 3672 529 3734 nihil
556 3669 647 3736 aliud
674 3672 717 3736 sit
743 3692 842 3753 quam
871 3670 1008 3734 interior
1034 3668 1140 3734 cordis
1192 3668 1346 3748 consequi
1368 3666 1512 3747 videtur,
1541 3671 1577 3733 in
1602 3672 1835 3736 censcientiam
1857 3693 1984 3754 quoque
2010 3672 2171 3737 dominari

162 3758 342 3840 integritas.
393 3756 435 3820 In
461 3777 558 3837 quem
586 3778 720 3821 sensum
745 3756 870 3821 Paulus
897 3760 928 3831 (l
951 3755 1034 3818 Tim.
1058 3760 1083 3832 1,
1105 3755 1138 3838 5)
1191 3753 1378 3834 principum
1406 3752 1504 3837 leges.
1556 3753 1652 3834 Quod
1680 3758 1845 3822 sinerum
1873 3767 1936 3835 est,
1964 3757 2052 3821 idem
2075 3765 2109 3820 ct
2130 3757 2171 3822 de

161 3842 283 3920 scribit,
307 3841 580 3926 complementum
602 3842 684 3926 legis
704 3864 774 3907 esse
792 3841 971 3917 caritatem,
995 3862 1036 3904 ex
1055 3861 1140 3923 pura
1192 3838 1415 3904 ecclesiasticis
1438 3839 1613 3906 dicendum
1629 3843 1700 3906 erit.
1736 3843 1938 3925 RespondeO,
1957 3843 2100 3924 primum
2118 3843 2172 3906 in·

162 3929 360 3996 conscientia
387 3936 420 3990 et
448 3926 511 3992 tide
538 3949 604 3993 non
632 3930 716 3993 ficta.
759 3929 881 3994 Postea
903 3927 1002 3991 etiam
1025 3924 1138 3991 codem
1191 3932 1368 4007 tergenus
1391 3927 1588 4007 etspeciem
1609 3925 1663 3991 hie
1681 3948 1752 3990 esse
1773 3927 2048 4009 distinguendum.
2068 3928 2170 3994 'Nam

161 4017 266 4097 capite
288 4023 448 4096 quantum
469 4014 508 4077 ab
528 4014 746 4098 intelligentia
763 4013 894 4078 differat
915 4011 1066 4091 ostendit,
1089 4011 1138 4076 di·
1191 4011 1255 4075 etsi
1282 4010 1372 4094 leges
1394 4011 1542 4093 singulae
1565 4012 1796 4076 conscientiam
1823 4033 1889 4075 non
1911 4014 2090 4097 attingant,
2114 4035 2171 4098 ge-

152 4124 239 4167 ,ccns
261 4099 417 4183 quosdam
436 4121 456 4162 a
473 4098 537 4163 fide
554 4100 762 4183 naufragium
779 4101 902 4178 fecisse,
923 4099 999 4181 quia
1017 4098 1138 4163 bonam
1190 4097 1295 4161 nerali
1328 4107 1438 4161 tamea
1466 4104 1639 4179 praecepto
1667 4097 1730 4161 Dei
1758 4105 1923 4177 tenemur,
1951 4099 2040 4181 quod
2066 4103 2170 4184 magi·

161 4187 393 4252 conscientiam
411 4184 659 4266 dereliquerant.
695 4186 759 4250 His
782 4187 871 4250 enim
896 4184 1004 4250 verbis
1024 4184 1138 4250 vivum
1191 4189 1356 4247 stratuum
1384 4181 1594 4245 autoritatem
1622 4183 1716 4247 nobis
1744 4184 1957 4249 commendat.
2002 4186 2112 4268 Atque
2134 4187 2170 4249 in

161 4295 231 4338 esse
254 4271 382 4338 colendi
403 4272 467 4335 Dei
490 4272 643 4335 affectum
662 4272 888 4354 sincerumque
905 4271 958 4353 pie
976 4280 1009 4335 et
1026 4278 1137 4335 sancte
1191 4268 1252 4333 hoc
1274 4265 1407 4333 cardine
1428 4273 1578 4331 versatur
1598 4268 1696 4332 Pauli
1724 4267 1901 4352 disputatio
1923 4270 2033 4355 (Rom.
2055 4275 2103 4348 13,
2126 4268 2168 4353 1),

162 4358 295 4424 vivendi
323 4358 467 4422 studium
490 4356 621 4422 indicat.
667 4355 839 4421 Interdum
860 4356 992 4440 quidem
1015 4355 1057 4420 ad
1079 4355 1138 4418 ho·
1190 4354 1418 4437 magistratm,
1448 4351 1603 4433 quoniam
1630 4353 1744 4418 aDeo
1771 4356 1838 4419 sint
1859 4356 2016 4435 ordinati,
2046 4357 2168 4420 honore

162 4446 266 4509 mines
295 4465 425 4526 quoque
457 4442 659 4519 extenditur,
693 4453 731 4506 ut
759 4463 859 4524 quum
888 4451 1028 4506 testatur
1052 4439 1139 4523 apud
1190 4437 1431 4522 prosequendos
1452 4458 1531 4502 esse.
1575 4439 1709 4504 Interea
1734 4442 1870 4506 minime
1894 4441 1999 4520 docet,
2023 4462 2105 4524 quaa
2128 4441 2169 4506 ab

161 4529 291 4595 Lucam
317 4528 405 4613 (Act.
426 4533 480 4607 24,
509 4530 561 4611 16)
586 4526 678 4593 idem
696 4528 835 4606 Paulus,
863 4549 897 4592 se
923 4548 1055 4610 operam
1083 4525 1139 4591 de-
1191 4526 1256 4589 illis
1283 4524 1472 4590 scribuntur
1493 4523 1596 4607 leges,
1627 4525 1670 4590 ad
1690 4527 1879 4591 interiorem
1901 4528 2029 4591 animae
2051 4528 2170 4611 guber-

163 4613 248 4680 disse
276 4624 313 4678 ut
340 4616 425 4680 bona
445 4614 642 4680 conscicntia
668 4613 853 4678 ambularet
873 4635 952 4697 erga
973 4612 1084 4676 Deum
1106 4621 1140 4677 et
1191 4612 1357 4676 nationem
1378 4609 1557 4693 pertinere:
1580 4631 1682 4693 quum
1702 4612 1822 4695 ubique
1844 4619 1878 4677 et
1894 4614 1959 4677 Dei
1980 4613 2114 4691 cultum,
2137 4621 2172 4677 et

164 4700 320 4764 homines.
376 4700 444 4767 Sed
476 4702 537 4767 hoo
571 4700 644 4765 ideo
677 4699 801 4765 dictum
834 4707 884 4763 est
916 4697 1002 4781 quod
1034 4697 1139 4762 bonae
1191 4696 1395 4779 spiritualem
1422 4697 1506 4761 iuste
1536 4697 1668 4762 vivendi
1701 4699 1850 4781 regulam
1881 4720 1980 4781 supra
2007 4698 2171 4782 quaelibet

163 4787 377 4850 conscientiae
405 4788 531 4853 fructus
558 4787 600 4851 ad
628 4787 776 4851 homines
806 4805 908 4867 usque
936 4795 1075 4847 manant
1101 4805 1138 4848 ac
1192 4783 1362 4847 hominum
1390 4782 1509 4866 placita
1531 4783 1674 4847 extollat
1725 4784 1878 4849 Alterum
1899 4806 2026 4867 quoque
2055 4791 2172 4850 notatu

163 4873 368 4953 perveniunt.
417 4874 555 4955 Proprie
578 4882 687 4938 autem
709 4869 872 4954 loquendo
900 4869 1007 4934 solum
1029 4870 1139 4933 Deum
1192 4869 1334 4952 dignum
1360 4876 1432 4944 est,
1460 4868 1544 4951 quod
1577 4875 1689 4934 tamen
1716 4891 1758 4933 cx
1787 4870 2005 4952 superioribus
2037 4870 2172 4954 pendet,

162 4958 309 5040 respicit,
332 4959 456 5022 utiam
481 4959 557 5023 dixi.
602 4960 691 5025 Hinc
719 4960 757 5022 fit
778 4965 815 5021 ut
836 4955 1038 5038 obstringere
1060 4966 1138 5020 cort-

162 5045 332 5109 scientiam
361 5043 415 5107 lex
437 5043 562 5109 dicatur
583 5068 665 5128 quae
693 5042 884 5127 simpliciter
911 5041 1077 5104 hominem
1098 5040 1138 5105 li·

136 5201 138 5203 ,
159 5139 234 5229 gat)
265 5132 344 5229 Sino,
364 5129 534 5229 h⁰mlfll¹m
562 5133 698 5230 intuitu,
727 5131 779 5196 Vel
801 5149 869 5194 ΠΟΠ
890 5126 1004 5192 habita
1025 5147 1140 5190 ⁰⁰¹'um
1264 5159 1292 5222 l)
1315 5162 1461 5211 amicast.-
1485 5161 1529 5225 qui
1551 5158 1624 5212 root.
1647 5159 1726 5216 1617:
1757 5164 1899 5216 scribant:
1917 5165 2008 5231 itaque
2031 5164 2074 5231 qui
2096 5159 2172 5215 loct.

162 5223 298 5282 ratione.
340 5215 494 5296 Exempli
514 5224 635 5299 gratia:
659 5240 725 5282 non
746 5216 841 5281 modo
863 5224 991 5281 eastum
1007 5233 1140 5279 servare
1193 5226 1268 5280 1667.

1195 5044 1397 5051 -—---—-—

1913 5316 2016 5402 ῶιι
