4672 5842
131 298 192 361 aa
503 295 593 361 111.
616 296 661 361 11.
707 297 770 363 aa
793 295 1082 364 oeeruuouu
1104 297 1188 363 1111
1210 293 1558 366 annumeres.
1603 296 1770 364 01111.
1831 378 1846 395 ,Ι
1916 390 1919 395 Ι
1965 346 1968 351 .
2077 302 2140 381 aaa

129 486 221 550 tibus
242 505 281 550 ac
303 483 405 549 natali
427 484 495 550 solo
517 491 748 568 praeterquam
777 485 865 569 quod
885 487 1039 552 acerbum
1060 492 1111 553 est
1162 493 1284 551 terram
1301 485 1525 568 profitebatur.
1567 483 1606 550 si
1618 507 1698 551 1011
1714 487 1777 551 fuit
1792 487 1974 566 affirmatio,
1993 489 2141 572 sequitur

129 571 295 648 exsulare,
324 570 412 653 apud
432 571 550 637 Laban
577 571 777 638 avunculum
806 572 911 637 nihilo
939 573 1050 639 mitius
1073 595 1110 639 ac
1162 593 1230 636 non
1252 571 1404 638 habuisse
1421 573 1530 656 ipsum
1547 592 1639 654 spem
1659 573 1696 635 in
1714 574 1811 639 rebus
1828 574 1968 639 terrenis
1986 573 2138 641 defixam

130 657 308 723 humanius
335 657 503 741 accipitur.
548 659 672 722 Parum
700 664 751 722 est
778 657 989 723 11111001111111
1014 667 1111 742 atque
1250 660 1298 721 13.
1344 656 1383 723 si
1411 659 1517 724 sancti
1537 659 1592 721 isti
1613 665 1740 740 patres,
1769 658 1854 742 quod
1876 662 1988 742 utique
2009 660 2139 726 indubi-

129 742 387 809 austerissimam
409 752 535 826 septem
558 744 655 808 annis
677 744 801 809 servire
819 746 1022 824 servitutem,
1044 746 1110 811 nisi
1162 751 1266 807 tatum
1289 750 1353 822 est,
1375 744 1505 809 beatam
1526 745 1630 809 vitam
1650 751 1883 827 exspectarim
1902 767 1920 809 e
1941 767 2041 811 manu
2064 745 2140 828 Dei,

129 829 204 895 dolo
226 828 314 894 malo
336 829 371 893 in
394 851 497 894 uxore
514 828 675 895 eludatur.
709 830 856 895 Alterius
872 832 985 896 uxoris
1003 831 1111 914 gratia
1162 830 1261 894 aliam
1288 851 1386 911 quam
1408 831 1575 894 terrestris
1596 829 1684 894 vitae
1706 830 1941 911 beatitudinem
1963 839 1997 896 et
2016 834 2138 916 cegita-

129 917 166 980 in
191 934 314 980 novam
335 917 527 980 servitutem
551 914 803 999 ingrediendum
825 923 888 996 est,
918 912 974 981 ubi
1001 924 1109 982 totum
1160 927 1240 980 runt
1261 923 1294 978 et
1315 915 1477 980 1111011111.
1513 914 1610 996 Quod
1632 917 1732 980 etiam
1753 916 1974 999 pulcherrime
1995 918 2139 983 ostendit

130 1001 218 1066 diem
240 1000 319 1066 selis
340 1008 433 1065 aestu
454 1009 631 1080 torreatur,
659 1010 759 1067 noctu
786 1003 926 1086 pervigil
948 1010 1109 1087 urgeatur
1161 1000 1327 1084 apostolus
1345 1000 1461 1085 (Hebr.
1485 1006 1532 1079 ll,
1553 1001 1596 1084 9).
1630 1001 1722 1080 Fide,
1745 1003 1860 1084 inquit,
1884 1001 2069 1069 demoratus
2088 1013 2140 1071 est

130 1087 206 1171 gelu
238 1106 277 1152 ao
307 1087 446 1170 frigore,
479 1086 754 1168 quemadmodum
787 1090 856 1170 ipse
889 1091 1106 1170 conqueritur.
1160 1087 1330 1153 Abraham
1351 1089 1387 1151 in
1408 1093 1498 1152 terra
1518 1087 1756 1169 promissionis,
1779 1098 1936 1170 tanquam
1958 1089 2078 1166 alicua,
2101 1092 2137 1155 in

130 1174 273 1238 Dantem
294 1173 381 1237 vitae
403 1174 613 1256 asperitatem
643 1172 722 1237 dum
744 1196 847 1239 annos
869 1176 988 1258 viginti
1010 1176 1108 1240 susti·
1160 1173 1280 1239 casulis
1306 1173 1500 1252 habitando,
1528 1194 1602 1238 cum
1629 1173 1723 1238 Isaac
1750 1180 1784 1237 et
1804 1174 1902 1239 Iacob
1931 1175 2138 1241 consortibus

130 1267 202 1337 net,
238 1258 382 1340 quotidie
414 1259 507 1323 novis
536 1259 639 1324 soceri
667 1259 796 1324 iniuriis
829 1261 994 1343 affligitur.
1038 1261 1109 1326 Neo
1160 1259 1307 1324 eiusdem
1330 1258 1549 1324 haereditatis.
1584 1257 1830 1341 Exspectabant
1851 1261 1939 1323 enim
1961 1262 2043 1325 benc
2063 1262 2138 1327 fun·

131 1345 219 1410 domi
247 1365 326 1409 suae
355 1345 485 1426 quietus
513 1351 577 1423 est,
611 1366 710 1426 quam
737 1345 828 1410 videt
853 1367 994 1411 uxorum
1016 1347 1108 1425 odiis,
1161 1345 1271 1410 datam
1293 1346 1469 1421 civitatem,
1493 1346 1584 1408 euius
1606 1346 1715 1427 opifex
1736 1365 1774 1409 ae
1795 1344 1943 1410 eonditor
1959 1347 2060 1412 Deus.
2094 1347 2138 1413 In

129 1431 261 1514 iurgiis,
296 1429 566 1496 aemulationibus
599 1430 789 1496 distractam
816 1454 853 1497 ac
879 1454 985 1514 paene
1014 1433 1108 1497 111001-Ι
1159 1431 1224 1496 fide
1247 1431 1390 1496 defuncti
1414 1439 1492 1494 sunt
1513 1451 1626 1494 omncs
1647 1430 1716 1509 isti,
1747 1452 1815 1495 non
1835 1432 1976 1513 acceptis
1997 1435 2137 1514 promis·

130 1523 251 1600 patara
296 1516 362 1582 Ubi
383 1517 420 1580 in
441 1517 582 1599 patriam
602 1515 733 1581 iubetur
754 1539 789 1582 se
806 1519 960 1601 recipere,
984 1519 1110 1583 abitum
1161 1518 1320 1596 sionibus3
1350 1516 1408 1580 sed
1429 1517 1544 1598 procul
1565 1537 1621 1580 eas
1642 1517 1867 1599 inspicientes,
1895 1538 1933 1582 ae
1957 1518 2137 1599 eredentes,

129 1610 263 1685 captare
284 1602 332 1666 illi
356 1622 486 1666 neeesse
508 1609 559 1666 est
579 1603 816 1686 ignominiosae
833 1605 931 1688 fugae
953 1605 1108 1684 similem;
1160 1605 1413 1685 confitentesque
1434 1602 1519 1685 quod
1536 1602 1682 1684 hospites
1700 1612 1733 1667 et
1749 1603 1901 1684 inquilini
1916 1604 2027 1667 forent
2039 1626 2137 1687 super

129 1711 189 1754 nee
222 1696 335 1753 tamur
367 1689 470 1754 soceri
504 1688 710 1771 iniquitatem
742 1691 789 1753 ita
820 1697 928 1772 potest
954 1691 1109 1774 effugere,
1160 1701 1291 1754 terram.
1337 1687 1411 1768 Quo
1438 1689 1626 1771 significant
1654 1709 1689 1753 se
1710 1689 1852 1770 patriam
1873 1688 2046 1771 inquirere.
2091 1692 2137 1755 at

129 1776 210 1857 quin
241 1776 313 1840 eius
339 1773 465 1856 probris
494 1795 532 1840 10
560 1774 766 1841 contumeliis
792 1777 828 1839 in
856 1776 964 1841 medio
990 1777 1109 1841 itinere
1161 1777 1187 1839 si
1221 1773 1380 1839 desiderio
1412 1775 1482 1838 eius
1513 1795 1613 1856 quam
1645 1774 1846 1856 reliquerant
1878 1776 1956 1839 tacti
1987 1775 2135 1855 fuissent,

130 1869 276 1926 vexetur.
312 1861 444 1942 Excipit
463 1881 542 1923 mox
559 1883 633 1925 eum
651 1861 756 1926 multo
774 1863 903 1944 saevior
921 1863 1108 1928 difficultas.
1160 1869 1232 1926 erat
1258 1860 1395 1925 facultas
1420 1858 1620 1925 revertendi:
1655 1859 1712 1924 sed
1738 1860 1908 1924 meliorem
1929 1862 2136 1943 appetebant,

129 1948 217 2012 Nam
239 1946 318 2010 dum
340 1946 382 2011 ad
403 1947 538 2011 fratrem
560 1948 698 2022 accedit,
727 1955 777 2021 tot
805 1958 926 2013 mortes
948 1948 1048 2013 habet
1074 1950 1109 2013 in
1161 1967 1279 2028 nempe
1300 1944 1479 2010 coelestem.
1525 1945 1621 2012 Unde
1643 1947 1736 2010 Deus
1757 1967 1824 2011 non
1847 1946 2006 2011 erubescit
2027 1949 2139 2013 vocari

130 2039 313 2115 conspeetu,
335 2040 414 2115 quot
435 2034 475 2097 ab
497 2033 630 2097 homine
651 2032 777 2098 erudeli
798 2042 831 2099 et
848 2036 981 2100 inimico
999 2036 1110 2117 parari
1161 2054 1274 2097 eorum
1294 2032 1399 2111 Deus3
1426 2030 1557 2113 quando
1578 2033 1708 2113 paravit
1729 2031 1794 2096 illis
1815 2031 1990 2097 civitatem.
2036 2031 2139 2115 Stipi-

130 2126 259 2203 queant
294 2117 386 2183 Diris
408 2140 486 2202 erge
509 2119 689 2183 terroribus
711 2141 812 2202 supra
832 2120 966 2184 modum
984 2120 1109 2186 discru·
1161 2117 1247 2183 tibus
1269 2119 1357 2181 enim
1378 2116 1558 2182 0111010100
1578 2118 1727 2194 fuissent,
1749 2125 1819 2180 tam
1836 2117 2047 2200 pertinaciter
2063 2139 2139 2201 pro·

129 2207 236 2271 0101111
268 2226 306 2270 ac
339 2203 533 2286 discerpitur
564 2205 721 2286 quamdiu
751 2206 929 2271 adventum
952 2208 1023 2271 eius
1051 2228 1108 2271 ex·
1160 2205 1331 2270 missiones
1353 2203 1585 2280 consectando,
1613 2225 1753 2285 quarum
1775 2203 1868 2267 nulla
1887 2226 1961 2286 spes
1982 2204 2018 2267 in
2040 2205 2139 2271 terris

130 2298 268 2372 speetat;
289 2289 345 2355 ubi
366 2291 403 2353 in
424 2301 631 2373 conspectum
653 2291 722 2356 eius
740 2291 856 2373 prodit,
879 2301 1036 2375 tanquam
1058 2315 1109 2358 00-
1161 2291 1351 2373 apparcbat,
1379 2290 1442 2353 nisi
1469 2288 1743 2371 complementum
1769 2310 1884 2353 earum
1906 2289 1984 2353 alibi
2005 2310 2138 2372 exspec-

130 2378 325 2441 mimortuus
357 2375 397 2441 ad
426 2376 525 2459 pedes
546 2377 745 2460 procumbit,
774 2376 876 2443 donee
897 2379 1110 2460 placatiorem
1160 2384 1293 2441 tassent.
1338 2374 1379 2438 Id
1399 2396 1478 2439 vero
1504 2375 1540 2438 in
1568 2375 1683 2457 primis
1704 2397 1772 2439 non
1793 2376 1864 2440 sine
1885 2376 2012 2440 ratione
2032 2385 2138 2459 urget,

133 2463 249 2539 sentit,
276 2483 374 2544 quam
403 2484 535 2545 sperare
564 2484 662 2527 ausus
688 2464 803 2527 fuerat.
849 2462 903 2527 Ad
932 2463 1012 2528 haee
1040 2465 1109 2529 Ra·
1160 2461 1248 2545 quod
1287 2461 1584 2544 peregrinationem
1624 2461 1710 2526 hane
1751 2461 1855 2525 vitam
1894 2469 2138 2543 nuncuparunt,

132 2548 232 2625 chele,
255 2549 349 2613 unice
372 2548 490 2612 dilecta
512 2550 664 2632 coniuge,
692 2551 798 2631 primo
827 2557 935 2614 terrae
958 2552 1109 2632 ingressu
1161 2547 1301 2631 qualiter
1333 2556 1366 2611 ct
1397 2547 1507 2611 Moses
1540 2547 1641 2611 refert
1673 2546 1772 2630 (Gen.
1793 2550 1851 2624 47,
1877 2551 1922 2633 9).
1979 2544 2018 2610 si
2051 2547 2139 2611 enim

130 2635 287 2717 privatur.
315 2635 436 2699 Postea
457 2655 554 2715 quem
576 2633 618 2698 ab
630 2635 784 2699 eafilium
797 2635 984 2712 sustulerat,
1008 2657 1109 2717 eoque
1160 2633 1326 2717 peregrini
1347 2639 1380 2697 ct
1401 2632 1555 2714 inquilini
1577 2633 1708 2697 suntin
1725 2641 1814 2696 terra
1824 2632 1969 2710 Oanaan,
1990 2634 2045 2697 ubi
2064 2654 2138 2715 pro·

129 2742 208 2803 prae
230 2720 303 2784 aliis
324 2720 464 2798 amabat,
488 2741 508 2784 0
528 2720 599 2784 fera
620 2720 799 2785 laceratum
821 2721 926 2800 audit,
954 2723 1046 2786 cuius
1067 2743 1108 2786 ex
1161 2721 1271 2784 missio
1289 2718 1441 2794 Domini,
1464 2739 1529 2800 qua
1550 2718 1640 2783 illius
1662 2719 1829 2782 constituti
1849 2723 1939 2782 01001
1959 2717 2137 2784 haeredes?

130 2816 233 2871 morte
244 2816 404 2888 quantum
424 2826 605 2871 moerorem
616 2808 747 2887 ceperit.
767 2807 911 2872 declarat
927 2810 1005 2889 ipse,
1023 2807 1109 2890 quod
1160 2806 1334 2871 Manifeste
1367 2826 1444 2888 ergo
1477 2803 1600 2869 indicat
1625 2803 1755 2887 longius
1784 2811 1946 2886 spectare,
1979 2803 2065 2884 quod
2098 2802 2139 2867 de

131 2901 204 2973 post
224 2893 395 2956 diuturnas
416 2892 580 2975 lacrymas
607 2892 731 2957 solatiis
758 2894 909 2958 omnibus
936 2896 1026 2958 viam
1053 2895 1109 2959 ob·
1160 2892 1365 2976 possessione
1386 2890 1452 2954 illis
1470 2891 1635 2955 Dominus
1656 2891 1858 2972 premiserat
1889 2888 2000 2969 Quare
2021 2888 2139 2971 pedem

132 2978 248 3042 stinate
277 2977 414 3053 01011111,
444 2978 525 3042 nihil
554 2976 617 3041 sibi
647 2978 810 3061 reliquum
837 2980 960 3044 1001010
986 2981 1050 3044 nisi
1072 2989 1110 3044 ut
1160 2979 1196 3041 in
1217 2987 1306 3041 terra
1318 2975 1455 3041 Oanaan
1472 2997 1539 3039 non
1562 2976 1783 3058 acquisierunt
1803 2976 1866 3038 nisi
1886 2975 1921 3038 in
1943 2974 2138 3057 sepulcrum,

131 3062 306 3130 descehdat
334 3063 376 3128 ad
405 3064 510 3128 filium
534 3064 651 3146 lugens
673 3065 709 3129 in
731 3066 924 3148 sepulerum.
969 3066 1109 3130 Interim
1160 3085 1224 3147 quo
1257 3064 1462 3127 testabantur
1501 3083 1536 3126 00
1574 3082 1705 3143 sperare
1739 3062 1883 3126 fructum
1916 3061 2139 3143 promissionis

131 3159 244 3233 raptus
266 3156 300 3215 et
317 3149 485 3215 defloratio
501 3150 598 3226 filiae,
622 3152 657 3215 in
679 3151 720 3217 iis
738 3150 944 3216 vindicandis
965 3152 1109 3215 filiorum
1162 3149 1302 3214 nonnisi
1320 3154 1544 3231 postmortem
1562 3157 1780 3229 percepturos.
1814 3148 1925 3228 Atque
1943 3147 2024 3210 haec
2041 3167 2140 3212 eausa

131 3234 282 3311 audacia,
307 3256 390 3316 quae
412 3235 506 3300 illum
528 3256 595 3300 non
617 3238 739 3302 foetere
759 3238 855 3301 modo
878 3238 999 3301 fecerat
1021 3236 1110 3320 apud
1161 3246 1212 3300 est
1243 3256 1302 3300 cur
1334 3235 1418 3298 tanti
1451 3233 1674 3298 aestimaverit
1700 3233 1797 3298 Iacob
1824 3232 1891 3297 illie
1920 3232 2066 3313 sepeliri,
2100 3240 2140 3296 ut

130 3342 242 3385 omnes
264 3323 407 3404 regionis
427 3322 565 3400 incolas,
593 3321 650 3386 sed
677 3323 980 3406 praesentissimum
1006 3324 1108 3388 inter·
1160 3319 1371 3386 iureiurando
1394 3319 1541 3402 adegerit
1560 3319 1664 3383 filium
1682 3319 1801 3401 Ioseph
1824 3318 1866 3382 ad
1888 3339 1961 3381 eam
1982 3317 2139 3399 pollicita·

129 3407 277 3470 neciouis
298 3407 478 3488 periculum
496 3408 544 3471 illi
563 3418 740 3487 creaverat,
763 3417 905 3492 quantae
923 3410 1108 3487 anxietatis,
1161 3410 1299 3484 tionem3
1332 3427 1392 3470 cur
1412 3405 1531 3487 Ioseph
1564 3412 1639 3487 post
1668 3404 1791 3486 aliquot
1816 3403 1946 3469 saecula
1968 3404 2140 3468 transferri

128 3492 257 3565 luctus,
290 3491 391 3555 taedii
416 3515 533 3558 causae
560 3495 676 3558 crant?
722 3493 881 3577 Sequitur
908 3494 1109 3560 horrendum
1162 3515 1235 3558 essa
1258 3513 1326 3569 sua,
1357 3492 1424 3555 iam
1445 3490 1573 3572 pridem
1592 3492 1627 3554 in
1649 3492 1793 3556 cinerem
1815 3490 1965 3572 collapsa,
1989 3489 2138 3554 10110111

128 3576 213 3642 illud
231 3577 393 3659 flagitium
409 3579 530 3643 Ruhen
549 3580 767 3664 primogeniti,
790 3602 853 3663 quo
872 3582 955 3646 nihil
975 3581 1110 3665 gravius
1250 3583 1298 3641 14.
1343 3576 1493 3658 Denique
1516 3584 1627 3660 aperte
1649 3585 1792 3654 0010101,
1823 3576 1858 3639 11
1880 3576 2030 3640 omnibus
2051 3577 2140 3641 vitae

129 3662 279 3727 accidere
310 3671 445 3744 poterat
489 3664 576 3729 Nam
608 3686 710 3747 quum
737 3668 824 3731 inter
851 3689 980 3732 summa
1006 3668 1108 3732 infor·
1161 3664 1278 3731 studiis
1311 3664 1510 3745 propositam
1535 3664 1665 3728 futurae
1693 3663 1780 3727 vitae
1812 3661 2048 3726 beatitudinem
2080 3662 2140 3726 ha·

130 3750 224 3813 11110
253 3756 430 3831 reponatur
457 3752 569 3815 uxoris
589 3752 739 3834 pollutio,
767 3751 846 3836 quid
871 3753 1045 3817 dicendum
1067 3754 1110 3818 sit
1160 3753 1277 3817 buisse.
1323 3748 1490 3829 Quorsum
1523 3750 1612 3812 enim
1643 3747 1937 3832 primogenituram
1969 3753 2139 3828 tantopere

131 3836 186 3901 ubi
214 3856 234 3898 a
255 3835 476 3917 propriofilio
496 3847 719 3917 perpetratum
740 3849 790 3904 cst
811 3837 845 3902 id
865 3839 992 3904 seclus?
1037 3840 1108 3903 Ali-
1162 3839 1358 3913 affectasset,
1388 3841 1543 3917 tantoque
1564 3835 1709 3918 periculo
1733 3834 1901 3898 ambiisset
1920 3831 2031 3907 Iacob,
2055 3852 2140 3913 quae

131 3930 253 4003 quanto
275 3928 349 4003 post
371 3920 472 3985 altero
495 3922 622 3986 incestu
643 3925 884 3990 contaminatur
906 3925 1043 4002 familia,
1071 3932 1109 3989 111
1161 3924 1313 3989 exsilium
1345 3929 1380 3986 et
1407 3927 1537 3985 tantum
1568 3942 1636 3985 non
1669 3917 1905 3984 abdicationem
1936 3917 1986 3980 illi
2019 3919 2139 3983 confla·

132 4008 434 4073 constantissimum
462 4007 583 4089 alioqui
611 4017 644 4072 et
671 4010 846 4076 infractum
870 4012 1109 4077 calamitatibus
1162 4020 1237 4075 tura
1269 4020 1354 4086 erat,
1385 4008 1463 4072 boni
1495 4028 1574 4072 vero
1606 4006 1690 4069 nihil
1722 4025 1856 4086 prorsus
1887 4003 2041 4082 allatura,
2075 4004 2140 4070 nisi

132 4093 278 4156 animum
300 4100 350 4156 tot
371 4093 529 4159 dedecora
548 4093 742 4160 labefactare
765 4097 913 4162 debeant.
958 4096 1108 4163 8111011-
1161 4097 1204 4162 ed
1225 4096 1376 4160 altiorem
1404 4091 1662 4158 benedictionem
1680 4089 1897 4173 respexisset?
1932 4091 2042 4172 Atque
2063 4111 2140 4154 eum

131 4185 274 4242 11011111
296 4180 391 4257 vitae,
415 4179 494 4244 dum
516 4201 595 4243 suae
617 4201 655 4244 ac
676 4203 809 4246 suorum
831 4184 959 4249 inediae
976 4206 1108 4250 succur-
1161 4183 1223 4249 sibi
1251 4201 1385 4245 sensum
1412 4179 1512 4242 fuisse
1540 4178 1719 4243 declaravit
1752 4198 1791 4240 ea
1819 4197 1898 4241 voce
1926 4197 2024 4258 quam
2052 4177 2140 4240 inter

131 4285 203 4328 rere
225 4266 368 4347 quaerit,
391 4267 469 4330 novi
492 4266 665 4329 infortunii
686 4269 804 4334 nuntio
825 4270 1029 4351 percellitur,
1051 4271 1108 4353 qui
1161 4269 1293 4334 ultimos
1326 4265 1460 4348 spiritus
1498 4263 1613 4329 edidit:
1648 4263 1792 4328 salutare
1819 4275 1913 4326 tuum
1945 4261 2139 4343 exspectabo

131 4349 287 4433 intelligit
312 4350 419 4416 filium
440 4352 582 4416 alterum
611 4353 646 4414 in
668 4353 807 4419 vinculis
829 4353 981 4435 detineri;
1011 4378 1109 4439 quem
1161 4353 1303 4420 Domine
1325 4352 1424 4434 (Gen
1444 4355 1495 4428 49,
1521 4351 1583 4434 18).
1618 4348 1728 4430 Quam
1750 4349 1888 4413 salutem
1910 4354 2138 4427 exspectasset,

131 4443 170 4500 ut
186 4437 331 4518 recipiat,
349 4437 527 4502 Beniamin
543 4439 680 4502 unicum
697 4459 794 4504 suum
810 4440 1016 4521 desiderium,
1034 4464 1109 4525 per·
1160 4462 1262 4525 quum
1282 4438 1482 4521 intelligeret
1503 4458 1537 4502 se
1555 4438 1699 4501 animam
1711 4435 1888 4517 exspirare,
1910 4433 1973 4495 nisi
1986 4432 2022 4494 in
2032 4438 2138 4496 morte

132 4522 264 4586 mittere
286 4523 358 4587 aliis
380 4525 515 4607 cogitur.
558 4523 642 4604 Quis
663 4532 757 4606 putet
775 4527 811 4590 in
832 4533 926 4592 tanta
946 4528 1109 4593 malorum
1160 4528 1294 4592 initium
1321 4545 1425 4590 novae
1452 4524 1540 4590 vitae
1569 4521 1740 4588 cerneret?
1785 4521 1831 4584 Et
1854 4516 1931 4612 quid
1954 4515 1994 4613 de
2016 4515 2138 4615 sanetis

132 4609 284 4691 congerie
304 4619 508 4675 momentum
533 4610 581 4673 illi
604 4610 733 4688 datum,
762 4633 825 4693 quo
854 4613 970 4677 saltem
996 4634 1109 4680 0001110
1161 4636 1199 4679 00
1220 4612 1297 4677 filiis
1315 4611 1380 4674 Dei
1400 4609 1627 4692 disceptamus,
1650 4628 1753 4690 quum
1772 4600 1929 4669 eiusmodi
1948 4601 2139 4697 1110111101-

132 4694 330 4776 respiraret?
375 4696 491 4778 Itaque
519 4696 589 4779 ipse
618 4699 760 4780 optimus
788 4696 829 4761 de
850 4719 885 4767 se
907 4700 1000 4763 testis
1021 4719 1110 4766 asse-
1161 4700 1226 4764 tiae
1247 4704 1346 4780 gustu
1372 4717 1414 4760 ne
1435 4696 1464 4759 is
1485 4693 1616 4776 quidem
1638 4692 1788 4768 caruerit,
1810 4689 1864 4771 qui
1887 4696 2059 4752 veritatem
2080 4709 2138 4770 op-

132 4788 226 4844 verat
253 4780 435 4856 Pharaoni,
470 4781 539 4847 dics
566 4804 641 4848 suos
673 4784 789 4848 breves
819 4803 856 4847 ac
882 4783 985 4849 malos
1009 4786 1110 4851 fuisse
1161 4804 1309 4869 pugnare
1329 4781 1450 4864 alioqui
1471 4778 1659 4844 nitebatur?
1704 4775 1794 4857 Quid
1817 4775 1905 4838 enim
1927 4772 1988 4837 sibi
2008 4773 2138 4872 volebat

134 4875 384 4947 superterram
417 4867 484 4948 Qui
507 4890 567 4951 per
587 4871 759 4936 continuas
780 4870 929 4935 1111001100
950 4871 1053 4935 vitam
1074 4892 1110 4937 00
1160 4872 1317 4948 Balaam,
1358 4888 1459 4953 quum
1499 4865 1621 4930 diceret
1652 4863 1844 4950 (11111123,
1868 4864 1938 4960 10)3
1978 4870 2139 4959 moriatur

134 4953 330 5036 transegisse
346 4955 545 5035 pronuntiat,
568 4966 669 5039 negat
689 4958 835 5039 profeeto
856 4977 929 5020 eam
942 4958 1110 5040 prosperi·
1161 4958 1272 5023 anima
1292 4975 1367 5020 mea
1387 4958 1493 5017 morte
1514 4952 1684 5027 iustorum,
1707 4958 1741 5012 et
1761 4949 1845 5012 fiant
1865 4966 2043 5011 1011001111
2064 4967 2139 5012 mea

133 5042 235 5100 tatem
256 5058 292 5103 se
312 5039 454 5105 sensisse
477 5060 560 5122 quae
577 5042 1107 5125 illiaDominopromissofuerat
1161 5043 1282 5109 similia
1308 5061 1436 5117 eorum,
1464 5039 1528 5103 nisi
1556 5036 1643 5120 quod
1669 5033 1832 5102 sentiebat
1856 5030 1890 5096 id
1918 5032 2005 5115 quod
2025 5040 2140 5115 postea

132 5121 222 5206 Ergo
254 5132 313 5188 aut
343 5125 509 5208 malignus
536 5127 751 5212 ingratusque
778 5129 844 5194 Dei
866 5131 990 5214 gratiae
1012 5129 1109 5195 aesti-
1160 5126 1271 5195 David
1292 5125 1436 5210 prodidit
1455 5124 1558 5209 (Psal
1581 5126 1651 5202 116,
1674 5127 1712 5185 15
1735 5128 1769 5186 01
1792 5123 1843 5197 34,
1865 5118 1938 5204 22),
1961 5120 2138 5218 pretiosam

132 5217 240 5273 mator
259 5218 331 5274 erat
351 5211 459 5290 Iacob,
483 5221 541 5278 aut
561 5235 639 5281 vere
661 5236 696 5280 se
713 5217 872 5282 miserum
889 5216 988 5282 1111000
1011 5236 1109 5299 super
1160 5235 1232 5282 esse
1250 5220 1390 5279 mortem
1413 5218 1601 5278 sanctorum
1622 5210 1660 5274 11
1681 5215 1858 5290 conspeetu
1879 5205 2030 5282 Domuu,
2051 5226 2140 5270 mor-

238 5310 349 5366 Coleiaf
363 5329 454 5382 opera.
494 5314 614 5369 170111.
1899 5305 1935 5360 21
