4672 5842
177 301 258 364 1029
497 295 589 365 ΙιΙΒ.
611 296 671 361 IV.
715 297 779 361 DE
801 295 1037 365 EXTERNIS
1060 296 1225 366 afflans
1248 298 1314 365 AD
1337 295 1568 365 SALUTEM.
1613 297 1716 368 CAP.
1733 299 1850 373 XVII.
2096 309 2182 374 1030

172 487 232 552 hoc
253 486 370 551 latebra
391 485 590 565 praesentiae
617 484 800 565 invisibilis,
826 486 960 568 opedam
987 484 1149 550 videamus
1199 489 1349 550 consortes
1370 505 1408 551 aa
1428 486 1534 564 socios,
1557 487 1682 569 quando
1703 488 1790 553 nobis
1809 489 1921 570 futura
1942 496 1987 557 est
2005 496 2178 561 communis

173 594 268 657 quarn
295 572 366 636 bene
390 573 425 634 in
451 591 489 636 ea
512 591 545 635 se
570 571 723 636 occultent.
770 571 880 636 Primo
907 570 1062 654 syllabam
1087 592 1148 636 non
1199 591 1270 634 eum
1301 591 1334 636 eo
1365 574 1555 638 resurrectio.
1609 574 1693 654 Quid
1726 576 1809 638 enirn
1841 577 1962 641 clarius
1989 580 2089 643 hedit
2113 587 2177 646 tota

165 660 327 742 proservit
354 678 391 722 evo
418 658 599 738 scripturis,
627 677 690 736 qua
712 656 842 738 probent
870 656 1060 722 invisibilem
1083 677 1148 722 esse
1198 658 1373 737 scriptura,
1396 678 1490 737 quam
1514 658 1687 737 Christum,
1709 665 1744 724 nt
1764 681 1871 726 vuum
1892 668 2030 727 nostram
2052 685 2177 731 tarnem

174 745 351 823 Christum;
370 743 425 808 sed
439 763 503 822 pro
524 742 659 824 confesso
680 749 816 821 sumunt,
839 744 919 824 quod
942 763 1028 807 nemo
1049 762 1147 808 sanus
1198 743 1303 807 induit
1323 764 1419 825 quum
1441 764 1457 807 e
1478 745 1597 827 vurpivit
1618 751 1712 811 natus
1732 751 1784 825 est,
1807 748 1841 810 in
1863 769 1936 813 vero
1953 768 2046 814 carue
2067 756 2175 819 nestra

171 831 240 897 illis
268 829 367 908 dabit,
396 850 457 894 uon
478 849 572 909 posse
600 829 693 894 aliter
717 827 835 893 Christi
860 849 973 909 corpus
998 830 1034 892 in
1055 849 1147 893 coerca
1193 849 1314 912 passus
1336 835 1393 908 est,
1416 850 1512 910 quum
1528 850 1591 912 pro
1612 831 1701 896 uobis
1721 832 1887 913 satisfecit,
1909 836 1956 898 ito
1977 837 2104 901 earutem
2125 858 2174 902 oe-

171 919 249 983 dari
268 917 334 980 uisi
356 919 494 995 opertum
510 915 611 995 panis
634 915 733 979 larva.
777 915 880 995 Atque
901 915 956 979 hoc
977 916 1083 994 ipsum
1104 919 1147 979 est
1197 935 1268 978 rom
1297 928 1420 980 caruem
1453 921 1481 980 et
1512 918 1697 999 resurpendo
1728 920 1898 999 recepisse,
1932 926 1961 985 et
1989 922 2025 984 in
2057 925 2175 989 coelum

172 1004 211 1069 de
241 1023 300 1084 qno
327 1001 485 1065 nobiscum
507 1002 647 1083 litipant:
675 1005 796 1066 tantum
823 1001 908 1065 abest
934 1005 968 1064 ut
989 1001 1146 1082 principii
1198 1001 1388 1065 sustulisse?
1439 1001 1526 1066 Haec
1560 1004 1642 1066 eninr
1673 1003 1763 1068 nobis
1789 1011 1912 1070 nostrae
1938 1010 2174 1074 resurrectionis

172 1091 273 1154 100000
293 1086 432 1152 obtineat.
462 1086 511 1151 Ac
532 1087 607 1149 dum
622 1087 669 1151 ita
684 1089 841 1168 parriunt,
863 1092 1012 1168 capusum
1032 1086 1148 1167 duplet
1198 1089 1226 1149 et
1254 1086 1289 1149 in
1315 1087 1430 1152 coelum
1456 1089 1646 1152 ascensionis
1671 1109 1740 1169 spes
1767 1094 1825 1167 est,
1853 1093 1934 1171 quod
1963 1091 2107 1159 Christus
2126 1116 2174 1158 re-

170 1177 272 1257 fecere
295 1172 413 1238 Christi
434 1192 559 1252 corpses:
588 1173 665 1253 quia
693 1174 729 1236 in
755 1193 788 1239 se
808 1172 931 1237 visibile
952 1179 995 1237 est
1013 1173 1048 1234 in
1068 1172 1147 1236 coelo
1197 1174 1337 1236 surrexit
1352 1177 1379 1239 et
1396 1173 1549 1252 asceoidit5
1566 1179 1665 1254 atque,
1683 1180 1718 1238 ut
1735 1177 1782 1239 ait
1803 1176 2021 1257 Tertullianus,
2040 1181 2173 1246 arrham

171 1261 341 1327 secundnm
363 1279 426 1335 eos,
456 1259 491 1321 in
518 1263 733 1322 evacuantem
753 1259 884 1339 speciali
904 1258 1146 1338 dispensationis
1197 1262 1321 1323 orostrae
1353 1259 1587 1323 resurrectionis
1619 1280 1723 1324 secum
1752 1263 1788 1324 in
1820 1263 1915 1327 coelos
1940 1264 2019 1328 tulit.
2072 1264 2173 1331 Porro

171 1348 260 1412 modo
282 1344 446 1410 invisibile.
493 1348 594 1424 Qum
616 1364 686 1409 vero
708 1344 783 1409 belle
803 1344 857 1408 hac
878 1345 1052 1421 conveniat,
1080 1349 1146 1407 turn
1197 1363 1293 1423 quam
1328 1344 1459 1424 infirma
1487 1346 1669 1426 dfrapilis
1695 1346 1775 1426 sord
1800 1367 1871 1428 spes
1899 1349 1971 1427 illa,
1999 1351 2065 1414 nisi
2098 1351 2172 1416 haec

170 1455 209 1499 ee
243 1432 320 1496 aliis
342 1432 515 1510 scripturae
541 1429 630 1506 lacis,
657 1435 722 1493 tum
746 1431 835 1495 Petri
857 1431 1026 1495 testimonio
1052 1427 1146 1509 facile
1197 1430 1401 1509 1000000100
1428 1451 1500 1494 caro
1527 1432 1562 1494 in
1586 1429 1707 1495 Christo
1731 1454 1799 1497 vere
1825 1435 1977 1498 suscitata
2004 1438 2085 1500 etin
2105 1458 2172 1520 rep

171 1519 327 1584 iudicium
360 1523 410 1580 est.
464 1515 552 1580 Dicit
586 1515 700 1579 Petrus
733 1517 820 1600 (Aet
846 1521 880 1594 3,
905 1515 975 1599 21),
1008 1520 1145 1596 oportere
1196 1535 1271 1578 nuru
1304 1516 1455 1580 coelorum
1481 1517 1625 1599 inpressa
1645 1518 1745 1582 esset?
1796 1519 1897 1599 Atqui
1924 1520 1997 1583 haec
2023 1526 2069 1585 est
2095 1544 2172 1603 pro

174 1605 336 1670 Christum
357 1605 392 1666 in
413 1602 491 1666 caelo
513 1602 585 1682 capi
603 1602 650 1665 vel
671 1603 892 1683 comprehendi,
918 1603 1011 1666 dorrec
1032 1603 1145 1665 iterum
1191 1602 1270 1681 pria
1298 1602 1438 1682 corporis
1465 1604 1593 1689 onitas,
1621 1609 1655 1666 ut
1684 1605 1786 1683 spatio
1807 1606 2016 1683 contineatur,
2044 1611 2079 1669 ut
2100 1610 2171 1672 suis

171 1690 327 1757 adveniat.
371 1688 490 1753 Docent
516 1688 570 1752 isti
595 1686 709 1768 edique
737 1689 873 1754 locorum
894 1709 972 1766 esse,
1000 1687 1055 1752 sed
1076 1687 1145 1750 abs·
1195 1686 1440 1752 dimensionibus
1467 1693 1591 1766 noue,
1618 1694 1652 1752 ut
1679 1709 1772 1753 suam
1796 1690 1910 1771 faciem
1938 1690 2055 1755 habeat.
2107 1692 2171 1757 Fa

172 1797 231 1859 que
264 1775 375 1856 forma.
425 1772 612 1854 Evupiunt,
640 1774 788 1854 iniquum
816 1795 880 1838 esse
906 1780 1057 1839 naturam
1079 1772 1144 1854 plo
1196 1777 1293 1835 cessat
1313 1773 1413 1855 ipitur
1435 1774 1563 1838 stultum
1584 1774 1666 1838 illud
1683 1780 1882 1840 commatum
1899 1777 1982 1856 quod
2002 1782 2067 1841 tanc
2087 1798 2171 1843 men-

171 1863 252 1927 riosi
273 1860 410 1939 corporis
427 1859 576 1923 sicbiicere
592 1861 762 1923 communis
776 1865 908 1924 naturae
928 1859 1053 1942 lapibus.
1087 1858 1144 1922 Ac
1195 1863 1240 1921 tes
1265 1858 1425 1921 hominum
1446 1880 1542 1939 quarn
1565 1856 1725 1925 Christum
1745 1863 1830 1940 pani
1857 1862 1968 1943 effipit.
2016 1863 2171 1944 Quorsum

171 1949 230 2029 qui
253 1945 439 2010 Servetieum
460 1944 541 2008 ihud
561 1944 718 2022 delirituu,
741 1947 822 2026 qnod
836 1946 908 2028 piis
925 1944 1066 2010 omnibus
1082 1965 1144 2008 rue-
1195 1944 1278 2008 euim
1305 1944 1421 2008 0000110
1446 1945 1504 2009 sub
1526 1967 1612 2027 pane
1627 1948 1825 2026 praesentia,
1855 1949 1920 2012 nisi
1941 1954 1976 2012 ut
1996 1951 2053 2030 qui
2077 1948 2170 2015 Chri-

170 2035 233 2097 rito
259 2032 430 2097 detestabile
452 2034 510 2108 est,
539 2029 716 2111 absorptum
736 2031 836 2111 titisse
858 2051 971 2111 corpus
991 2052 1012 2095 a
1029 2030 1145 2096 divini
1194 2035 1277 2095 stum
1304 2030 1364 2094 sibi
1390 2030 1499 2095 habere
1520 2033 1716 2096 coniunctum
1737 2034 1879 2111 cupiunt,
1905 2035 1939 2097 in
1961 2036 2094 2116 symbolo
2116 2035 2171 2102 illo

169 2124 246 2197 tate,
273 2138 376 2184 secum
402 2116 499 2181 trahit
526 2115 599 2180 haec
625 2119 793 2197 responsio.
839 2119 913 2182 Nou
939 2119 1007 2182 dico
1028 2136 1077 2180 eos
1098 2116 1144 2179 ita
1195 2115 1383 2180 subsidant?
1427 2117 1530 2197 Atqui
1555 2116 1714 2182 Dominus
1739 2121 1806 2198 ipse
1832 2141 1893 2183 icon
1919 2121 2019 2184 mulas
2041 2126 2170 2202 tantum,
2284 2184 2289 2191 ,

169 2207 283 2270 sentire
290 2230 300 2284 ,·
323 2223 431 2267 verum
458 2204 488 2264 si
516 2202 595 2265 inter
623 2203 706 2267 dotes
732 2203 898 2285 phariseae·
921 2204 1060 2282 corporis
1086 2222 1143 2264 nu
1195 2202 1250 2266 sed
1272 2222 1375 2266 munes
1395 2223 1507 2268 sensus
1529 2208 1649 2267 nostros
1671 2225 1686 2268 e
1708 2209 1791 2268 terra
1811 2204 1977 2269 subducere
1996 2206 2107 2285 voluit,
2137 2226 2170 2272 se

169 2297 322 2367 ureretur,
358 2287 514 2353 invisibili
545 2289 632 2353 niodo
665 2291 771 2353 munia
798 2290 939 2371 implere,
966 2308 1144 2370 corpoream
1196 2288 1309 2370 attinpi
1330 2309 1351 2352 a
1371 2288 1557 2353 mulieribus
1574 2294 1695 2367 vetans,
1723 2291 1816 2355 donec
1836 2291 2023 2355 ascucdisset
2044 2293 2088 2356 ad
2109 2314 2170 2374 pa

169 2376 376 2443 substantiam
399 2374 516 2439 aboleri
539 2374 650 2454 palam
676 2380 734 2453 est,
767 2396 820 2439 nec
848 2375 1017 2441 discrimen
1042 2374 1144 2439 ullum
1195 2378 1273 2436 trem
1300 2373 1428 2456 (Ioann.
1454 2378 1510 2452 20,
1537 2373 1599 2455 11).
1648 2376 1751 2455 Quum
1774 2378 1831 2456 pio
1857 2378 2044 2447 reverentiae
2065 2378 2169 2442 studio

170 2463 307 2543 relinqui
329 2460 455 2526 deitatis
476 2464 503 2524 ct
524 2460 678 2525 humanae
698 2466 840 2525 naturae.
885 2460 1022 2538 Deinde,
1046 2461 1076 2524 si
1097 2461 1144 2523 ita
1197 2459 1341 2523 Mariam
1374 2459 1476 2524 videat
1500 2480 1669 2542 properare
1702 2462 1745 2526 ad
1772 2462 1955 2527 osculandos
1975 2464 2085 2543 pedes,
2112 2483 2170 2528 cur

170 2548 360 2629 multiforme
387 2551 414 2610 et
440 2547 567 2609 varium
595 2552 639 2611 est
663 2545 781 2611 Christi
810 2567 936 2627 eorpus,
964 2552 1000 2610 nt
1025 2547 1144 2609 anain
1195 2550 1309 2609 tadum
1336 2545 1416 2610 lcunc
1443 2546 1592 2625 improbet
1613 2565 1649 2610 ac
1664 2546 1844 2627 prohibeat,
1873 2549 1965 2613 donee
1991 2550 2027 2612 in
2054 2550 2171 2615 eoelum

171 2635 232 2698 loco
254 2638 419 2715 appareat,
447 2633 482 2694 in
503 2632 599 2696 altero
620 2634 662 2697 sit
682 2633 852 2710 invisibile,
874 2633 927 2696 ubi
948 2633 1021 2712 ¹ipsa
1041 2652 1145 2713 corpo
1195 2637 1333 2711 receptus
1357 2633 1469 2713 trient,
1497 2633 1586 2696 nulla
1613 2652 1711 2696 eausa
1739 2639 1798 2710 est,
1827 2634 1893 2697 nisi
1914 2635 1992 2714 qnia
2012 2655 2170 2716 nusquam

170 2722 218 2785 ris
245 2725 375 2797 natma,
403 2717 484 2799 quod
509 2719 579 2782 suis
606 2718 849 2782 dimensionibus
874 2718 1014 2783 constat?
1042 2717 1145 2781 etubi
1195 2717 1274 2781 alibi
1294 2717 1360 2781 vult
1380 2719 1499 2797 quaeri.
1537 2719 1626 2798 Quod
1647 2718 1804 2796 obiiciunt,
1820 2724 1930 2799 postea
1946 2720 2049 2783 vuum
2069 2721 2171 2802 fuisse

169 2806 300 2872 001100.2
341 2805 446 2886 Larrpe
466 2805 578 2868 rectius
598 2804 822 2881 Tertullianus,
841 2805 896 2884 qui
912 2824 1020 2868 verum
1040 2809 1068 2869 et
1089 2825 1145 2866 ua·
1197 2802 1351 2884 Stephano
1369 2803 1457 2887 (Act
1479 2807 1506 2882 7,
1527 2802 1592 2886 55),
1610 2803 1718 2883 taedis
1738 2805 1848 2868 solutio
1869 2808 1922 2868 est.
1960 2805 2067 2886 Neque
2088 2809 2170 2871 enim

171 2892 272 2957 turale
302 2890 420 2956 Christi
452 2909 564 2972 corpus
587 2891 689 2972 fuisse
715 2890 881 2955 contendit:
914 2891 990 2970 quia
1015 2891 1083 2954 eius
1110 2891 1145 2953 in
1195 2889 1264 2954 ideo
1285 2909 1403 2953 neusse
1423 2889 1486 2969 fnit
1510 2886 1634 2954 Christo
1657 2891 1756 2954 locum
1776 2896 1913 2968 mutare,
1935 2893 1990 2971 qui
2011 2893 2095 2956 servi
2116 2893 2193 2957 sui·

171 2977 316 3059 mysterio
342 2996 449 3040 000000
473 2975 579 3059 tipura
600 2976 688 3040 nobis
704 2978 893 3057 proponitur
914 2978 949 3040 in
965 2976 1086 3057 pipnus
1108 2996 1144 3040 ac
1195 2975 1292 3040 oculis
1307 2976 1539 3057 perspicaciam
1560 2974 1638 3039 dare
1652 2977 1758 3055 potuit
1774 2997 1855 3057 quoe
1871 2977 1967 3042 coelos
1983 2983 2170 3057 penetraret.

170 3062 382 3129 certitudinem
418 3063 500 3125 vitae
530 3063 719 3143 spiritualis.
774 3061 818 3125 Et
849 3067 926 3126 certe
952 3063 990 3126 de
1021 3082 1144 3144 corpore
1196 3060 1286 3127 Idem
1307 3067 1335 3127 et
1354 3061 1392 3125 de
1416 3060 1517 3125 Paulo
1538 3060 1702 3125 eluendum
1729 3061 1817 3144 (Act.
1835 3066 1863 3139 9,
1878 3061 1922 3145 4).
1970 3063 2057 3143 Quod
2082 3063 2172 3128 Chri·

169 3149 302 3233 plorioso
323 3146 441 3211 dicebat
462 3146 607 3212 Christus
629 3147 725 3233 (Luc.
748 3152 798 3226 24,
824 3147 894 3232 39)·
915 3147 1013 3212 videte
1028 3153 1056 3213 et
1072 3147 1145 3228 pal-
1194 3153 1276 3212 stum
1293 3148 1408 3213 ecciisse
1424 3168 1440 3212 e
1456 3147 1598 3227 sepulcro
1619 3147 1724 3211 doaso
1745 3147 1880 3232 (Mutth.
1901 3151 1951 3227 28,
1972 3149 2015 3232 6),
2037 3155 2066 3213 et
2086 3150 2172 3215 clau·

166 3239 255 3317 pate,
282 3235 359 3314 quia
386 3233 520 3314 spiritus
545 3254 669 3298 carnem
697 3239 725 3299 et
749 3254 822 3298 ossa
844 3255 904 3298 non
926 3233 1022 3298 habet.
1066 3232 1145 3298 Ecce
1195 3235 1242 3298 sis
1269 3235 1379 3298 ianuis
1403 3233 1447 3298 ad
1473 3232 1644 3312 discipulas
1664 3233 1841 3315 inpressum
1867 3254 1932 3298 esse
1960 3234 2089 3318 (Ioann.
2119 3239 2171 3314 20,

171 3320 275 3402 ipsius
304 3317 421 3382 Christi
447 3339 498 3382 ore
525 3322 631 3384 carnis
651 3321 768 3385 veritas
782 3319 952 3400 probatur,
979 3321 1056 3400 quia
1072 3319 1145 3400 pal·
1199 3319 1253 3403 19)
1276 3320 1436 3397 obiiciunt,
1463 3318 1561 3382 nihilo
1582 3320 1686 3402 neapis
1706 3340 1812 3384 eorum
1838 3321 1940 3384 errori
1966 3321 2172 3404 suffrapatur.

166 3406 246 3488 pari
263 3408 362 3484 potest
384 3424 420 3468 ac
440 3405 550 3479 videri.
594 3405 698 3486 Aufer
719 3407 797 3482 ista,
824 3408 890 3469 iam
917 3426 989 3470 earo
1011 3426 1075 3470 esse
1095 3406 1145 3471 de·
1198 3405 1285 3470 Nam
1311 3406 1391 3469 sicut
1419 3425 1505 3486 aqua
1531 3425 1593 3469 non
1619 3424 1708 3470 secus
1734 3425 1771 3470 ac
1798 3405 1934 3469 solidum
1955 3408 2173 3488 pavimentum

171 3493 258 3557 sinet.
305 3488 431 3570 Semper
458 3491 500 3555 ad
526 3491 691 3556 latibidum
717 3491 898 3575 contupiuut
923 3512 1001 3556 suae
1021 3493 1144 3573 dispen·
1199 3489 1321 3555 Christo
1341 3491 1399 3555 iter
1413 3491 1562 3571 praebuit
1582 3510 1677 3573 super
1699 3492 1803 3556 lacum
1819 3491 2001 3570 anhulanti,
2024 3495 2070 3557 ita
2091 3493 2173 3557 nihil

172 3575 314 3644 sationis.
339 3595 434 3656 quarn
466 3577 527 3641 sibi
558 3577 765 3657 fabricarunt.
816 3577 969 3641 Nostrum
992 3598 1063 3642 vero
1091 3583 1143 3656 est,
1195 3579 1315 3641 mirum
1336 3577 1366 3640 si
1388 3577 1520 3641 adeius
1542 3596 1701 3641 occursum
1727 3597 1760 3641 se
1777 3577 1866 3655 tlevit
1892 3577 2011 3658 lapidis
2032 3580 2172 3644 durities.

172 3662 254 3746 quod
272 3659 406 3727 absolute
417 3664 604 3742 pronuntiat
622 3663 766 3730 Christus
782 3664 828 3727 ita
849 3664 999 3744 enucleati,
1021 3668 1057 3726 ut
1077 3665 1144 3728 sine
1197 3663 1272 3728 Etsi
1292 3663 1491 3744 probabilius
1512 3668 1572 3741 est,
1599 3664 1668 3727 eius
1696 3664 1828 3744 imperio
1850 3669 1985 3728 avcotum
2004 3666 2105 3744 fuisse
2126 3665 2173 3727 la

173 3748 345 3829 acceptione
376 3750 462 3827 apud
488 3769 545 3812 nos
571 3750 673 3814 valeat
700 3750 781 3830 qnod
807 3749 872 3814 vult
906 3769 1051 3812 asserere.
1105 3748 1145 3813 Se
1190 3751 1308 3830 pidem
1331 3753 1360 3812 et
1376 3769 1447 3811 move
1468 3749 1605 3813 transitu
1627 3750 1708 3826 dato,
1731 3751 1767 3812 in
1795 3769 1889 3812 suurn
1910 3750 2009 3812 locum
2029 3750 2170 3813 rediisse.

172 3838 504 3987 10121112
515 3834 778 4002 deleth..
786 3836 996 4003 hhllhw
1007 3836 1144 4000 lauh}
1194 3835 1278 3986 112
1288 3834 1689 4001 Chi-illidit
1712 3833 2172 4000 {blithildem

172 4009 224 4073 sui
244 4010 379 4070 naturae
399 4004 554 4070 vendicat:
580 4026 678 4071 nonne
699 4007 878 4073 evcndurda
899 4008 958 4071 erit
977 4027 1057 4071 nova
1080 4027 1144 4072 cor-
1194 4009 1305 4073 diviua
1321 4008 1443 4084 virtute,
1465 4011 1499 4068 ut
1520 4010 1640 4086 repente
1661 4004 1776 4068 steterit
1796 4003 1877 4066 inter
1897 4024 1972 4068 suos
1990 4005 2171 4086 discipidos,

166 4093 259 4174 poris
287 4090 449 4171 definitio?
494 4090 568 4154 Iam
594 4111 768 4174 quoucnpue
796 4113 828 4157 se
849 4095 1075 4175 circumapant,
1109 4095 1142 4157 in
1189 4095 1286 4174 plane
1313 4091 1498 4157 admirabili
1525 4091 1628 4167 nudo,
1655 4109 1751 4170 quum
1779 4088 1935 4153 obseratae
1962 4096 2059 4155 essent
2078 4091 2171 4173 fores.

174 4181 236 4245 1000
257 4178 310 4243 illo
333 4176 433 4242 Pauli
454 4175 555 4260 (Phil.
576 4180 604 4255 3,
625 4178 680 4262 21)
696 4177 807 4259 fiditia
829 4199 934 4244 eornm
952 4179 1143 4260 dispunctio
1198 4181 1286 4262 Quod
1313 4180 1408 4242 edant
1433 4197 1471 4240 ea
1494 4175 1581 4239 Luca
1607 4176 1680 4259 (24,
1705 4173 1776 4258 31),
1802 4173 1961 4239 Christum
1980 4176 2081 4241 subita
2104 4198 2173 4241 eva-

161 4264 273 4329 ’locum
293 4284 353 4328 non
374 4263 471 4341 habet,
493 4263 548 4326 ubi
568 4264 653 4341 died,
675 4284 731 4329 nos
751 4271 927 4345 mspectare
948 4265 1057 4329 ecoelo
1078 4265 1144 4330 sal-
1193 4268 1299 4330 unisse
1325 4283 1363 4326 ecc
1394 4261 1622 4342 discipulorum
1650 4260 1761 4339 oculis,
1797 4262 1980 4340 quibuscum
2009 4262 2173 4327 Emaunta

173 4356 323 4431 vaterem,
350 4350 406 4432 qui
424 4369 537 4429 corpus
560 4353 697 4413 nostrum
718 4348 833 4413 humile
854 4350 1058 4434 contipurabit
1078 4371 1143 4415 eor·
1190 4352 1348 4434 profectus
1365 4352 1440 4424 erat,
1458 4346 1540 4410 nihil
1557 4346 1623 4410 illis
1635 4347 1771 4429 prodest,
1794 4352 1822 4411 et
1839 4349 2054 4416 nosadiuvat.
2085 4348 2173 4412 Nam

168 4439 244 4518 pori
278 4456 334 4503 sno
362 4436 506 4521 plorioso.
557 4435 666 4515 Neque
692 4437 775 4499 enim
802 4437 959 4516 speranda
985 4436 1073 4500 nobis
1100 4440 1144 4499 est
1195 4443 1230 4502 nt
1250 4437 1302 4501 sui
1322 4437 1512 4515 conspectum
1533 4432 1601 4496 illis
1620 4432 1765 4513 auferret,
1787 4453 1849 4496 non
1871 4434 1974 4515 faetus
1995 4440 2039 4499 est
2059 4434 2173 4498 invisi-

172 4523 372 4601 couformitas
392 4522 427 4585 in
447 4521 530 4600 illis,
559 4541 640 4602 quas
663 4519 784 4585 Christo
809 4521 981 4604 afhnpunt,
1008 4521 1144 4603 qualita-
1195 4523 1276 4600 bilis,
1299 4522 1352 4586 sed
1374 4525 1494 4585 tanturn
1517 4519 1687 4599 disparuit.
1733 4518 1842 4597 Sicuti,
1864 4521 1967 4584 ecdem
1985 4521 2074 4585 Luca
2091 4524 2170 4599 teste,

175 4607 272 4682 tibus,
306 4614 340 4671 ut
366 4609 475 4689 cuique
501 4606 657 4672 invisibile
684 4607 726 4670 sit
752 4627 789 4671 uc
813 4608 998 4672 immensum
1024 4627 1144 4686 corpus.
1195 4605 2173 4691 00000000011100100000000100101100000010010000
2254 4669 2263 4698 ⁸

178 4690 244 4755 Nec
264 4713 334 4756 vero
353 4696 524 4774 reperietur
544 4695 711 4775 quisquam
732 4697 797 4758 tam
817 4692 933 4756 bardus
953 4694 1004 4757 cui
1026 4696 1146 4757 tardam
1195 4698 1422 4778 apnosceretur,
1450 4693 1504 4757 sed
1530 4693 1629 4755 tenzdt
1649 4712 1756 4756 eorum
1777 4692 1888 4755 oculos.
1935 4691 1996 4756 Isti
2018 4712 2089 4755 vero
2111 4710 2173 4755 non

176 4778 396 4843 absurditatem
415 4781 634 4861 persuadeant.
679 4778 730 4843 Ne
755 4779 852 4861 ipitnr
878 4779 1000 4859 corpori
1028 4778 1147 4843 Christi
1195 4780 1283 4845 nwdo
1302 4777 1459 4844 Christum
1480 4779 1714 4859 transformant,
1736 4781 1771 4842 ut
1792 4778 1828 4840 in
1844 4781 1929 4842 terra
1950 4783 2095 4856 versetur,
2118 4777 2173 4842 sed

174 4863 308 4948 plvrioso
328 4862 406 4927 lianc
427 4867 605 4930 adscribant
625 4865 736 4943 0101000,
761 4863 869 4928 multis
896 4863 932 4927 in
957 4863 1030 4928 locis
1049 4865 1146 4929 simul
1197 4867 1297 4931 alium
1319 4864 1398 4930 alibi
1423 4864 1534 4945 suique
1555 4863 1741 4929 dissimilem
1765 4881 1832 4926 esse
1852 4862 1983 4945 liupuni.
2028 4862 2186 4944 Deniqne.

177 4969 256 5028 esse,
290 4947 431 5028 00110000
458 4953 559 5030 spatio
590 4951 746 5016 motineri.
791 4949 936 5030 Denique
967 4949 1015 5014 vel
1041 4955 1146 5030 aperte
1194 4954 1242 5017 ita
1268 4951 1427 5034 nupanda,
1455 4971 1518 5015 nan
1543 4970 1605 5013 uno
1626 4949 1750 5029 quidem
1778 4947 1880 5026 verbo,
1908 4950 1961 5013 sed
1978 4948 2173 5030 periphrasi,

176 5039 282 5119 nepenl
308 5034 414 5100 carnis
433 5039 697 5117 resurrectionen,
726 5035 774 5102 vel
800 5036 964 5102 concederet
987 5033 1146 5100 Christum
1197 5058 1235 5102 ea
1256 5058 1348 5102 carne
1372 5034 1492 5100 Christi
1512 5036 1663 5117 spiritum
1678 5035 1812 5118 faciunt,
1835 5055 1888 5099 nec
1904 5055 1937 5099 eo
1954 5034 2082 5099 contenti
2098 5032 2192 5116 qua?

177 5121 319 5189 vestitum
348 5120 466 5185 coelesti
488 5123 590 5203 ploria
615 5145 677 5190 nvn
697 5124 819 5190 cauisse
842 5142 979 5201 earnem,
1012 5123 1069 5202 qni
1089 5142 1146 5185 nos
1197 5125 1297 5188 litotes
1317 5125 1346 5188 ei
1361 5122 1491 5201 penitus
1508 5123 1684 5186 contrarias
1703 5121 1849 5185 induunt.
1892 5119 1979 5185 Unde
1999 5120 2175 5187 necessaria

177 5209 213 5272 in
246 5227 339 5272 carue
372 5210 479 5271 nostra
512 5206 599 5274 illitis
625 5211 762 5277 eiusdem
786 5208 906 5291 phariae
929 5208 1073 5289 factumn
1101 5212 1146 5274 est
1196 5211 1336 5291 sequitur
1355 5207 1510 5289 duplicem
1529 5226 1602 5272 esse.

1916 5303 1993 5362 65..
2081 5252 2092 5283 S
