4672 5842
141 300 206 365 885
789 290 1057 359 INS'l'Ill'U'l'IO
1078 292 1184 359 ΗΕΒ.
1207 289 1388 359 onmem
1414 296 1505 357 1559.
2090 292 2156 355 886

145 487 362 570 praeferatur,
401 490 458 546 aut
491 482 585 564 quasi
617 484 653 547 in
688 483 791 548 alium
823 485 924 548 finem
953 481 1125 548 distinctae
1266 485 1314 543 17.
1359 479 1506 546 Tandem
1538 480 1682 557 Phocas,
1715 480 1772 561 qui
1805 500 1899 545 caeso
1931 479 2090 544 Mauritio
2121 479 2157 543 in

146 572 212 638 illio
235 578 344 634 esseut
370 568 590 650 patriarchiae
617 589 715 651 quam
742 570 874 652 politiae
901 588 1008 635 causa
1054 567 1126 635 Soi-
1176 567 1247 632 eius
1276 566 1384 631 locum
1411 567 1568 632 suffectus
1594 574 1643 630 est
1672 565 1797 649 (nescio
1818 587 1884 648 qua
1906 566 1946 630 de
1966 585 2068 631 eausa
2090 564 2156 629 Re-

143 678 218 723 mus
245 662 355 721 autem
383 651 531 736 politiam
560 675 619 736 pro
644 655 803 721 varietate
833 664 1017 737 temporum
1045 657 1125 720 reci·
1177 653 1285 718 manis
1317 653 1460 731 amicior,
1490 655 1553 717 imo
1583 653 1659 733 quio
1686 652 1752 716 tute
1779 652 1892 732 aeque
1918 651 2088 717 masmae
2114 674 2157 716 αν

143 763 237 827 pere,
260 741 326 805 imo
355 741 487 824 exigere
509 742 617 806 varias
639 742 844 806 mutationes.
889 741 1001 805 Futile
1023 742 1126 825 igitur
1176 744 1306 803 renatus
1331 738 1452 822 fueret)
1479 739 1649 803 Bonifatio
1676 739 1771 803 tertio
1798 737 1957 803 concessit
1984 736 2073 820 quod
2097 738 2157 801 mi-

143 837 195 893 est
216 826 304 910 quod
326 825 474 892 obtendit
495 828 580 905 Leo,
606 848 672 891 non
694 848 764 891 esse
787 826 1000 892 deferendum
1022 828 1125 891 hono-
1177 825 1266 888 nime
1299 823 1486 906 postulabat
1512 824 1708 907 Gregorius,
1742 834 1780 887 ut
1804 824 1914 888 Roma
1945 834 2046 905 caput
2072 834 2158 888 esset

143 935 214 979 rem
241 912 612 994 constantinopolitanae
639 912 709 977 sedi
736 914 793 995 qui
825 912 943 997 synodi
969 914 1125 978 nicaenae
1177 912 1325 974 omnium
1360 911 1580 976 ecelesiarum.
1632 909 1674 972 In
1708 910 1796 976 hunc
1827 908 1960 974 modum
1993 909 2158 992 dirempta

142 1000 319 1065 autoritate
341 996 575 1064 alexandrinae
598 998 693 1062 datin
715 1000 807 1063 foret.
852 999 927 1064 Hoc
946 999 1035 1063 enim
1056 998 1124 1063 dic·
1177 1006 1227 1060 est
1249 998 1477 1061 controversia.
1522 996 1636 1078 Neque
1658 1003 1768 1059 tamen
1795 995 1875 1060 adeo
1897 996 2075 1079 prodiisset
2098 995 2158 1061 hoc

142 1093 192 1151 tat
213 1084 397 1151 communis
414 1105 539 1160 sensus,
562 1084 661 1149 fuisse
679 1084 837 1150 eiusmodi
856 1083 1022 1149 decretum
1039 1083 1125 1166 quod
1176 1081 1382 1163 imperatoris
1408 1081 1602 1147 beneficium
1629 1081 1699 1146 sedi
1726 1102 1893 1160 romanae,
1921 1083 1984 1146 nisi
2008 1082 2075 1146 alia
2102 1084 2158 1145 de-

144 1193 203 1255 pro
223 1181 408 1253 temporum
426 1171 552 1234 rationo
570 1170 641 1234 tolli
658 1179 776 1253 posset.
805 1169 895 1250 Quid
914 1170 999 1251 quod
1017 1170 1125 1248 orien-
1176 1166 1253 1232 inde
1275 1169 1494 1234 accessissent.
1542 1168 1630 1232 Nam
1653 1167 1795 1232 Graecia
1814 1177 1847 1232 et
1868 1175 1936 1232 tota
1958 1169 2038 1232 Asia
2059 1168 2159 1250 paulo

143 1257 261 1323 talium
283 1277 378 1321 nemo
396 1256 611 1338 repugnabat,
632 1278 772 1339 quorum
793 1258 951 1321 intererat
972 1256 1006 1319 id
1020 1257 1124 1319 maxi-
1176 1266 1252 1336 post
1278 1254 1318 1318 ab
1347 1257 1416 1319 eius
1448 1255 1676 1320 communione
1710 1253 1871 1319 abscissae
1907 1266 1995 1318 sunt.
2037 1255 2159 1320 'Gallia

145 1342 222 1408 mol
267 1341 392 1408 Aderat
413 1351 501 1406 certo
523 1342 702 1415 Pretorius,
725 1365 821 1425 quem
843 1341 1067 1407 Alexandriae
1090 1344 1125 1405 in
1148 1316 1152 1383 l
1177 1340 1223 1405 sic
1252 1340 1359 1421 ipsum
1386 1341 1613 1416 reverebatur,
1640 1350 1678 1405 ut
1707 1361 1773 1404 non
1800 1357 1929 1422 pareret
1956 1340 2021 1404 nisi
2049 1340 2159 1422 quoad

147 1430 254 1496 locum
286 1427 438 1492 Dioscori
468 1428 706 1508 praefecerant3
735 1429 871 1493 aderaut
900 1429 956 1492 alii
984 1429 1124 1510 patriar·
1176 1426 1307 1491 libebat
1353 1427 1446 1492 Tunc
1472 1448 1550 1491 vero
1577 1427 1720 1508 primum
1749 1426 1785 1489 in
1811 1427 2004 1490 servitutem
2026 1425 2159 1492 redacta

146 1514 244 1589 chae,
294 1534 412 1576 uorum
440 1513 544 1577 honor
571 1514 835 1578 imminuebatur.
886 1514 1026 1579 Illorum
1055 1522 1125 1579 erat
1177 1521 1227 1577 est
1265 1510 1321 1575 ubi
1348 1513 1487 1594 Pipinus
1528 1534 1669 1595 regnum
1702 1512 1881 1595 occupavit.
1935 1511 2025 1576 Nam
2055 1534 2160 1593 quum

144 1536 362 1672 intercedere,
393 1619 459 1663 non
481 1600 619 1678 Leonis,
649 1601 705 1683 qui
733 1621 792 1664 suo
813 1600 882 1665 loco
904 1601 1033 1684 integer
1055 1622 1124 1665 ma-
1176 1598 1363 1675 Zacharias,
1386 1599 1531 1681 pontifex
1559 1618 1728 1674 romanus,
1758 1599 1789 1661 ei
1816 1597 1944 1663 adiutor
1972 1597 2091 1663 fuisset
2118 1598 2160 1662 ad

146 1687 253 1751 nebat
299 1683 412 1764 Quum
441 1706 518 1749 vero
551 1694 662 1750 tacent
693 1686 741 1748 illi
768 1707 896 1762 omnes,
930 1687 996 1750 imo
1022 1708 1124 1768 quum
1176 1683 1348 1765 perfidiam
1378 1705 1415 1748 ao
1448 1684 1675 1757 latrocinium,
1708 1692 1746 1747 ut
1776 1684 1870 1765 pulso
1899 1683 2048 1767 legitimo
2081 1706 2159 1767 rege

143 1772 384 1847 assentiuntur,
415 1793 502 1835 unus
525 1792 678 1836 romanus
700 1773 835 1848 resistit;
864 1784 1053 1853 promptum
1075 1784 1126 1836 est
1157 1788 1317 1850 'regnum
1337 1772 1431 1852 quasi
1452 1771 1593 1853 praedae
1615 1772 1800 1852 expositum
1828 1780 1965 1852 raperet,
1986 1769 2050 1835 hoc
2072 1792 2159 1834 mer·

143 1857 287 1922 iudicare
321 1855 479 1938 quidnam
507 1879 582 1921 eum
610 1866 754 1921 moveat:
784 1857 906 1922 scilicet
934 1858 1126 1946 providebat
1177 1855 1265 1921 cedis
1287 1856 1378 1932 tulit,
1407 1868 1445 1919 ut
1473 1859 1507 1920 in
1529 1856 1680 1923 eeclesias
1701 1856 1878 1940 gallicanas
1899 1855 2160 1921 iurisdictionem

165 1942 231 2008 uod
264 1964 329 2006 non
357 1942 462 2006 multo
491 1952 563 2024 post
595 1942 727 2011 accidit.
767 1943 972 2008 decrescente
1006 1946 1126 2009 veteris
1178 1941 1315 2006 haberet
1348 1964 1486 2007 romana
1512 1943 1614 2007 sedes
1666 1941 1950 2023 Quemadmodum
1978 1940 2159 2024 praedones

197 2050 270 2094 mao
288 2029 401 2112 gloria,
420 2030 489 2092 fore
508 2039 546 2091 ut
564 2028 873 2111 Constantinopolis,
892 2030 1034 2095 secundo
1056 2031 1125 2095 loeo
1178 2049 1351 2093 commuue
1372 2029 1512 2110 spolium
1529 2030 1635 2093 solent
1651 2028 1823 2111 partiendo
1840 2027 1991 2109 diripere,
2015 2028 2063 2092 ita
2082 2029 2160 2095 boui

144 2137 211 2180 non
232 2123 400 2187 contento,
430 2113 469 2177 de
492 2115 636 2196 primatu
657 2136 732 2180 oum
753 2136 791 2178 ea
813 2115 966 2198 litigaret
1011 2116 1125 2198 Neque
1178 2114 1233 2177 isti
1245 2114 1309 2178 viri
1320 2115 1407 2178 inter
1419 2135 1454 2179 se
1466 2126 1707 2197 compararunt,
1727 2126 1765 2179 ut
1776 2114 1896 2197 Pipino
1912 2111 2048 2195 quidem
2064 2114 2159 2179 oede-

145 2210 258 2266 tamcn
287 2199 457 2265 clamando
486 2207 616 2264 tantum
644 2202 780 2282 profecit
802 2202 880 2284 quin
909 2210 1017 2265 ratum
1040 2213 1126 2266 esset
1178 2209 1229 2262 ret
1247 2212 1416 2264 terrenum
1433 2223 1471 2266 ac
1489 2201 1584 2266 civile
1603 2200 1794 2278 dominium,
1814 2199 1953 2281 spoliato
1972 2221 2052 2264 vero
2063 2221 2158 2284 rege,

144 2286 274 2353 concilii
297 2286 473 2350 decretum.
524 2286 641 2368 Itaque
669 2306 871 2352 successores
904 2289 989 2363 eius,
1024 2309 1124 2370 quum
1178 2286 1355 2352 Zacharias
1379 2295 1490 2351 autem
1517 2299 1616 2369 caput
1637 2289 1732 2351 fieret
1753 2286 1900 2350 omnium
1921 2287 2158 2368 opiscoporum.

144 2373 266 2437 fractos
288 2394 322 2436 so
346 2370 509 2446 viderent,
534 2371 575 2436 ab
595 2372 655 2435 illa
677 2374 860 2454 pervicacia
872 2374 898 2456 ¹)
920 2373 1046 2457 placide
1068 2373 1124 2438 de-
1178 2392 1215 2436 ac
1232 2371 1438 2454 spiritualem
1449 2386 1644 2455 potestatem
1656 2371 1798 2436 haberet
1835 2369 1931 2452 Quae
1949 2393 2052 2453 quum
2063 2373 2159 2436 initio

145 2459 308 2523 stiterunt.
365 2457 527 2522 Tulerunt
558 2459 647 2522 enim
674 2470 710 2522 ut
744 2459 906 2524 secundus
939 2460 1125 2542 patriarcha
1176 2457 1309 2522 infirma
1334 2459 1418 2523 foret
1444 2458 1498 2541 (ut
1524 2459 1607 2523 solet
1633 2481 1697 2523 usu
1723 2459 1836 2522 venire
1858 2458 1894 2521 in
1916 2458 2015 2522 rebus
2037 2458 2158 2540 novis),

145 2541 327 2608 haberetur.
1177 2542 1287 2608 Caroli
1322 2544 1397 2609 inde
1430 2547 1607 2609 autoritate
1636 2546 1831 2610 confirmata
1856 2544 1934 2613 fuit.
1962 2544 2061 2607 simili
2091 2546 2160 2608 fere

236 2634 282 2692 16.
330 2629 454 2693 Verum
476 2629 573 2710 paulo
595 2644 668 2711 post
689 2651 830 2712 eousque
849 2632 957 2713 erupit
972 2632 1123 2706 Ioannes,
1148 2654 1152 2697 ι
1177 2629 1217 2694 de
1245 2650 1356 2697 causa.
1397 2631 1482 2694 Erat
1503 2632 1592 2694 enim
1613 2632 1624 2694 i
1648 2651 1683 2697 se
1705 2652 1833 2713 quoque
1855 2649 1987 2694 murano
2008 2630 2160 2709 pontifici

143 2717 201 2799 qui
218 2715 373 2798 Gregorii
390 2723 536 2796 tempore
553 2716 942 2798 constantinopolitanam
955 2718 1124 2784 ecclesiam
1177 2716 1347 2793 obnoxius,
1367 2716 1453 2799 quod
1471 2717 1542 2781 eius
1559 2654 1665 2782 studio
1687 2716 1729 2781 ad
1751 2717 1907 2781 honorem
1928 2714 2055 2796 imperii
2077 2735 2159 2795 per-

143 2800 279 2886 regebot
300 2812 337 2866 ut
359 2821 393 2866 so
412 2801 633 2866 universalem
649 2802 872 2883 patriarcham
891 2801 1021 2869 diceret
1057 2805 1124 2870 Hic
1176 2814 1329 2867 venerat:
1358 2801 1556 2885 Quanquam
1574 2813 1684 2868 autem
1702 2801 1858 2869 credibile
1872 2810 1928 2877 est,
1946 2800 2037 2881 prius
2054 2799 2159 2865 valde

143 2886 341 2973 Gregorius,
376 2908 419 2952 ue
453 2888 488 2950 in
516 2888 638 2970 optima
666 2909 766 2954 causa
793 2889 879 2954 sedis
906 2910 984 2955 suae
1012 2889 1123 2955 defen·
1177 2888 1373 2953 deformatas
1405 2890 1504 2953 fuisse
1539 2889 1659 2972 ubique
1691 2889 1858 2964 ecclesias,
1890 2893 2016 2953 murat
2043 2896 2161 2950 umen

142 2974 269 3051 donia)
301 2973 443 3050 deesset,
479 2984 666 3039 constanter
700 2996 734 3039 se
764 2976 924 3057 opposuit
975 2977 1020 3040 Et
1053 2985 1125 3042 erat
1177 2988 1322 3040 veterem
1351 2975 1506 3039 ecclesiae
1533 2976 1673 3039 formam
1701 2988 1782 3039 tunc
1814 2972 1946 3039 demum
1980 2972 2016 3036 in
2045 2971 2160 3037 Gallia

141 3072 230 3125 certe
257 3059 472 3124 intelorabilis
500 3082 575 3125 cum
602 3060 755 3142 superbia
781 3072 853 3125 tum
875 3063 1004 3126 insania
1025 3062 1123 3126 Ioan-
1176 3071 1210 3126 et
1236 3062 1417 3126 Germania
1443 3062 1544 3125 fviisse
1579 3082 1713 3143 prorsus
1748 3059 1961 3125 obliteratam.
2012 3058 2160 3123 Exstant

143 3145 210 3222 nis,
238 3144 294 3226 qui
321 3146 524 3227 episcopatus
551 3147 603 3210 sui
630 3147 712 3210 fines
735 3166 875 3229 aequare
897 3148 1026 3230 imperii
1048 3150 1123 3212 fini·
1176 3147 1284 3213 adhuo
1310 3149 1347 3210 in
1374 3147 1516 3212 archivis
1545 3149 1655 3212 curiae
1683 3145 1872 3229 parisiensis
1888 3145 2007 3212 breves
2024 3143 2160 3208 illorum

142 3231 204 3296 hus
226 3230 363 3295 volebat
408 3231 523 3313 Neque
551 3246 660 3296 tamen
683 3231 771 3314 quod
798 3233 894 3298 alteri
915 3249 1015 3317 negat
1037 3233 1123 3300 Gre-
1176 3241 1361 3315 temporum
1382 3235 1617 3311 commentarii,
1641 3233 1706 3315 qui,
1729 3233 1784 3298 ubi
1808 3229 1848 3297 de
1869 3230 1968 3299 rebus
1989 3230 2159 3296 ecclesias·

139 3318 261 3401 gorius,
278 3316 341 3381 sibi
360 3318 423 3399 ipsi
440 3317 608 3396 vendicat;
631 3315 689 3382 sed
701 3338 815 3384 vocem
829 3319 929 3396 illam,
948 3340 1122 3401 aquooun·
1175 3319 1248 3385 ticis
1270 3320 1391 3402 agitur,
1412 3320 1613 3384 mentionem
1634 3318 1823 3401 pactiormm
1843 3318 1978 3394 facium,
2007 3328 2081 3381 tum
2101 3317 2158 3383 Pi·

139 3424 203 3486 que
227 3402 362 3468 tandem
390 3418 582 3484 usurpetur,
610 3413 648 3467 ut
673 3403 845 3470 scelestam
873 3413 907 3471 et
933 3406 1069 3489 impiam
1090 3423 1123 3472 et
1175 3406 1245 3488 pini
1267 3418 1340 3468 tum
1361 3403 1488 3484 Caroli,
1518 3427 1594 3471 oum
1623 3427 1758 3470 romano
1778 3403 1941 3488 pontifice.
1986 3402 2073 3468 Inde
2094 3403 2157 3470 ool·

141 3487 315 3553 nefandam
337 3487 550 3553 abominatur.
591 3489 680 3570 Quin
702 3492 803 3554 etiam
825 3491 966 3575 Eulogio
987 3492 1122 3559 alexan·
1175 3491 1279 3575 ligere
1300 3491 1385 3567 lieet,
1408 3492 1529 3557 factam
1550 3506 1629 3557 tuno
1651 3493 1750 3556 fuisse
1777 3491 1898 3556 veteris
1919 3502 2030 3554 status
2051 3499 2157 3554 muta-

140 3572 235 3638 drino
271 3574 420 3656 episcopo
454 3574 571 3640 alicubi
603 3590 789 3653 succenset,
804 3577 833 3660 ⁸)
867 3599 886 3641 a
919 3600 982 3660 quo
1015 3580 1123 3644 fuerat
1173 3578 1306 3642 tionem.

140 3660 300 3726 eiusmodi
323 3660 418 3725 titulo
441 3662 629 3727 honoratus.
675 3664 770 3731 Ecce.
793 3664 914 3746 inquit,
938 3666 973 3728 in
994 3668 1123 3748 praesa·
1264 3669 1312 3727 18.
1357 3664 1412 3728 Ex
1440 3684 1478 3729 eo
1507 3680 1666 3746 tempore,
1696 3683 1796 3745 quum
1824 3682 1877 3726 res
1899 3662 2023 3744 passim
2044 3660 2080 3725 in
2101 3660 2157 3724 de·

140 3744 229 3812 lione
248 3747 429 3828 epistolae,
458 3769 556 3830 quam
585 3748 627 3813 ad
655 3771 709 3813 mo
731 3751 856 3832 ipsum,
880 3752 937 3832 qui
959 3752 1122 3832 prohibui,
1177 3751 1278 3815 terius
1304 3750 1448 3835 quotidie
1476 3748 1739 3833 prolaberentur,
1769 3747 1912 3812 stabilita
1933 3768 2061 3829 quoqtm
2078 3744 2156 3810 sub-

139 3831 315 3907 direxistis,
336 3834 495 3916 superbae
512 3834 740 3917 appellationis
759 3836 906 3911 verbum,
928 3848 1047 3919 papam
1069 3859 1123 3903 me
1175 3836 1252 3901 inde
1285 3845 1319 3900 et
1352 3850 1450 3902 aucta
1481 3847 1530 3900 est
1566 3855 1720 3899 romanae
1747 3834 1833 3898 sedis
1859 3835 2026 3917 mannis,
2056 3829 2156 3911 idque

140 3919 360 3983 universalem
390 3919 600 4002 appellando.
629 3922 818 4003 imprimere
843 3924 997 4000 curastis;
1025 3922 1122 4004 quod,
1175 3924 1400 4004 episcoporum
1421 3922 1543 4004 partim
1565 3922 1708 3999 inscitia,
1737 3921 1859 4002 partim
1882 3920 2023 4002 ignavia
2064 3915 2157 3980 Nam

141 4012 225 4087 peto,
248 4005 403 4070 sanctitas
426 4018 536 4071 vestra
556 4007 695 4071 ulterius
712 4028 779 4071 non
800 4008 913 4081 faciat;
935 4009 1012 4090 quia
1030 4008 1123 4073 vobis
1174 4030 1277 4090 quum
1304 4030 1389 4073 unus
1415 4009 1527 4072 omnia
1554 4008 1617 4072 sihi
1643 4022 1803 4083 sumeret,
1832 4026 1870 4071 ao
1897 4006 1970 4071 sine
1994 4001 2088 4068 modo
2118 4022 2158 4067 se

140 4090 362 4167 subtrahitur,
390 4091 477 4174 quod
499 4093 593 4157 alteri
615 4093 689 4174 plus
711 4114 810 4175 quam
832 4094 937 4177 exigit
958 4096 1042 4158 ratio
1064 4095 1122 4159 da·
1175 4102 1289 4160 contra
1316 4095 1369 4159 ius
1397 4105 1430 4158 ot
1456 4095 1506 4158 fas
1533 4093 1692 4158 extollere
1719 4093 1825 4175 magis
1927 4092 1934 4104 '
1974 4110 2016 4157 ae
2035 4108 2159 4172 perge-

141 4184 209 4242 tnr:
233 4197 294 4261 ego
316 4177 474 4243 honorem
492 4199 560 4242 nou
582 4178 713 4260 deputo,
735 4181 771 4243 in
792 4201 857 4261 quo
875 4180 1014 4244 fratrum
1033 4202 1122 4245 meo-
1146 4142 1151 4199 1
1175 4189 1239 4257 ret,
1268 4201 1328 4245 uec
1353 4180 1423 4245 aelo
1444 4200 1509 4262 quo
1538 4180 1736 4255 debuerant,
1766 4179 1908 4244 incubus
2012 4175 2159 4259 episcopi

140 4284 217 4328 rom
247 4264 403 4328 honorem
432 4265 537 4328 nunui
565 4264 673 4341 vidoo;
701 4286 794 4329 meus
821 4267 911 4329 enim
936 4266 1041 4331 honor
1072 4283 1124 4332 est
1174 4266 1218 4330 ad
1244 4266 1419 4330 arcendam
1445 4266 1515 4330 eius
1535 4265 1715 4335 libidinem.
1748 4276 1847 4347 atque
1872 4275 1909 4327 ut
1938 4264 2070 4329 animus
2091 4282 2159 4324 non

141 4349 246 4414 honor
268 4350 464 4415 universalis
486 4351 649 4424 eccloeiae,
672 4351 874 4433 fratrumque
899 4373 1048 4417 meorum
1070 4375 1122 4418 so-
1174 4352 1345 4427 defuisset‚
1384 4352 1649 4418 destituebantur
1681 4368 1793 4416 mmen
1826 4372 1905 4415 vera
1935 4349 2089 4414 doctrina
2125 4356 2160 4412 et

139 4434 226 4501 lidus
247 4438 357 4520 vigor:
378 4438 408 4502 si
427 4450 539 4501 autem
558 4437 777 4501 universalem
794 4457 848 4501 me
865 4459 984 4520 papam
1000 4440 1123 4505 mnen-
1146 4462 1150 4501 i
1175 4439 1306 4522 peritia,
1330 4449 1367 4503 ut
1384 4438 1426 4503 ad
1444 4446 1574 4504 tantam
1591 4459 1662 4503 rem
1679 4436 1872 4502 tentandam
1896 4450 2009 4502 essent
2021 4435 2160 4500 minime

139 4530 192 4587 tas
212 4534 324 4588 vostra
345 4522 433 4599 dioit,
457 4538 557 4605 negat
584 4544 619 4588 se
641 4523 703 4588 hoc
723 4523 906 4605 essequod
927 4545 980 4589 me
1002 4526 1123 4591 fatetur
1146 4514 1150 4581 l
1175 4525 1291 4590 idonei
1335 4525 1453 4607 Itaque
1480 4524 1632 4591 videmus
1657 4524 1764 4607 qualis
1785 4524 1885 4587 fuerit
1905 4532 1940 4586 et
1960 4543 2061 4604 quam
2084 4541 2160 4603 pro-

140 4611 341 4674 universum.
386 4610 482 4673 Bona
500 4605 633 4690 quidem
654 4620 726 4674 erat
752 4620 787 4673 et
808 4609 948 4675 honesta
969 4611 1123 4696 Gregorii
1173 4610 1299 4694 digiosa
1320 4612 1446 4676 Remae
1465 4613 1612 4676 omnium
1639 4631 1808 4676 sacrorum
1828 4608 2024 4692 profanatio,
2052 4618 2088 4673 ot
2107 4616 2161 4669 to-

140 4715 255 4773 oausa;
271 4694 330 4760 sed
347 4695 498 4769 Ioannes,
517 4695 665 4759 Maunhi
681 4696 889 4777 imperatoris
900 4697 1012 4762 favore
1029 4696 1123 4763 adiu·
1174 4698 1241 4764 tius
1266 4699 1477 4764 ecelesiastici
1503 4697 1628 4764 ordinis
1652 4696 1822 4779 dimipatio
1843 4693 2013 4760 Bernardi
2038 4702 2159 4758 aetate

138 4790 205 4865 ars.
224 4781 385 4847 dimoveri
406 4780 610 4864 aproposito
627 4802 693 4846 non
712 4782 828 4866 potuit
864 4781 1024 4867 Cyriacus
1041 4803 1123 4866 quo·
1174 4784 1396 4867 Conqueritur
1412 4784 1437 4868 ¹)
1464 4804 1508 4849 ex
1534 4794 1604 4849 toto
1629 4783 1709 4849 orbe
1735 4782 1879 4847 Romam
1899 4782 2066 4846 confluere
2088 4799 2160 4844 arn·

140 4886 205 4949 que
226 4869 298 4932 eins
319 4888 488 4934 successor
509 4887 678 4949 nunquam
699 4867 741 4933 de
760 4888 800 4933 ea
817 4889 855 4934 re
875 4889 994 4951 pmus
1014 4877 1067 4935 est
1087 4891 1122 4935 se
1175 4869 1323 4948 hitiosos,
1344 4892 1474 4948 avaros,
1500 4871 1710 4946 simoniacos,
1739 4867 1929 4951 sacrilegos,
1957 4866 2160 4934 contulim-

139 4955 278 5019 exorari.
1174 4958 1249 5035 rios,
1270 4958 1484 5034 incestuosos,
1506 4966 1540 5050 et
1559 4976 1707 5038 quaeque
1728 4953 1913 5020 muusmodi
1934 4962 2098 5023 monstra
2121 4960 2159 5016 ut

155 5090 175 5096 -
207 5092 344 5100 ——-..

215 5157 401 5227 namins.
424 5155 615 5211 reos-nar.
686 5159 791 5226 nne
815 5159 1122 5230 reor-reem
1146 5172 1150 5211 t

142 5224 319 5292 oaeneon,
338 5228 403 5282 aaa
420 5225 488 5281 ren
505 5228 675 5281 annun.
744 5227 776 5296 a)
793 5230 868 5283 taor.
888 5228 912 5283 t.
929 5230 1010 5297 epar„
1025 5229 1070 5286 aa
1146 5220 1150 5243 ¹
1244 5233 1273 5299 1)
1290 5233 1365 5284 nor.
1384 5230 1407 5280 1.
1425 5226 1460 5276 oe
1477 5229 1611 5282 rosnae.
1630 5229 1665 5281 ic
1684 5229 1842 5298 manum
