4672 5842
163 307 228 369 989
496 305 586 370 LlB.
607 306 668 370 IV.
713 305 778 372 DE
801 306 1039 374 EX'PERNIS
1064 306 1233 374 MEDHS
1255 307 1320 373 AD
1344 307 1575 374 staurari.
1622 305 1721 372 CAP.
1744 304 1841 371 XVI.
2117 315 2180 379 990

164 502 237 572 tur,
270 493 452 558 Dominum
492 496 540 558 ita
567 494 671 560 solere
705 497 829 577 passim
861 483 935 561 oiim
964 496 1146 562 infantibus
1199 496 1289 561 tibus
1311 496 1476 561 tribuatur
1498 494 1567 559 ulla
1589 495 1732 579 cognitio
1749 495 1824 572 Dei,
1847 500 1928 577 quos
1945 495 2023 571 boni
2045 506 2078 561 et
2099 499 2180 567 mali

164 601 272 664 agere.
323 580 438 662 Neque
460 581 548 644 enim
570 602 629 645 nos
652 602 728 645 eum
753 582 787 645 in
809 582 944 647 modum
971 584 1146 648 ratiocina-
1199 582 1672 665 intelligentielliosesprivat,
1693 580 1920 664 respondeant,
1939 604 2067 665 quaeso,
2085 585 2178 666 mihi,

164 687 249 730 mur.
285 667 428 731 Tantum
452 667 622 731 ostendere
645 669 777 732 animus
801 679 857 737 est
884 670 994 752 inique
1015 690 1053 734 ac
1075 690 1146 734 ma·
1200 667 1278 750 quid
1312 667 1450 750 periculi
1482 667 1533 744 sit,
1569 669 1595 733 si
1619 668 1762 750 aliquam
1795 668 1866 732 eius
1894 669 2018 752 gratiae
2050 679 2178 751 partem

164 753 253 835 ligne
277 753 367 816 intra
388 773 443 817 eas
471 754 640 836 angustias
667 752 802 816 limitari
823 755 864 819 ab
887 756 933 819 eis
955 753 1020 819 Dei
1042 756 1146 820 virtu·
1200 776 1288 820 nunc
1312 755 1456 835 accipere
1479 753 1639 832 dieantur,
1668 754 1762 819 euius
1784 753 1881 835 plena
1904 754 2058 838 largitate
2080 755 2178 838 paulo

165 846 242 915 tem,
261 839 381 920 quibus
398 839 469 920 ipsa
487 839 610 904 includi
628 861 662 903 11
680 841 907 904 11111111111
937 840 1155 905 Tantundem
1198 849 1271 921 post
1292 838 1524 921 perfruentur?
1568 839 1656 904 Nam
1678 840 1706 904 si
1728 841 1816 903 vitae
1839 839 2007 922 plenitudo
2035 842 2179 923 perfecta

164 923 266 990 habet
283 923 437 1006 ponderis
456 936 489 988 et
507 925 648 989 alterum
666 926 855 1008 suffugium.
895 927 1025 993 Usitato
1044 928 1145 1009 serip-
1197 926 1262 990 Dei
1283 924 1468 1008 cognitione
1490 932 1626 1003 constat,
1655 947 1756 1007 quum
1780 947 1893 990 eorum
1913 927 2072 1005 nonnulli,
2100 947 2179 1009 quos

165 1020 262 1074 turae
288 1031 380 1074 more
407 1011 543 1092 perinde
565 1011 675 1076 valere
703 1011 848 1094 adlegant
870 1014 1073 1093 particulam,
1104 1013 1145 1079 ab
1197 1012 1304 1094 prima
1333 1012 1444 1076 statim
1472 1011 1611 1076 infantia
1634 1012 1710 1076 hinc
1732 1031 1816 1077 mors
1846 1012 1978 1093 abrasit,
2007 1014 2043 1077 in
2074 1015 2178 1079 vitam

165 1106 270 1174 utero,
291 1119 329 1161 ec
351 1096 380 1160 11
403 1096 579 1175 diceretur,
604 1118 621 1161 e
643 1097 792 1180 pueritia.
838 1095 906 1162 Sed
935 1099 1045 1163 videre
1071 1121 1145 1182 perr
1198 1107 1366 1162 aeternam
1395 1104 1579 1174 transeant,
1616 1095 1658 1161 ad
1685 1097 1969 1180 contemplandam
1996 1108 2085 1165 certe
2111 1100 2177 1167 Dei

166 1184 278 1266 spicue
300 1183 393 1258 lieet,
412 1182 568 1265 angelum
590 1204 692 1265 quum
713 1183 747 1247 id
769 1183 948 1249 Zachariae
971 1184 1145 1251 denuntia·
1198 1184 1314 1248 faeiem
1351 1183 1653 1265 praesentissimam
1695 1184 1907 1266 recipiuntur.
1964 1183 2056 1265 Quos
2099 1206 2177 1270 ergo

166 1276 230 1346 ret,
255 1268 344 1333 aliud
380 1268 537 1348 voluisse;
564 1291 682 1352 nempe
708 1268 856 1334 nondum
885 1280 1000 1334 natum
1028 1272 1145 1352 spiritu
1197 1269 1294 1352 pleno
1315 1269 1398 1335 lucis
1426 1290 1504 1333 suae
1532 1269 1657 1352 fulgore
1685 1269 1909 1334 illustraturus
1932 1281 1982 1335 111
2002 1272 2175 1350 Dominus,

166 1363 281 1420 sancto
303 1354 467 1436 repletum
489 1355 538 1418 iri.
583 1355 635 1419 Ne
658 1376 735 1438 ergo
757 1354 864 1438 legem
887 1355 959 1420 Deo
976 1358 1145 1439 imponere
1198 1378 1258 1421 cur
1275 1357 1405 1421 neniis
1428 1377 1554 1437 quoque
1576 1357 1610 1419 in
1632 1376 1803 1437 praesens,
1826 1357 1853 1421 si
1876 1357 1922 1420 ita
1943 1357 2084 1434 libuerit,
2108 1359 2177 1423 exi·

167 1449 344 1518 tentemus,
379 1440 459 1523 quin
488 1442 671 1506 sanctificet
703 1462 783 1523 quos
812 1442 922 1506 visum
952 1443 1052 1507 fuerit
1081 1465 1145 1525 quo
1198 1462 1264 1524 gua
1281 1441 1423 1506 scintilla
1441 1440 1631 1519 irradiaret3
1647 1443 1845 1522 praesertim,
1864 1443 1895 1506 si
1917 1463 1977 1506 1111
1999 1450 2070 1508 arcte
2092 1445 2177 1511 exuit

165 1527 264 1591 modo
294 1527 382 1591 huno
410 1528 641 1604 sanctificavit,
665 1526 795 1609 quando
823 1527 907 1591 nihil
933 1529 1002 1593 eius
1031 1530 1146 1595 virtuti
1198 1529 1284 1608 ipsos
1318 1529 1511 1610 1911111111,
1546 1549 1642 1608 qaam
1669 1529 1764 1609 eripit
1791 1549 1829 1592 11
1856 1530 1965 1592 cantis
1997 1528 2176 1611 ergastulo?

165 1613 314 1678 decessit.
1198 1613 1275 1677 Non
1296 1613 1383 1694 quod
1409 1613 1524 1679 eadem
1551 1635 1621 1679 esse
1649 1613 1712 1678 fide
1735 1613 1912 1695 praeditos,
1936 1622 2059 1680 temere
2087 1616 2176 1681 affir-

258 1703 305 1762 18.
351 1699 396 1762 Et
413 1719 491 1763 eane
509 1698 582 1763 ideo
602 1722 621 1762 a
639 1700 745 1781 prima
762 1699 902 1764 infantia
925 1701 1146 1766 sanctificatus
1199 1720 1290 1763 mare
1311 1699 1419 1775 velim,
1442 1720 1542 1781 quam
1565 1700 1600 1764 in
1622 1699 1717 1765 nobis
1740 1701 1943 1782 experimur,
1965 1710 2022 1764 aut
2042 1703 2176 1766 omnino

165 1786 230 1850 fuit
251 1784 414 1862 Christus,
438 1793 475 1848 ut
496 1808 538 1849 ex
561 1796 669 1849 aetate
693 1784 838 1867 qualibet
864 1787 934 1850 sine
958 1786 1146 1852 discrimine
1200 1783 1320 1849 habere
1357 1786 1508 1851 notitiam
1540 1784 1615 1850 fidei
1646 1785 1801 1863 similem,
1835 1786 1921 1868 quod
1954 1787 1990 1850 in
2018 1808 2176 1868 suspenso

166 1872 287 1936 eleetos
313 1892 389 1936 suos
417 1872 452 1934 in
480 1893 515 1935 se
542 1872 613 1953 ipso
641 1872 867 1935 sanctificaret.
917 1872 1005 1935 Nam
1033 1894 1146 1955 quem·
1199 1871 1384 1952 relinquero
1406 1872 1507 1951 malo;
1536 1892 1653 1935 verum
1680 1879 1718 1936 ut
1744 1873 1882 1937 istorum
1910 1871 2064 1937 stolidam
2086 1895 2176 1937 arro-

166 1956 345 2021 admodum
367 1956 408 2020 ad
432 1954 604 2022 delendam
626 1956 865 2021 inobedientiae
888 1958 1033 2040 culpam,
1063 1981 1146 2041 quae
1200 1958 1347 2039 gantiam
1383 1958 1553 2039 paululum
1593 1974 1779 2033 coerceam,
1819 1958 1896 2040 qui,
1935 1969 2032 2040 prout
2063 1960 2177 2023 inflata

166 2043 204 2107 in
231 2064 327 2107 earne
355 2050 467 2107 nostra
495 2054 680 2125 perpetrata
706 2044 828 2119 fuerat,
853 2065 925 2108 cam
947 2045 1053 2127 ipsam
1075 2066 1146 2110 car·
1198 2042 1266 2107 illis
1298 2043 1399 2108 bucca
1431 2044 1546 2121 fuerit,
1581 2065 1694 2109 seourc
1728 2042 1857 2126 quidvis
1884 2052 1941 2109 aut
1968 2054 2092 2128 negant
2119 2050 2177 2109 aut

167 2151 245 2193 nem
279 2129 340 2193 sibi
368 2128 494 2206 induit,
527 2131 562 2192 in
592 2149 656 2211 qua
682 2129 859 2210 perfectam
887 2150 985 2195 causa
1012 2132 1147 2213 viceque
1200 2139 1360 2193 asserunt.

167 2230 280 2279 nostra
301 2214 520 2280 obedientiam
543 2223 739 2297 praestaret,
768 2216 815 2278 ita
837 2236 875 2278 ex
897 2217 1014 2297 spiritu
1033 2226 1146 2281 saneto
1286 2218 1336 2277 20.
1382 2215 1507 2278 Verum
1535 2237 1598 2297 quo
1625 2215 1733 2280 adhuc
1765 2215 1904 2281 validius
1927 2216 1989 2281 hac
2010 2224 2104 2299 parte
2125 2217 2176 2280 in-

168 2312 344 2382 conceptus
362 2302 434 2375 fuit,
453 2309 492 2364 ut
510 2302 580 2365 eius
603 2301 776 2367 sanctitate
798 2301 832 2363 in
855 2311 1026 2383 assumpta
1047 2323 1146 2368 carne
1198 2301 1326 2378 sistant,
1350 2301 1555 2377 subnectunt,
1576 2302 1774 2384 baptismum
1795 2302 2013 2384 poenitentiae
2040 2324 2078 2367 ac
2099 2302 2176 2367 fidei

165 2386 209 2450 ad
241 2387 376 2469 plenum
410 2389 561 2468 perfusus
593 2388 700 2470 ipsam
728 2387 770 2451 ad
799 2409 857 2451 nos
893 2387 1144 2452 transfunderet
1198 2393 1438 2450 sacramentrnn
1464 2408 1548 2465 esse;
1578 2408 1677 2470 quare
1700 2409 1801 2469 quum
1823 2389 1999 2452 neutra'in
2020 2388 2177 2453 tenellam

167 2470 205 2537 Si
238 2472 517 2538 absolutissimum
544 2473 579 2536 in
608 2473 742 2538 Christo
771 2472 930 2537 habemus
964 2476 1146 2557 gratiarum
1198 2472 1372 2536 infantiam
1395 2473 1500 2551 cadat,
1522 2473 1703 2538 cavendum
1725 2496 1776 2550 ne,
1805 2475 1833 2538 si
1854 2476 1890 2537 in
1912 2473 2066 2556 baptismi
2087 2496 2175 2539 eorn-

166 2559 314 2623 omnium
335 2559 513 2640 exemplar,
532 2558 649 2642 quibus
669 2559 755 2623 filios
773 2579 850 2624 suos
868 2560 959 2624 Deus
977 2561 1145 2643 prosequi·
1198 2559 1389 2623 munionem
1417 2558 1625 2636 admittatur,
1652 2559 1761 2626 inanis
1789 2568 1822 2624 et
1850 2560 1989 2624 evanida
2019 2559 2177 2625 reddatur

166 2652 228 2723 tur,
253 2644 314 2711 hac
333 2666 464 2729 quoque
486 2656 579 2727 parte
598 2646 721 2710 scilicet
740 2646 936 2711 documento
958 2645 1051 2709 nobis
1073 2647 1145 2726 crit,
1199 2645 1402 2727 significatio.
1453 2647 1500 2709 At
1533 2646 1620 2709 enim
1655 2644 1742 2712 haec*
1770 2646 1834 2710 tela
1868 2647 1904 2709 in
1930 2646 2041 2710 Deum
2070 2646 2176 2745 magis

165 2730 323 2796 infantiae
346 2744 489 2797 aetatem
517 2753 583 2795 non
610 2753 712 2814 usque
741 2731 822 2796 adeo
845 2753 865 2794 a
887 2732 1145 2797 sanctificatione
1198 2751 1297 2811 quam
1326 2732 1361 2794 in
1383 2753 1442 2796 nos
1469 2730 1665 2814 diriguntur.
1712 2730 1881 2814 Siquidem
1903 2739 1937 2796 et
1958 2733 2175 2797 circumcisio·

165 2816 350 2882 abhorrere.
398 2818 588 2900 Utcunque,
618 2817 680 2883 hoc
709 2828 820 2883 tamen
842 2827 936 2881 extra
957 2830 1145 2883 controver·
1198 2837 1275 2880 11111
1302 2817 1402 2881 fuisse
1428 2817 1647 2899 poenitentiae
1678 2818 1825 2900 signum,
1854 2818 1967 2883 multis
1995 2818 2176 2899 scripturae

164 2904 249 2968 siam
271 2906 438 2985 ponimus,
461 2906 627 2968 neminem
650 2905 826 2969 electorum
849 2925 866 2966 1
888 2905 1051 2985 praesenti
1075 2905 1146 2969 vita
1198 2902 1393 2966 testimoniis
1427 2897 1721 2985 compertissimum
1752 2911 1809 2969 est.
1860 2903 1989 2969 Deinde
2024 2926 2043 2968 a
2069 2902 2176 2969 Paulo

164 2991 303 3067 evocari,
331 2992 386 3071 qui
409 3011 474 3053 non
496 2992 587 3070 prius
614 2992 836 3056 sanctificetur
862 3010 900 3055 ae
933 3001 1146 3073 regeneretur
1198 2989 1309 3071 (Rom.
1339 2995 1375 3065 t,
1409 2990 1463 3071 11)
1492 2995 1700 3071 nuncupetur
1735 2989 1882 3072 sigillum
1909 2989 2052 3054 iustitiae
2088 2989 2173 3054 fidei.

165 3073 230 3137 Dei
259 3076 385 3157 spiritu.
436 3073 533 3156 Quod
568 3085 682 3142 contre
714 3076 891 3153 obiectant,
926 3076 1078 3158 spiritum
1110 3078 1145 3141 in
1198 3072 1252 3139 Ab
1278 3074 1350 3156 ipso
1371 3075 1482 3156 itaquo
1503 3075 1576 3139 Deo
1598 3075 1683 3140 ratio
1707 3077 1869 3159 exigatur,
1893 3098 1951 3141 eur
1974 3095 2046 3138 eam
2067 3075 2175 3139 infan-

165 3159 334 3241 scripturis
365 3162 490 3226 nullam
518 3163 582 3228 nisi
612 3186 652 3227 er
682 3161 921 3245 incorruptibili
943 3164 1082 3241 semine,
1111 3162 1145 3226 id
1198 3160 1280 3224 tium
1307 3160 1495 3244 corporibus
1524 3161 1658 3226 inscribi
1686 3162 1826 3226 iusserit.
1877 3162 2058 3243 Postquam
2086 3163 2176 3226 1111111

165 3257 224 3322 est,
247 3246 312 3310 Dei
335 3246 435 3312 verbo
457 3249 737 3330 regenerationem
760 3269 945 3333 agnoscere,
972 3270 1145 3331 perperam
1196 3245 1232 3310 in
1255 3244 1369 3311 eadem
1391 3255 1469 3311 sunt
1489 3249 1587 3312 cabaa
1609 3245 1790 3329 baptismus
1808 3255 1841 3312 11
1863 3247 2074 3324 circumcisio,
2098 3247 2176 3312 huie

165 3330 257 3394 illam
276 3332 368 3396 Petri
392 3333 424 3415 (1
449 3335 538 3399 Petr.
568 3339 592 3409 l,
617 3335 674 3419 23)
703 3336 900 3400 sententiam
922 3336 1144 3417 interpretari·
1197 3332 1281 3395 nihil
1305 3331 1383 3396 dare
1404 3342 1542 3414 possunt
1559 3331 1644 3416 quod
1666 3353 1733 3398 non
1751 3333 1847 3399 alteri
1865 3333 1964 3398 simul
1986 3331 2173 3398 concedant

166 3425 236 3493 tur,
266 3439 331 3500 qua
358 3419 470 3485 fideles
496 3418 593 3484 modo
616 3420 879 3503 comprehendit,
904 3422 960 3501 qui
981 3421 1144 3505 evangelii
1198 3415 1237 3483 Si
1259 3417 1301 3481 ad
1327 3418 1460 3483 solitum
1489 3419 1674 3484 cuniculum
1696 3426 1897 3503 respectant,
1925 3421 2083 3503 figuratos
2104 3426 2176 3485 tum

165 3502 408 3585 praedieatione
419 3505 524 3571 edocti
535 3507 673 3572 fuerant.
705 3507 838 3573 Talibus
849 3505 981 3588 quidem
993 3506 1143 3585 fatemur,
1196 3504 1297 3569 fuisse
1337 3525 1397 3587 per
1437 3505 1595 3570 infantiae
1629 3512 1771 3570 aetatem
1804 3505 1991 3587 spirituales
2023 3505 2174 3584 infantes,

166 3588 304 3653 verbum
332 3588 471 3655 Domini
499 3594 678 3674 spiritualis
705 3615 776 3658 1111
805 3592 1064 3675 regenerationis
1093 3614 1144 3657 se·
1195 3590 1264 3653 iam
1298 3589 1464 3656 obstructa
1492 3597 1542 3655 est
1563 3591 1628 3656 11111
1658 3591 1719 3656 via.
1770 3592 1921 3657 Dicimus
1949 3613 2043 3675 ergo,
2071 3613 2175 3674 quum

166 3695 244 3737 men
265 3676 415 3756 unicum;
438 3678 493 3742 sed
516 3700 558 3742 ex
580 3702 618 3743 eo
640 3701 801 3763 negamus
823 3676 1052 3761 colligendum,
1075 3699 1143 3742 non
1196 3676 1476 3741 circumcisionem
1509 3678 1728 3760 poenitentiae
1759 3678 1899 3760 fideique
1931 3686 2175 3742 sacramentum

164 3781 260 3842 posse
278 3759 342 3825 Dei
365 3764 487 3828 virtute
508 3767 697 3848 regenerari
718 3767 876 3830 infantes:
901 3785 983 3846 quae
1005 3764 1053 3827 illi
1075 3774 1144 3828 tam
1195 3762 1377 3827 infantibus
1394 3762 1487 3828 Deus
1509 3765 1766 3841 communicarit,
1788 3786 1854 3829 non
1872 3762 1976 3827 videri
1995 3759 2174 3825 absurdum

164 3846 270 3912 facilis
297 3856 332 3911 et
359 3858 510 3930 prompta
537 3862 601 3928 est,
628 3873 726 3934 quam
752 3851 846 3917 nobis
873 3849 1145 3932 incomprehensa
1196 3849 1223 3912 si
1246 3871 1333 3915 nunc
1356 3847 1508 3930 baptismi
1526 3851 1700 3932 participes
1717 3852 1814 3927 fiant3
1837 3849 1900 3912 nisi
1920 3846 2030 3930 palam
2051 3846 2087 3908 in
2108 3846 2174 3912 Dei

165 3939 199 3996 et
221 3931 431 3999 admirabilis.
476 3935 606 4000 Deinde
628 3960 694 4002 non
723 3939 802 4003 satis
830 3947 938 4002 tutum
961 3935 1060 3999 fuerit
1081 3936 1142 4001 hoc
1195 3934 1436 3999 institutionem
1454 3934 1647 4001 debacchari
1665 3933 1779 4015 placet.
1817 3934 1944 3997 Verum
1962 3953 2037 3997 cum
2054 3932 2089 3996 in
2107 3932 2174 3997 Dei

165 4017 310 4084 adimere
326 4020 480 4099 Domine,
499 4043 541 4086 ne
559 4043 629 4087 sese
646 4023 712 4089 illis
729 4046 857 4107 quoquo
874 4021 970 4088 modo
988 4022 1143 4088 exhibere
1194 4021 1289 4086 factis
1312 4021 1463 4086 omnibus
1494 4029 1564 4083 tum
1586 4022 1619 4083 in
1644 4020 1705 4083 hoc
1733 4040 1862 4100 quoque
1890 4019 1960 4100 ipso
1984 4018 2064 4084 satis
2086 4019 2172 4101 sapi·

165 4104 426 4189 cognoscendum
448 4116 554 4189 queat
1195 4108 1316 4185 entiae,
1345 4107 1501 4183 iustitiae,
1532 4105 1573 4170 ad
1602 4103 1822 4168 retrmdcndas
1848 4105 2023 4186 impiorum
2045 4105 2172 4171 obtrec-

143 4224 150 4251 1
255 4197 302 4256 19.
344 4195 391 4257 At
407 4193 497 4268 fides,
516 4194 678 4275 inquiunt,
739 4195 930 4273 eonditum,
950 4195 1043 4260 1111111
1060 4216 1142 4260 non·
1195 4194 1344 4270 tationes,
1368 4191 1500 4256 relucet.
1545 4190 1632 4255 Nam
1654 4189 1715 4254 etsi
1737 4191 1888 4269 infantes,
1916 4210 1979 4272 quo
2003 4191 2171 4256 eircumci-

164 4276 243 4342 dum
265 4301 362 4343 usum
384 4278 495 4361 adepti
517 4287 603 4357 sunt,
624 4302 685 4346 nec
741 4303 778 4346 eo
801 4279 1023 4365 cognoscendo
1045 4302 1142 4363 pares
1194 4279 1355 4343 debentur
1387 4283 1568 4354 momento,
1603 4274 1679 4358 quid
1707 4275 1769 4340 sibi
1796 4275 1896 4341 vellet
1923 4278 2057 4360 signum
2089 4275 2171 4340 illud

163 4384 234 4428 1111
256 4373 392 4446 queunt,
415 4386 495 4447 quos
516 4364 595 4429 boni
617 4366 715 4431 simul
742 4377 776 4432 et
803 4368 882 4432 mali
902 4367 1019 4431 notitia
1041 4365 1142 4430 desti·
1192 4363 1411 4447 intelligentia
1431 4382 1499 4426 non
1521 4360 1855 4444 comprehendebant,
1878 4384 1955 4427 vere
1975 4370 2087 4426 tamen
2107 4363 2170 4425 111-

163 4455 251 4515 tutos
273 4451 368 4516 docet
388 4451 499 4516 Moses
522 4450 634 4533 (Deut.
665 4457 697 4531 l,
721 4454 786 4537 39).
831 4454 959 4517 Verum
979 4473 1049 4517 non
1070 4451 1142 4516 ani·
1193 4448 1462 4515 cumcidobantur
1495 4448 1528 4512 11
1558 4455 1696 4513 naturae
1722 4470 1800 4513 suae
1828 4457 1999 4530 corruptae
2026 4470 2064 4513 ac
2091 4468 2170 4513 eon·

163 4536 377 4601 madvertunt
399 4536 596 4619 apostolum,
627 4558 728 4620 quum
750 4538 900 4603 auditum
921 4537 997 4602 fidei
1019 4538 1141 4619 princi·
1194 4536 1374 4600 taminatae
1395 4534 1692 4613 mortificationem,
1722 4554 1819 4616 quam
1842 4533 1946 4599 adulti
1967 4542 2080 4616 postea
2101 4554 2170 4598 me·

164 4622 256 4702 pium
276 4623 362 4702 facit,
385 4622 587 4688 ordinariam
608 4631 740 4690 tantum
760 4622 898 4688 Domini
919 4624 1140 4689 oeconomiam
1194 4620 1387 4686 ditarentur.
1432 4620 1576 4701 Denique
1602 4621 1689 4686 callo
1714 4622 1833 4703 11191111
1859 4621 1938 4685 solvi
1954 4625 2055 4700 polest
2076 4619 2171 4684 obiec-

163 4715 197 4769 et
231 4706 523 4788 dispensationem,
557 4730 656 4792 quam
688 4717 800 4776 111111
826 4712 862 4774 11
891 4705 1045 4776 vocandis
1072 4709 1140 4774 suis
1193 4709 1236 4772 tio
1258 4707 1346 4786 11111,
1376 4707 1535 4788 baptizari
1559 4709 1592 4770 111
1611 4707 1994 4787 (aturampoeaiteutiam
2015 4706 2171 4786 1111111111

163 4791 255 4869 solet,
279 4791 473 4877 describer03
496 4805 696 4861 nouantem
725 4804 918 4880 perpetuam
940 4796 969 4860 ei
992 4794 1141 4878 regulam
1192 4815 1273 4874 quoe
1299 4795 1358 4858 etsi
1380 4793 1518 4858 troadam
1546 4793 1582 4856 in
1602 4792 1669 4858 illis
1693 4793 1849 4873 samaiae
1870 4798 1956 4870 eura,
1984 4812 2104 4856 aroana
2124 4795 2170 4855 ta·

166 4878 392 4960 praestituere,
420 4904 462 4947 ne
484 4883 549 4948 alia
570 4883 620 4948 uti
640 4883 768 4948 ratione
790 4883 901 4965 possit
947 4880 1139 4962 Quomodo
1192 4900 1261 4943 mea
1287 4880 1424 4962 spiritus
1441 4879 1617 4961 operatione
1636 4881 1800 4959 utriusque
1821 4899 1924 4943 senen
1945 4879 1980 4941 111
1999 4877 2065 4942 illis
2084 4878 2169 4942 latet.

162 4971 251 5028 certe
279 4964 315 5026 in
341 4965 520 5033 multorum
545 4970 716 5035 vocatione
744 4990 825 5034 usus
854 4976 916 5033 est:
945 4987 1026 5049 quos
1054 4967 1139 5032 inte·
1191 4964 1266 5031 Hac
1288 4965 1499 5048 responsione
1517 4964 1618 5030 semel
1639 4964 1799 5029 evertitur
1819 4962 1976 5046 quidquid
1994 4962 2169 5035 adversum

161 5050 248 5114 riore
271 5047 367 5114 modo
388 5053 524 5133 spiritus
539 5055 787 5134 illuminatione,
810 5054 903 5120 nulla
919 5052 1139 5118 intercedente
1190 5072 1251 5116 nos
1290 5057 1444 5133 torquent
1483 5072 1503 5115 a
1546 5049 1699 5132 baptismi
1741 5050 1979 5134 significatione
2019 5050 2167 5133 petitum.
2274 5120 2277 5126 ,

163 5135 423 5218 praedicatione,
456 5160 536 5204 vera
565 5143 617 5207 sui
644 5143 830 5227 cognitione
855 5140 998 5206 donavit
1049 5136 1138 5220 Quo-
1191 5136 1297 5218 Quale
1320 5149 1370 5200 est
1391 5135 1532 5220 elogium
1553 5157 1659 5218 quoa
1686 5136 1792 5202 Paulo
1813 5136 2007 5221 insignitur,
2031 5137 2088 5202 ubi
2110 5156 2168 5202 vo·

162 5223 255 5287 niem
282 5231 391 5287 autem
413 5223 510 5289 valde
530 5226 708 5293 absnrdm
729 5229 797 5295 fore
818 5236 952 5313 putant,
981 5226 1010 5290 si
1030 5226 1138 5290 infan-
1189 5231 1243 5289 eat
1273 5223 1441 5288 lavacrum
1480 5224 1736 5308 regenerationis
1768 5230 1802 5288 et
1832 5223 2055 5290 renovationis
2087 5222 2168 5308 (ria
