4672 5842
89 297 148 359 111
307 291 397 358 am.
420 293 484 358 m
529 294 1878 367 11166611661111111161616116111116.61111111.
2023 276 2115 371 111·

88 480 161 547 1)66
183 480 271 567 (Act.
294 487 341 560 10,
366 482 411 566 2),
434 491 467 549 61
488 484 517 548 61
538 504 604 566 qua
625 491 703 548 sunt
725 483 852 547 similia
888 481 941 549 De
961 484 1067 548 Paulo
1102 487 1302 570 ,tingeretur
1323 498 1356 550 61
1377 506 1477 568 prope
1499 487 1751 571 immergeretur
1773 489 1934 572 sanguine
1956 493 2096 574 prophe·

86 568 152 633 illis
185 567 404 649 concedimus3
437 569 473 633 in
502 569 656 635 Cornelio
689 567 827 634 dicimus
859 568 1065 635 hallucinari
1119 571 1249 636 tarum?
1272 573 1309 635 in
1329 572 1473 650 latrone,
1504 573 1559 654 qui
1581 573 1667 639 iuter
1688 574 1822 638 ultimos
1844 574 1979 639 tandem
1999 578 2097 662 spiri-

87 655 160 719 Iam
188 654 276 719 enim
304 662 377 720 tum
405 655 628 720 illuminatum
650 677 688 721 ac
709 663 942 739 regeneratum
964 656 1066 721 fuisse
1118 665 1172 722 166
1195 657 1234 722 16
1256 658 1480 740 resipiscentia
1502 658 1677 742 cogitavit?
1709 660 1891 725 Facessant
1919 682 1997 745 ergo
2015 663 2096 731 haec
2193 675 2200 695 ⁸

87 748 239 825 apparet,
272 749 311 805 ut
343 740 428 805 nihil
461 741 510 805 illi
544 741 671 807 deesset
702 749 831 824 praeter
858 740 1065 823 perspicuam
1118 751 1322 829 argumenta,
1345 765 1428 825 quae
1449 743 1512 809 sibi
1534 744 1613 826 ipsis
1635 745 1784 810 homines
1802 746 1957 811 curiosuli
1974 756 2097 816 temere

87 826 248 911 evangelii
281 826 523 893 revelationem.
579 825 647 892 Sed
682 827 771 893 enim
804 826 882 909 quid
915 826 1064 908 pauculis
1118 830 1188 895 6116
1205 831 1369 912 scriptura
1385 830 1582 912 excogitant
1617 831 1753 895 Maneat
1770 839 1881 896 autem
1898 831 1992 897 nobis
2009 832 2097 918 quod

86 913 158 979 istis
180 913 340 996 exemplis
362 913 496 978 tandem
518 912 781 996 extorquebunt?
812 912 973 977 electosne
995 934 1064 978 om·
1118 916 1218 980 habet
1244 916 1406 997 scriptura
1433 914 1510 1001 (Ies.
1535 919 1585 991 53,
1610 916 1659 1000 6):
1689 938 1803 981 omncs
1831 919 1968 1001 pariter
1983 922 2096 986 ovium

86 1021 145 1065 666
178 999 309 1083 pietatis
341 1000 458 1082 spiritu
490 1020 618 1082 semper
651 1019 722 1064 esse
753 996 945 1081 praeditos?
990 998 1065 1061 Nou
1116 1001 1319 1084 perditarum
1346 1002 1451 1065 instar
1479 1002 1662 1081 aberrasse,
1697 1023 1962 1086 unumquemque
1995 1004 2095 1072 decli·

86 1085 193 1169 magis
214 1106 312 1168 quam
336 1085 365 1150 si
386 1087 458 1168 quis
481 1085 703 1151 demonstrata
720 1081 884 1162 Aristidis,
908 1080 1063 1162 Socratis,
1116 1109 1213 1152 66666
1240 1089 1275 1150 11
1307 1088 1396 1153 11611
1424 1108 1532 1165 66661,
1567 1087 1629 1154 hoc
1656 1097 1719 1167 est,
1753 1088 1977 1171 perditionem.
2023 1092 2096 1158 Hoc

85 1171 293 1248 Xenocratis,
316 1170 488 1255 Scipionis,
512 1171 620 1251 Curii,
644 1170 774 1236 Camilli
797 1178 830 1234 61
852 1169 992 1234 aliorum
1013 1170 1064 1233 16-
1115 1173 1310 1256 perditionis
1340 1173 1471 1257 gurgite
1494 1194 1575 1255 quos
1596 1173 1775 1256 aliquando
1797 1195 1911 1239 eruere
1933 1177 2095 1245 Dominus

86 1258 249 1341 tegritate,
270 1256 348 1322 inde
365 1257 505 1342 colligat,
531 1279 645 1323 omnes
663 1258 719 1340 qui
736 1258 773 1321 iu
789 1256 945 1321 caecitate
962 1253 1064 1320 idolo-
1116 1260 1240 1337 statuit,
1263 1279 1318 1324 666
1340 1261 1374 1323 11
1397 1280 1491 1322 suam
1514 1261 1791 1343 opportunitatem
1812 1259 1935 1340 differt3
1963 1270 2095 1329 tantum

84 1344 201 1409 latriae
223 1342 436 1422 deseruntur,
459 1345 694 1410 sanctimoniae
716 1353 750 1410 et
770 1341 942 1424 probitatis
964 1341 1064 1407 161666
1116 1353 1296 1423 conservat,
1319 1344 1355 1409 in
1377 1344 1616 1428 blasphemiam
1638 1345 1896 1411 irremissibilem
1918 1368 1961 1411 66
1983 1347 2094 1416 16161-

86 1429 254 1495 studiosos.
301 1426 390 1510 Quin
423 1431 523 1495 etiam
556 1431 719 1513 scriptura
745 1449 813 1493 non
839 1448 904 1491 uno
930 1426 966 1489 16
993 1427 1063 1492 loco
1116 1439 1245 1497 vantur.
2102 1437 2105 1443 ’

85 1515 150 1580 illis
172 1515 281 1599 palam
302 1516 468 1581 reclamat.
502 1514 571 1597 Qui
592 1516 679 1581 enim
703 1513 896 1580 describitur
918 1533 938 1575 a
958 1512 1064 1577 Paulo
1206 1521 1253 1581 12.
1299 1516 1586 1597 Quemadmodum
1610 1538 1688 1581 6666
1710 1537 1790 1600 erga
1811 1517 1931 1583 clectos
1953 1522 2096 1584 vocatio·

84 1601 306 1684 Ephesiorum
328 1608 432 1666 status
454 1610 530 1667 6616
557 1602 840 1686 regenerationem
866 1598 967 1682 (aph.
991 1602 1020 1675 2,
1046 1603 1061 1662 l
1116 1603 1168 1667 116
1190 1603 1349 1680 efficacia,
1372 1602 1521 1681 66161661,
1545 1601 1586 1666 61
1608 1623 1707 1685 quam
1729 1623 1784 1667 666
1806 1611 1939 1668 6616116
1961 1605 2096 1671 consilio

85 1687 198 1772 seqq),
222 1708 363 1772 granum
384 1687 482 1753 huius
500 1689 632 1753 seminis
650 1687 780 1752 nullum
796 1683 946 1750 ostendit.
980 1684 1064 1748 Era·
1117 1687 1311 1764 destinarat,
1344 1689 1472 1771 perficit
1500 1687 1607 1767 Deus,
1641 1689 1689 1752 ita
1722 1709 1783 1753 666
1811 1687 1911 1754 habet
1938 1689 2096 1757 adversus

85 1775 141 1852 tis,
175 1774 297 1855 inquit,
331 1773 457 1839 delictis
484 1781 518 1838 ct
545 1775 686 1856 peccatis
714 1772 850 1849 mortui,
882 1771 918 1834 in
946 1769 1064 1852 quibus
1115 1776 1269 1857 reprobos
1286 1774 1414 1852 iudicia,
1437 1775 1553 1856 quibus
1576 1773 1749 1839 eonsilium
1771 1773 1811 1838 de
1832 1774 1898 1838 illis
1920 1797 2016 1840 suum
2038 1798 2096 1840 ex-

86 1858 278 1924 ambulastis
294 1859 389 1924 iuxta
404 1860 571 1925 saeculum
588 1857 704 1924 mundi
727 1858 834 1936 huius,
856 1857 951 1921 iuxta
971 1856 1063 1938 priu-
1116 1869 1279 1944 sequatur.
1322 1859 1415 1940 Quos
1435 1881 1512 1944 ergo
1534 1861 1571 1922 iu
1593 1860 1679 1924 vitae
1702 1860 1932 1924 contumeliam
1952 1869 1986 1926 61
2006 1883 2095 1926 1161·

85 1947 191 2028 eipem
217 1945 317 2024 aeris,
345 1946 400 2028 qui
427 1965 515 2010 nunc
543 1946 612 2029 agit
639 1947 675 2009 iu
700 1945 777 2010 filiis
805 1940 1062 2021 contumacibus5
1116 1949 1160 2012 tis
1181 1947 1318 2011 exitium
1345 1947 1485 2024 creavit,
1516 1951 1554 2009 ut
1574 1945 1643 2010 irae
1665 1967 1743 2010 suae
1766 1966 1889 2029 organa
1909 1947 2032 2024 forent,
2062 1955 2095 2013 et

84 2032 172 2095 inter
198 2052 278 2114 quos
305 2039 339 2095 61
365 2053 426 2097 166
455 2053 567 2097 611666
594 2031 808 2097 versabamur
829 2026 1005 2110 aliquando
1026 2027 1063 2090 in
1116 2033 1301 2099 severitatis
1323 2031 1490 2114 exempla,
1520 2052 1589 2108 eos,
1618 2040 1657 2094 ut
1678 2033 1715 2095 in
1735 2032 1838 2096 finem
1859 2053 1956 2096 suum
1978 2054 2094 2115 perve-

84 2118 356 2201 coneupisoentiis
384 2118 493 2183 carnis
516 2125 659 2196 nostrae,
687 2118 843 2182 facientes
865 2133 948 2197 quae
970 2112 1063 2178 carni
1115 2119 1219 2197 11661,
1241 2139 1329 2182 6166
1347 2115 1500 2183 audiendi
1517 2118 1609 2182 verbi
1627 2118 1678 2181 sui
1696 2117 1851 2186 facultate
1868 2119 1986 2200 privat,
2006 2140 2094 2186 nuuc

85 2211 118 2267 et
139 2203 242 2268 menti
264 2202 424 2284 libabant,
447 2213 481 2268 et
502 2225 632 2269 eramus
654 2209 772 2269 natura
791 2201 850 2266 filii
872 2202 955 2278 irae,
979 2199 1063 2264 61661
1115 2206 1186 2270 6166
1214 2203 1454 2286 praedicatione
1483 2203 1588 2286 magis
1617 2211 1771 2269 excaecat
1803 2211 1836 2269 et
1868 2204 2091 2287 obstupefacit.

84 2296 119 2353 et
140 2290 269 2354 caeteri.
300 2289 386 2363 Item
408 2289 509 2373 (Eph.
530 2289 641 2374 2,12):
665 2294 863 2354 mementote
885 2284 971 2370 quod
993 2286 1063 2349 siue
1114 2291 1239 2355 Prioris
1256 2289 1396 2354 membri
1414 2310 1516 2371 quum
1533 2289 1708 2353 innumera
1726 2290 1793 2353 sint
1809 2289 1967 2373 exempla,
1991 2312 2094 2356 unum

85 2395 142 2457 spe
168 2374 344 2457 aliquando
370 2376 498 2441 fueritis
524 2384 558 2440 61
578 2375 651 2475 Deo
679 2375 850 2441 carueritis
872 2373 906 2435 iu
929 2369 1060 2436 mundo.
1115 2384 1235 2455 tamen,
1259 2375 1345 2458 quod
1363 2382 1413 2439 est
1429 2397 1508 2457 prae
1525 2375 1598 2439 aliis
1617 2374 1744 2440 illustre
1763 2396 1800 2440 ac
1818 2375 1969 2454 notabile,
1993 2376 2094 2458 eliga-

84 2460 171 2525 Item
199 2460 299 2545 (Eph
325 2464 352 2539 5,
376 2460 424 2544 8):
455 2463 554 2526 eratis
583 2460 756 2545 aliquando
783 2458 952 2535 tenebrae,
975 2477 1063 2522 nunc
1114 2483 1198 2527 mus.
1238 2460 1390 2543 Quatuor
1411 2461 1541 2526 circiter
1561 2481 1724 2525 annorum
1745 2461 1849 2524 millia
1869 2470 1945 2526 ante
1968 2461 2095 2526 Christi

86 2553 196 2610 autem
218 2546 275 2612 lux
297 2548 332 2611 in
353 2548 511 2628 Domiu03
538 2555 577 2611 ut
603 2548 663 2612 filii
692 2547 774 2612 lucis
796 2543 970 2610 ambulate.
1015 2543 1063 2606 At
1115 2547 1294 2613 adventurn
1324 2547 1537 2623 6111161111,
1567 2547 1684 2628 quibus
1713 2546 1899 2611 salutiferae
1928 2547 2094 2614 doctrinae

86 2652 126 2697 ea
146 2632 229 2697 forte
250 2633 365 2698 referri
385 2634 498 2699 volent
518 2632 557 2698 ad
577 2634 796 2717 ignorantiam
813 2631 885 2697 veri
902 2629 976 2707 Dei,
998 2648 1064 2711 qua
1114 2634 1222 2700 lucem
1243 2633 1369 2700 cunctis
1391 2633 1543 2716 gentibus
1566 2632 1749 2697 occultavit.
1795 2630 1832 2697 Si
1856 2632 1930 2715 quis
1957 2655 2093 2717 respou-

85 2718 220 2797 6166166,
256 2727 432 2802 antequam
459 2727 631 2799 vocentur,
666 2718 804 2784 detineri
833 2737 901 2781 666
928 2722 1061 2798 negant
1115 2719 1204 2799 deat,
1232 2721 1316 2784 tanti
1342 2718 1490 2785 beneficii
1512 2726 1675 2800 compotes
1696 2717 1769 2782 ideo
1792 2739 1858 2782 666
1879 2718 1994 2783 1661666
2015 2719 2095 2801 quia

86 2802 285 2887 Quanquam
306 2805 370 2870 hoc
391 2814 477 2871 66661
496 2804 705 2888 impudenter
726 2802 935 2880 calumniari,
951 2821 1065 2897 ‚quum
1115 2804 1269 2890 indignos
1300 2805 1466 2882 iudicarit,
1499 2803 1603 2870 nihilo
1635 2811 1733 2868 erunt
1764 2803 1929 2888 digniores
1960 2805 2092 2886 posteri.

86 2912 127 2956 ex
148 2890 214 2956 illis
235 2891 371 2971 inferat,
392 2911 461 2957 non
482 2892 550 2956 iam
570 2892 713 2974 amplius
734 2911 807 2956 esse
827 2890 880 2954 vel
901 2887 1063 2951 11661161·
1118 2890 1218 2956 Ceius
1239 2891 1286 2956 rei
1300 2895 1430 2972 praeter
1450 2890 1674 2972 mpeieatiom
1695 2891 1783 2954 166116
1804 2889 1939 2971 locuples
1958 2896 2003 2954 est
2021 2889 2095 2956 Ma·

84 2976 178 3055 dum,
201 2975 255 3042 vel
278 2977 470 3043 furandum:
500 2977 581 3061 quid
602 2986 713 3043 tamen
737 2975 779 3042 61
800 2975 881 3041 alios
902 2974 989 3038 locos
1011 2992 1062 3036 re-
1116 2977 1244 3056 16611166,
1266 2978 1321 3059 qai
1343 2975 1589 3042 immeditatem
1605 2976 1724 3041 6166616
1742 2974 1944 3057 blasphemiis
1960 2977 2095 3057 permis-

84 3061 312 3146 spondebant?
358 3061 476 3144 Qualis
497 3064 553 3130 ille
575 3071 625 3131 661
646 3064 688 3128 61
710 3061 900 3129 Corinthios
929 3059 961 3142 (l
987 3057 1062 3123 Cor.
1116 3069 1181 3129 1616
1202 3082 1387 3147 coarguens,
1414 3066 1576 3127 66616611
1602 3066 1704 3126 tamea
1730 3062 1951 3140 redemptores
1978 3063 2095 3128 16666-

83 3150 113 3224 6,
133 3152 162 3211 9.
185 3148 248 3247 11),
272 3149 328 3214 ubi
348 3170 451 3232 quum
472 3150 707 3228 denuntiasset,
730 3170 837 3233 neque
858 3151 1062 3223 scortatores,
1116 3152 1176 3215 1161
1204 3149 1249 3231 (4,
1276 3149 1317 3234 l).
1363 3147 1433 3213 Cur
1460 3169 1537 3231 ergo
1560 3147 1612 3212 his
1633 3146 1742 3230 potius
1764 3167 1864 3230 quam
1884 3146 1951 3210 illis
1973 3144 2093 3212 datur?

83 3252 191 3314 neque
220 3232 423 3313 1dololatras,
458 3257 563 3319 neque
591 3234 771 3313 616116166,
806 3255 911 3317 usque
939 3230 1063 3309 molles,
1116 3236 1257 3301 Frustra
1277 3257 1311 3300 se
1328 3232 2094 3317 11666616611116666661616661161616666

86 3338 192 3399 neque
214 3319 445 3401 paedicatores,
467 3343 572 3405 neque
592 3322 691 3400 fures,
714 3342 819 3404 neque
837 3340 953 3386 avaros
970 3316 1065 3400 regui
1116 3329 1151 3386 et
1167 3321 1372 3388 inscrutabili
1391 3319 1456 3385 Dei
1472 3319 1606 3385 consilio
1623 3319 1781 3383 altiorem.
1816 3317 1885 3382 Nec
1908 3327 1958 3384 661
1975 3319 2093 3386 timen-

84 3404 151 3468 Dei
172 3404 240 3469 fore
262 3405 432 3486 haeredes,
462 3408 616 3472 66111666
638 3407 822 3490 subiungit,
852 3407 925 3472 illos
947 3401 1064 3470 iisdem
1116 3406 1196 3471 dum
1217 3427 1259 3471 ne
1281 3407 1353 3491 quis
1369 3405 1548 3490 Porphyrii
1570 3404 1747 3486 discipulus
1762 3404 1826 3469 Dei
1849 3403 2009 3469 iustitiam
2030 3405 2093 3470 im·

85 3489 219 3572 flagitiis
240 3491 352 3572 fuisse,
377 3501 452 3558 ante
474 3493 645 3560 Christum
667 3494 849 3578 cognitum,
877 3490 1061 3575 implicitos,
1115 3515 1203 3576 pune
1235 3491 1382 3571 arrodat,
1414 3492 1507 3556 uobis
1540 3510 1601 3574 pro
1634 3511 1673 3555 66
1698 3489 1783 3554 611111
1810 3488 2091 3573 respondentibus.

85 3595 174 3639 nunc
195 3597 273 3640 vero
295 3586 328 3641 et
348 3581 507 3663 sanguine
530 3580 599 3646 eius
622 3579 750 3645 ablutos
778 3586 811 3644 61
837 3579 956 3663 spiritu
982 3574 1063 3640 libe-
1115 3577 1229 3660 Quum
1260 3580 1350 3643 enim
1382 3578 1558 3644 asserimus
1590 3576 1698 3641 nullos
1731 3577 1838 3659 perire
1873 3576 2093 3656 immerentes,

84 3669 183 3727 16166.
228 3662 314 3726 Item
335 3664 419 3730 alter
440 3665 482 3729 ad
503 3666 671 3731 Romanos
693 3666 738 3752 (6,
760 3666 829 3750 19);
852 3662 1062 3749 quamadmo-
1116 3666 1279 3749 gratuitae
1301 3685 1371 3729 osse
1394 3662 1626 3729 beneficentiae
1645 3661 1709 3726 Dei
1731 3659 1818 3744 quod
1839 3662 1991 3727 nonnulli
2013 3662 2092 3727 libe-

84 3746 164 3812 dum
192 3747 387 3830 praebuistis
413 3750 561 3816 membra
587 3759 699 3817 vestra
720 3773 816 3818 serva
836 3749 1063 3815 immunditiae
1115 3759 1244 3829 rantur,
1275 3749 1405 3815 abunde
1433 3769 1492 3832 pro
1514 3747 1709 3814 illustranda
1736 3749 1806 3812 cius
1834 3748 1939 3828 gloria
1967 3746 2092 3812 dictum

85 3842 119 3898 61
144 3834 311 3915 iniquitati
340 3834 382 3898 ad
406 3837 626 3918 iniquitatem,
660 3860 748 3904 nuuc
775 3835 914 3902 addicite
942 3835 999 3899 illa
1027 3837 1063 3901 in
1115 3844 1178 3917 est,
1206 3844 1243 3901 ut
1271 3842 1384 3902 nostra
1409 3835 1677 3919 tergiversatione
1707 3853 1911 3915 nequaquam
1933 3830 2089 3915 indigeat.

86 3920 278 3986 servitutem
305 3920 459 3985 iustitiae.
504 3920 612 4003 Quem
639 3925 728 3988 enim
755 3924 899 3990 fructum
926 3944 969 3988 61
998 3922 1063 3988 illis
1114 3922 1413 3990 Praedestinationi
1432 3922 1536 4004 igitur
1556 3941 1635 3984 suae
1656 3920 1745 3984 viam
1766 3918 1843 3981 facit
1864 3937 2012 3981 summus
2033 3917 2090 3982 illa

85 4006 261 4084 habuistis,
295 4007 329 4070 in
364 4007 481 4090 quibus
513 4029 601 4073 nunc
633 4011 750 4074 6161116
781 4008 996 4076 erubescitis?
1030 4016 1064 4074 61
1114 4011 1251 4088 arbiter,
1273 4008 1332 4073 ubi
1352 4029 1432 4091 quos
1454 4005 1555 4071 semel
1575 4004 1776 4087 reprobavit,
1799 4002 1881 4066 lucis
1904 4024 1982 4068 6166
2003 4024 2092 4069 com·

85 4098 222 4157 (aelera-
1114 4094 1335 4161 manicationa
1368 4091 1497 4157 orbatos
1526 4090 1647 4155 deserit
1673 4091 1710 4152 16
1736 4089 1900 4154 caecitate.
1944 4089 2092 4156 Alterius

173 4183 221 4242 11.
258 4177 364 4258 Quale
381 4187 471 4257 tunc,
495 4181 619 4261 amabo,
642 4180 808 4247 electionis
830 4203 942 4248 661166
964 4182 1000 4244 16
1021 4181 1063 4246 iis
1114 4182 1253 4247 membri
1285 4201 1360 4245 cum
1393 4183 1525 4241 exstant
1557 4174 1746 4257 quotidiana
1779 4173 1987 4254 documenta,
2022 4184 2093 4240 tum

85 4263 306 4346 germinabat,
335 4265 391 4348 qui
420 4272 489 4330 1616
515 4266 584 4331 vita
605 4266 817 4333 multifariam
838 4267 1061 4345 contaminati,
1114 4268 1219 4333 multa
1240 4269 1276 4330 in
1298 4264 1469 4346 scripturis
1496 4261 1714 4326 continentur.
1759 4259 1859 4342 Apud
1883 4267 2092 4325 661116161-

86 4349 178 4429 quasi
212 4350 385 4434 desperata
417 4352 576 4434 nequitia,
609 4352 842 4418 volutabantur
874 4355 909 4417 in
937 4354 1062 4436 flagitio
1114 4353 1190 4419 dem
1211 4354 1278 4418 fere
1300 4351 1440 4416 habetur
1461 4348 1584 4426 concio,
1605 4346 1724 4429 viginti
1745 4352 1896 4428 prompta
1917 4344 1993 4409 fidei
2016 4345 2092 4409 obe·

85 4435 232 4500 omnium
254 4438 397 4503 maxime
415 4437 556 4502 nefando
574 4445 608 4504 61
625 4437 836 4503 exsecrabili?
871 4438 1062 4506 Secundum
1115 4439 1237 4505 dientia
1258 4437 1454 4520 suscipiunt;
1477 4434 1533 4500 alii
1554 4433 1607 4497 161
1628 4432 1754 4497 nullius
1772 4433 1865 4514 pensi
1882 4431 2015 4509 habeut,
2039 4430 2091 4496 val

86 4540 141 4584 666
163 4523 189 4584 61
211 4522 300 4604 loqui
323 4523 492 4602 voluisset,
521 4523 680 4589 debuerat
707 4524 877 4590 ostendere
899 4531 1061 4609 quantum
1113 4524 1235 4604 111611,
1269 4524 1322 4590 161
1354 4521 1549 4605 explodunt,
1583 4518 1636 4584 vel
1667 4518 1905 4583 abominantur.
1952 4513 1990 4580 Si
2019 4516 2092 4598 quis

84 4603 150 4670 Dei
167 4605 399 4676 beneficentiae
421 4608 585 4689 deberent,
607 4630 785 4692 perquam
807 4611 990 4676 conservati
1011 4631 1061 4675 es·
1113 4609 1317 4694 respoudeat,
1342 4608 1566 4674 diversitatem
1584 4628 1625 4671 61
1643 4625 1757 4669 661611
1775 4603 1948 4685 provenire
1965 4602 2092 4699 malitia

86 4696 288 4759 66111611
317 4704 428 4762 166166
453 4695 626 4762 foeditates
647 4695 903 4778 prolaberentur.
949 4694 1006 4762 Sic
1028 4703 1062 4760 et
1113 4689 2092 4780 61661161611616,6661661661161661616166111661661

85 4777 206 4844 Petrus
234 4780 398 4848 debuisset
425 4803 501 4848 suos
529 4783 653 4848 hortari
677 4780 719 4847 61
741 4781 990 4865 gratitudinem,
1020 4783 1060 4847 ob
1112 4782 1244 4848 illorum
1272 4784 1278 4796 '
1328 4781 1439 4846 enium
1467 4778 1582 4844 eadem
1608 4777 1734 4841 malitia
1762 4782 1993 4857 occuparetur,
2027 4775 2091 4839 uisi

85 4883 199 4928 semen
219 4867 384 4933 electionis
404 4876 602 4953 perpetuum
622 4868 656 4953 (1
676 4868 767 4934 Petr.
790 4874 820 4948 4,
846 4867 889 4953 3).
934 4867 1061 4934 Contra
1112 4866 1205 4934 Deus
1227 4803 1452 4932 sulanhonitate
1474 4866 1558 4930 cerri
1582 4871 1660 4929 eret.
1695 4862 1827 4959 1166666
1843 4881 1963 4942 semper
1985 4860 2091 4940 impli-

85 4955 197 5015 autem
218 4951 380 5033 admouet,
403 4955 569 5021 6611661666
590 4955 806 5038 praeteritum
826 4962 957 5038 tempus
979 4975 1060 5039 gen·
1111 4955 1265 5033 cebimur,
1298 4953 1364 5017 6161
1392 4955 1553 5016 aeaeae
1579 4948 1660 5012 11161
1690 4946 1789 5011 Pesla
1823 4946 1855 5032 (1
1882 4946 1955 5046 Cpr.
1981 4950 2015 5045 4,
2040 4947 2092 5030 7):

84 5036 167 5100 tium
189 5036 380 5105 hbrdmrbus
401 5040 675 5107 consummandis.
710 5038 799 5121 Quid
816 5043 845 5108 si
863 5041 997 5106 venitur
1018 5038 1060 5105 ad
1112 5041 1185 5122 quis
1206 5046 1234 5104 16
1255 5037 1427 5124 discernit?
1468 5033 1794 5118 (1666166111661666
1810 5053 1947 5113 propere
1969 5037 2089 5112 6161616,

84 5125 256 5208 exempla?
302 5124 409 5206 Quale
434 5126 577 5193 iustitiae
598 5148 734 5212 germen
755 5129 791 5193 iu
813 5126 933 5194 Rahab
954 5147 1059 5191 mere-
1111 5126 1166 5192 sed
1187 5123 1341 5191 66161161
1360 5123 1466 5205 pretio
1488 5121 1568 5186 61166
1590 5121 1667 5184 eliis
1682 5118 1877 5200 6666661166.

83 5209 166 5275 trice
189 5218 265 5275 ante
286 5210 406 5276 fidem?
435 5211 472 5276 in
491 5212 660 5295 Manasse,
681 5235 784 5297 quum
804 5211 987 5281 Ierusalem
1008 5212 1059 5279 in·
1200 5216 1248 5275 13.
1282 5209 1352 5274 Cur
1370 5227 1447 5292 argo
1466 5207 1607 5291 gratiam
1624 5205 1691 5271 illis
1709 5203 1889 5288 largiendo,
1913 5203 1973 5269 hos
1995 5224 2090 5288 prae-

189 5308 304 5367 Cclot‘m'
320 5328 414 5383 opera.
448 5312 565 5370 76111
1855 5305 1890 5357 16
