4672 5842
163 311 227 373 863
812 298 1077 366 marmorio
1099 299 1203 366 RuL.
1227 300 1409 368 oflalsu.
1436 305 1529 367 1559.
2111 304 2179 366 sot

163 496 283 578 coegit,
324 489 543 555 restituendas
577 490 729 555 decrevit.
786 490 907 554 Utrum
940 511 981 550 ex
1015 486 1140 552 duobus
1165 488 1168 583 ᾗ
1193 491 1299 567 risset,
1327 490 1382 571 qui
1409 490 1653 572 inquisitionem
1680 491 1714 553 in
1743 511 1857 554 eorum
1885 491 1988 555 vitam
2011 511 2084 554 rem
2106 511 2178 556 esse

163 598 377 664 agnoscemus
394 598 454 658 pro
471 576 638 660 legitimo?
670 576 781 658 Vulgo
798 575 938 639 obtinuit
954 574 1016 638 hoc
1034 588 1141 655 poste·
1193 597 1293 656 supra
1310 597 1403 639 suam
1420 576 1816 659 cognitionemprofessus
1834 576 1934 640 talem
1946 577 2178 658 intemperiem

162 667 239 740 rius,
261 662 347 745 quod
375 664 411 726 in
437 664 568 744 templis
596 663 704 728 locum
734 660 931 743 imaginibus
953 658 1050 723 dedit
1095 661 1142 724 At
1165 638 1169 729 l
1193 659 1290 726 laude
1323 663 1428 745 magis
1456 683 1554 744 quam
1580 663 1805 745 obiurgatione
1830 663 2012 745 castigavit.
2065 661 2178 743 Quam

163 751 373 833 Augustinus
394 748 428 812 id
450 750 522 813 fieri
543 769 639 832 posse
662 759 761 831 negat
783 747 853 810 sine
876 747 1140 828 praesentissimo
1166 784 1169 845 Ι
1192 748 1306 811 multis
1338 747 1486 830 partibus
1519 758 1552 811 et
1586 748 1649 812 alia
1676 769 1759 830 quae
1787 747 1904 813 deinde
1931 758 2072 831 sequuta
2101 764 2178 814 suut

160 836 362 901 idololatriae
373 835 525 917 periculo.
547 834 762 916 Epiphanius,
771 832 1039 913 aetatesupetior,
1048 853 1140 914 00110-
1166 852 1169 921 1
1194 833 1330 898 coucilia
1351 834 1443 915 lapsa
1466 835 1566 898 fuisse
1588 834 1763 898 verisimile
1792 833 1861 899 est?
1907 835 1976 900 Nec
1997 835 2100 918 longa
2123 833 2178 899 de-

160 923 229 988 rius
251 922 356 985 multo
376 921 529 1002 loquitur.
575 921 675 984 Nefas
702 920 790 983 enim
812 930 846 982 ct
867 919 1141 982 abominationem
1194 921 1430 984 monstratione
1464 941 1544 1001 opus
1570 920 1651 984 haec
1677 942 1729 984 res
1758 919 1864 985 habet.
1916 919 1953 985 si
1981 923 2055 1002 quis
2088 923 2177 986 enim

161 1030 232 1073 esse
249 1007 360 1086 tradit,
379 1007 479 1088 aspici
497 1008 532 1069 in
551 1006 671 1087 templo
689 1004 953 1069 Christianorum
971 1005 1139 1086 imagines.
1194 1014 1266 1069 aeta
1286 1006 1442 1089 perlegat,
1464 1006 1584 1069 multas
1605 1006 1672 1070 illic
1694 1007 1903 1070 infirmitates
1925 1006 2177 1085 animadvertet,

162 1095 232 1175 Qui
258 1094 304 1158 sie
330 1093 522 1174 loquuntur,
551 1113 593 1155 an
620 1092 838 1173 approbarent
864 1090 1038 1155 concilium
1060 1089 1141 1153 illud
1193 1113 1235 1155 ne
1258 1093 1335 1172 quid
1357 1092 1463 1157 dicam
1485 1094 1626 1174 gravius.

162 1182 190 1245 si
221 1179 316 1244 hodie
344 1190 453 1243 essent
480 1177 694 1259 superstites?
740 1176 887 1258 Quodsi
910 1185 1043 1239 etvera
1065 1198 1140 1239 nar·
1283 1182 1330 1241 11.
1375 1179 1421 1241 Et
1439 1179 1508 1241 Leo
1531 1179 1848 1260 romanuspontifex
1866 1200 1933 1241 101
1952 1178 2178 1263 (1111101011-

161 1274 239 1330 rant
259 1266 418 1342 historici,
448 1272 481 1327 ot
508 1265 588 1327 actis
616 1264 694 1346 ipsis
717 1263 870 1337 creditur,
894 1283 960 1325 non
982 1262 1141 1344 imagines
1193 1263 1254 1328 odo
1271 1262 1528 1335 chalcedonensi,
1552 1285 1650 1345 quam
1674 1264 1711 1327 in
1727 1262 1934 1345 dogmatibus
1958 1264 2180 1330 orthodoxam

162 1360 293 1418 tautum
322 1352 425 1432 ipsae,
451 1349 508 1413 sed
536 1371 650 1414 earum
677 1349 785 1414 cultus
812 1349 878 1413 illic
900 1357 1047 1429 receptus
1069 1348 1139 1410 fuit.
1193 1350 1322 1425 fatetur,
1342 1351 1553 1414 ambitionem
1571 1359 1605 1413 ct
1621 1349 1840 1414 inconsultam
1857 1350 2079 1414 temeritatem
2096 1351 2179 1416 obii-

164 1438 245 1502 'Pale
276 1458 354 1500 vero
386 1435 544 1518 placitum
571 1435 680 1517 palam
709 1449 759 1499 est
788 1457 808 1498 0
837 1445 953 1499 001010
979 1454 1139 1497 manasse.
1193 1456 1274 1500 cere.
1313 1436 1512 1518 Legitimam
1530 1436 1661 1517 quidem
1680 1457 1750 1499 esse
1769 1456 1834 1498 non
1856 1443 1963 1518 negat,
1983 1435 2043 1500 sed
2066 1459 2178 1502 errare

164 1523 254 1604 Quid
286 1522 371 1603 quod
399 1532 503 1585 totam
531 1523 729 1602 scripturam
757 1518 965 1602 depravando
996 1529 1030 1582 et
1055 1519 1140 1583 lace-
1167 1592 1169 1615 Ι
1194 1521 1338 1602 potuisse
1359 1521 1469 1603 palam
1499 1524 1621 1586 asserit
1664 1522 1801 1603 Ineptus
1829 1522 1912 1585 forte
1940 1521 2039 1585 alicui
2063 1522 2179 1587 videar

162 1608 266 1673 rande
288 1605 429 1671 ludibrio
451 1628 523 1671 eam
546 1608 607 1672 sibi
629 1608 727 1673 1111000
749 1605 996 1670 demonstrant?
1045 1603 1142 1684 Quod
1194 1608 1250 1689 qui
1269 1606 1308 1670 de
1326 1607 1622 1673 commonstrandis
1640 1606 1828 1672 huiusmodi
1845 1608 2009 1671 erroribus
2020 1607 2178 1686 laborem,

162 1716 222 1777 ego
258 1694 407 1775 superius
436 1691 565 1759 abunde
598 1693 734 1775 planum
767 1693 838 1756 feci.
890 1690 1058 1772 Quidquid
1087 1691 1139 1766 sit,
1195 1715 1296 1775 quum
1319 1693 1484 1756 fateantur
1505 1693 1700 1767 adversarii,
1730 1713 1839 1757 errare
1867 1693 2004 1757 concilia
2144 1698 2178 1758 in

161 1800 228 1843 non
251 1779 345 1843 aliter
368 1777 551 1843 discernere
577 1780 662 1843 inter
684 1779 864 1843 contrarias
893 1775 1141 1841 0111100111οι1-
1194 1780 1234 1842 iis
1256 1800 1339 1860 quae
1367 1779 1409 1842 ed
1436 1780 1576 1845 salutem
1600 1800 1667 1844 uon
1690 1788 1767 1843 sunt
1789 1780 1980 1843 necessaria.
2025 1715 2179 1845 &sem

161 1873 212 1930 tes
240 1865 395 1949 synodos,
424 1886 508 1947 quae
535 1864 658 1929 multae
679 1866 827 1940 fuerunt,
854 1865 1048 1945 poterimus,
1077 1862 1141 1927 nisi
1194 1886 1256 1946 que
1285 1887 1506 1947 supervacuus
1532 1875 1583 1931 est
1609 1865 1662 1929 hic
1690 1866 1789 1930 labor.
1835 1865 1980 1929 Tametsi
2010 1868 2102 1930 enim
2125 1889 2178 1933 eo·

162 1972 276 2016 omncs
298 1951 355 2014 illa
377 1971 476 2033 quam
499 1951 567 2014 dixi
589 1952 736 2014 omnium
758 1949 929 2013 hominum
956 1959 990 2012 et
1011 1948 1142 2031 angelo·
1195 1951 1259 2015 aeti
1278 1952 1376 2015 verbo
1399 1951 1531 2032 quidem
1549 1950 1583 2014 id
1599 1951 1752 2029 fatentur,
1775 1972 1876 2033 quum
1894 1961 2005 2014 tamen
2028 1955 2178 2018 omnium

162 2059 237 2102 rum
261 2046 391 2113 statera,
410 2035 444 2099 id
466 2049 515 2099 est
535 2035 635 2100 verbo
657 2037 792 2101 Domini
815 2037 1048 2099 examinemus.
1086 2032 1142 2098 Sic
1195 2037 1406 2102 conciliorum
1434 2037 1740 2101 determinationem
1767 2038 1803 2100 in
1830 2058 1866 2100 re
1894 2037 2056 2119 qualibet,
2086 2040 2178 2103 nullo

161 2122 452 2188 chalcedonensem
470 2123 705 2205 amplectimur,
728 2121 898 2204 repudiata
919 2121 1075 2202 ephesina
1092 2143 1142 2184 sc-
1167 2138 1170 2153 ·
1195 2124 1392 2200 discrimine,
1415 2144 1475 2206 pro
1497 2124 1631 2205 spiritus
1659 2125 1764 2187 sancti
1790 2123 1920 2187 oraculo
1948 2123 2044 2188 nobis
2066 2124 2179 2189 obtru-

162 2208 278 2286 cunds,
302 2208 388 2290 quod
409 2210 444 2271 in
467 2208 528 2273 1100
551 2209 749 2291 eutychiana
776 2208 925 2289 impietas
952 2208 1143 2271 confirmate
1195 2208 1283 2285 dant,
1311 2209 1385 2291 plus
1410 2211 1547 2293 exigtmt
1575 2230 1672 2292 quam
1699 2210 1793 2272 initio
1819 2218 2036 2292 sumpserant
2089 2209 2179 2291 Quid

163 2295 233 2372 fuit,
257 2316 356 2376 quam
378 2293 434 2357 illa
456 2294 559 2357 altera
581 2294 758 2359 damnavit
803 2294 886 2356 Eius
915 2295 961 2356 rei
985 2292 1142 2357 iudicium
1195 2296 1241 2358 sic
1267 2295 1392 2378 agendo
1421 2294 1635 2371 contendunt,
1665 2296 1726 2359 nisi
1756 2317 1866 2360 errare
1892 2317 1959 2359 uon
1981 2316 2079 2376 posse
2102 2318 2179 2361 con·

163 2402 230 2446 non
252 2382 316 2444 nisi
339 2402 380 2444 ex
401 2381 570 2463 scripturis
594 2381 740 2444 fecerunt
762 2380 865 2444 sancti
893 2380 965 2454 viri,
993 2398 1074 2460 quos
1096 2379 1143 2442 sic
1195 2380 1284 2459 eilia;
1304 2388 1368 2458 aut,
1388 2382 1415 2445 si
1433 2391 1554 2458 errant,
1573 2382 1665 2445 nefas
1684 2401 1755 2446 0000
1774 2390 1884 2445 tamen
1901 2403 2017 2445 verum
2031 2404 2177 2458 cernere,

163 2468 201 2531 in
227 2464 399 2531 iudicando
426 2467 607 2547 sequimur,
637 2477 675 2529 ut
702 2464 768 2528 Dei
799 2465 937 2530 verbum
964 2464 1050 2546 quod
1077 2464 1143 2528 illis
1196 2479 1340 2530 autnon
1368 2469 1527 2531 assentari
1549 2466 1734 2532 erroribus?
1780 2468 1895 2549 Neque
1917 2466 2006 2530 aliud
2028 2470 2178 2547 intendo,

163 2552 336 2635 praeluxit,
358 2551 450 2616 nobis
470 2574 557 2616 nune
576 2573 705 2634 quoquo
722 2551 917 2635 praeluceat.
953 2552 1143 2614 Eantnuuc
1195 2573 1293 2634 quam
1315 2553 1391 2616 inde
1413 2575 1506 2635 posse
1529 2553 1651 2636 colligi,
1680 2554 1832 2636 spiritum
1859 2566 2007 2618 sanctum
2034 2554 2081 2618 sic
2105 2557 2180 2636 pias

163 2639 398 2712 Romancnees,
428 2652 462 2702 et
488 2639 625 2702 affixum
653 2637 887 2720 alligatumque
909 2638 977 2700 suis
999 2636 1143 2701 conciliis
1195 2638 1314 2719 alioqui
1343 2649 1377 2701 et
1402 2648 1531 2703 sanctas
1561 2639 1704 2721 synodos
1733 2638 1946 2721 gubernasse,
1975 2650 2011 2701 ut
2038 2639 2181 2706 interim

163 2725 315 2806 spiritum
338 2736 487 2790 sanctum
509 2745 568 2805 1110
590 2745 680 2788 more
700 2725 830 2789 iactent.
1196 2723 1318 2805 aliquid
1347 2727 1393 2788 eis
1421 2724 1613 2789 humanitus
1643 2724 1789 2790 accidere
1818 2727 1943 2801 sineret,
1966 2745 2007 2787 ne
2028 2724 2182 2790 nimium

255 2816 301 2874 10.
348 2809 544 2892 Quanquam
572 2812 607 2872 in
630 2810 696 2873 illis
717 2830 845 2892 quoque
867 2809 1009 2889 antiquis
1032 2816 1065 2872 et
1083 2830 1143 2890 pu·
1196 2809 1384 2875 hominibus
1401 2810 1645 2875 confideremus.
1676 2810 1768 2875 Haeo
1786 2810 1887 2876 multo
1903 2809 2016 2873 melior
2033 2819 2181 2875 001001-

162 2898 305 2960 rioribus
334 2904 385 2960 ost
410 2896 497 2979 quod
525 2896 595 2960 iuro
623 2896 801 2972 desideres,
828 2895 881 2960 vel
909 2894 994 2977 quod
1022 2894 1144 2957 eruditi
1197 2898 1308 2975 tentia,
1327 2916 1425 2978 quam
1445 2897 1501 2959 illa
1518 2896 1671 2980 Gregorii
1693 2895 1907 2962 Nazianzeni:
1923 2893 1947 2978 Ι)
1969 2894 2093 2960 nullius
2112 2919 2181 2963 un-

163 2983 283 3063 alioqui
295 2993 329 3046 et
345 2981 522 3064 prudentes
541 2983 613 3060 viri,
631 2984 688 3064 qui
710 2995 782 3045 tum
800 2981 946 3057 aderant,
964 2982 1143 3062 praesenti·
1196 3003 1295 3064 quam
1327 2983 1453 3048 concilii
1482 3005 1517 3047 se
1546 2982 1667 3049 vidisse
1696 2982 1818 3046 bonum
1845 2984 1953 3046 finem.
2003 2981 2093 3045 Nam
2121 2985 2179 3066 qui

164 3067 226 3132 bus
246 3068 387 3149 negotiis
415 3068 556 3132 districti
588 3068 693 3131 multa
721 3068 872 3132 alienon
895 3066 1142 3148 prospiciebant,
1196 3070 1313 3132 asserit
1345 3071 1454 3133 omnia
1486 3068 1556 3133 sine
1589 3069 1781 3150 exceptione
1813 3067 1900 3133 male
1931 3066 2076 3144 desiisse,
2110 3091 2179 3134 non

164 3154 218 3218 vel
236 3152 321 3234 quod
339 3154 543 3236 gravioribus
563 3166 596 3219 et
613 3154 718 3236 magis
747 3153 841 3218 seriis
863 3162 1034 3234 occupatos
1061 3173 1143 3215 nou·
1195 3153 1337 3218 multum
1358 3156 1541 3219 autoritatis
1559 3154 1626 3219 illis
1648 3154 1811 3236 relinquit
1848 3155 1901 3218 Dc
1922 3154 2180 3235 provincialibus

164 3239 257 3303 nulla
287 3238 420 3303 levioris
451 3240 608 3303 momenti
642 3239 937 3322 subterfugiebant,
973 3237 1027 3301 vel
1059 3236 1145 3320 quod
1196 3240 1341 3305 conciliis
1368 3241 1568 3304 mentionem
1596 3262 1744 3305 seorsum
1770 3242 1890 3316 facere,
1918 3239 2003 3303 nihil
2030 3241 2100 3304 iam
2120 3262 2179 3306 10-

165 3324 364 3407 simplioitor,
390 3339 425 3388 ut
448 3326 605 3402 hominos,
636 3326 800 3407 imperitia
820 3324 889 3388 falli
909 3332 1068 3405 poterant,
1093 3323 1144 3388 vel
1197 3346 1286 3391 cesse
1296 3333 1359 3404 est;
1382 3325 1513 3408 quando
1529 3347 1572 3389 ex
1584 3327 1792 3409 generalibus
1804 3327 1978 3391 0001111010
1989 3340 2178 3409 promptum

166 3410 252 3492 quod
286 3410 388 3474 nimio
418 3411 538 3476 affeetu
565 3432 802 3491 nonnunquam
831 3410 1023 3492 praecipites
1059 3411 1144 3474 fere-
1197 3419 1248 3476 est
1268 3417 1427 3492 quantum
1445 3413 1629 3476 autoritatis
1651 3412 1692 3476 ad
1713 3412 1897 3477 corrdendos
1914 3409 1992 3476 fidei
2013 3413 2177 3487 0111011100,

164 3493 292 3559 bantur.
337 3496 446 3561 Huius
469 3499 625 3579 postremi
644 3496 744 3578 (quod
767 3496 913 3560 omnium
935 3495 1144 3560 durissimum
1198 3506 1230 3561 01
1256 3497 1468 3580 quodcunque
1494 3499 1602 3563 visum
1635 3499 1734 3562 fuerit
1763 3498 1930 3564 doctrinae
1959 3519 2066 3581 genus
2096 3501 2178 3563 reci-

168 3581 314 3664 videtur)
337 3582 526 3664 exemplum
548 3583 675 3647 illustre
698 3582 826 3647 exstitit
846 3583 880 3645 in
907 3583 1043 3647 nicaena
1065 3604 1145 3665 syn-
1197 3583 1352 3666 piendum
1374 3584 1495 3650 habere
1517 3584 1666 3650 debeant.

165 3668 242 3744 odo,
278 3669 372 3733 cuius
401 3667 544 3751 dignitas
572 3669 718 3732 omnium
747 3689 908 3733 consensu
933 3689 1063 3732 summa
1088 3689 1144 3732 ve·
1286 3673 1334 3733 12.
1379 3672 1427 3735 At
1448 3672 1551 3735 nostri
1573 3672 1808 3745 Romancnees,
1831 3670 1888 3733 ubi
1905 3671 1940 3734 in
1958 3691 2079 3735 causae
2097 3690 2177 3733 suae

162 3755 342 3832 ueratione,
372 3764 409 3818 ut
430 3755 625 3833 merebatur,
655 3766 792 3838 excepta
822 3764 880 3818 est.
932 3753 1018 3817 Nam
1045 3774 1145 3836 quum
1198 3754 1384 3820 defensione
1412 3757 1522 3821 omnia
1554 3757 1692 3821 rationis
1725 3755 1888 3839 praesidia
1915 3754 2081 3820 labascere
2114 3753 2178 3818 sibi

163 3841 360 3923 primarium
392 3839 469 3905 fidei
501 3850 631 3906 nostrae
663 3850 761 3923 caput
792 3841 859 3905 illic
894 3839 1144 3923 periclitaretur,
1197 3842 1326 3919 vident,
1355 3842 1397 3906 ad
1422 3851 1607 3907 extremum
1634 3841 1717 3905 illud
1743 3843 1966 3923 miserumque
1994 3842 2179 3925 suffugium

165 3924 294 3990 adesset
322 3927 425 3991 hostis
455 3928 555 3992 Arius
587 3930 622 3992 in
656 3928 841 4010 procinctu,
862 3946 1001 4008 quocum
1029 3945 1146 3989 manus
1198 3926 1394 3992 concedunt:
1429 3930 1555 3993 etiamsi
1591 3937 1699 3991 1110110
1731 3937 1765 3991 01
1796 3927 1932 3992 consilio
1960 3928 2085 4010 stupidi
2114 3929 2180 4011 ipsi

165 4012 383 4077 conserendae
401 4023 518 4092 essent,
538 4035 701 4077 summum
719 4034 797 4078 vero
818 4019 1022 4076 momentum
1038 4012 1073 4073 in
1093 4032 1145 4074 eo·
1198 4013 1278 4090 sint‚
1308 4013 1417 4077 animo
1440 4035 1516 4078 vero
1544 4028 1577 4076 ct
1606 4014 1773 4078 voluntate
1802 4014 2006 4095 nequissimi,
2039 4034 2179 4077 manere

164 4117 240 4160 rum
250 4098 421 4162 concordia
433 4108 518 4164 esset
530 4098 906 4183 quiadoppugnandum
919 4097 992 4160 Arii
1002 4116 1146 4160 errorem
1198 4107 1308 4162 tamen
1330 4100 1468 4164 verbum
1489 4100 1633 4176 Domini,
1657 4099 1742 4181 quod
1759 4100 1953 4181 praepositis
1976 4097 2105 4163 obedire
2123 4101 2180 4162 iu-

166 4184 273 4264 parati
301 4197 477 4262 venerant,
511 4187 571 4266 ipsi
598 4185 813 4251 nihilomiuus
839 4193 1005 4248 tantorum
1033 4180 1146 4247 discri-
1197 4183 1461 4267 1101(Ηο111.13,
1488 4187 1550 4268 17).
1587 4186 1682 4250 Itane
1704 4184 1803 4251 vero?
1826 4185 1952 4267 quidsi
1975 4186 2180 4268 praepositos

165 4270 296 4333 minum
323 4272 444 4347 securi,
481 4272 548 4334 imo
578 4272 669 4336 velut
696 4270 881 4354 1101111110,
914 4266 1091 4333 modestiae
1113 4276 1146 4332 et
1198 4292 1268 4335 0000
1302 4292 1420 4354 negem
1449 4273 1504 4353 qui
1531 4271 1614 4337 tales
1644 4271 1744 4336 sunt?
1789 4270 1863 4334 Non
1891 4272 1982 4335 enim
2008 4271 2086 4354 plus
2115 4271 2180 4335 sibi

165 4356 273 4420 omnis
301 4356 517 4420 humanitatis
545 4357 652 4434 obliti,
681 4358 800 4421 omisso
827 4355 912 4438 quod
937 4356 973 4418 in
994 4355 1145 4419 manibus
1197 4377 1351 4440 arrogare
1374 4357 1493 4421 debent
1525 4379 1624 4440 quam
1650 4357 1803 4422 habuerit
1824 4357 1935 4434 Iosue,
1966 4359 2023 4440 qui
2047 4370 2081 4421 et
2102 4379 2179 4440 pro·

49 4476 58 4486 ·
165 4451 237 4505 erat
258 4443 436 4507 certamine
460 4442 566 4526 (quasi
590 4465 631 4507 ex
654 4442 815 4507 destinato
828 4441 910 4505 Ario
932 4441 1144 4524 gratificaturi
1196 4443 1295 4525 pheta
1327 4443 1464 4507 Domini
1495 4445 1557 4509 fuit
1589 4452 1623 4508 ct
1650 4445 1788 4508 eximius
1821 4453 1941 4525 1100101.
1991 4442 2180 4508 Audiamus

164 4548 203 4592 eo
225 4528 474 4612 concessissent)
496 4529 659 4593 intestinis
682 4525 823 4593 dissidiis
845 4548 915 4592 sese
936 4525 1144 4609 proscindere
1196 4537 1306 4593 autem
1328 4529 1444 4611 quibus
1465 4531 1574 4595 verbis
1595 4532 1811 4613 inauguratur
1832 4529 1868 4591 in
1890 4551 1990 4594 suum
2012 4551 2140 4596 munus
2161 4551 2181 4594 a

165 4623 352 4695 coeperunt,
375 4615 537 4698 stylum1)
559 4615 616 4697 qui
637 4616 673 4679 in
690 4615 809 4679 Arium
831 4612 1041 4696 stringendus
1063 4618 1143 4690 erat,
1195 4616 1346 4679 Domino.
1396 4615 1472 4680 Non
1495 4615 1640 4695 recedat,
1668 4617 1775 4697 inquit
1803 4614 1881 4698 (Ios.
1904 4620 1931 4692 l,
1953 4620 1980 4678 7.
2000 4615 2053 4698 8),
2083 4616 2180 4680 volu-

164 4700 201 4762 in
230 4720 265 4762 se
292 4702 380 4783 ipsos
408 4700 556 4784 dirigere.
607 4700 739 4765 Foedae
766 4699 1007 4764 criminationes
1033 4697 1144 4762 audie-
1196 4723 1273 4766 men
1293 4702 1375 4785 legis
1396 4703 1437 4767 ab
1457 4724 1513 4768 ore
1535 4712 1608 4782 tuo,
1632 4702 1690 4767 sed
1711 4700 1921 4766 meditaberis
1941 4702 1978 4765 in
1999 4722 2043 4765 eo
2062 4700 2180 4767 diebus

165 4782 288 4849 bantur
293 4810 301 4864 ;
324 4786 425 4849 libelli
448 4788 640 4852 accusatorii
662 4787 855 4865 volitabant;
881 4807 943 4851 nec
965 4785 1144 4850 eontentio-
1197 4808 1235 4852 ac
1256 4789 1420 4866 noctibus;
1442 4811 1548 4872 neque
1571 4788 1612 4853 ad
1632 4788 1802 4853 dexteram
1820 4784 1986 4870 nequead
2008 4789 2181 4854 0111011011

167 4891 250 4933 uum
268 4870 1144 4938 11110111101001100000111010011111110111101111110
1197 4870 1389 4954 declinabis;
1421 4882 1501 4940 tunc
1535 4874 1656 4958 diriges
1688 4874 1777 4937 viam
1805 4881 1912 4952 tuam,
1946 4883 1981 4938 et
2011 4875 2181 4960 1111111111οε

167 4976 202 5019 se
229 4956 464 5037 confodissent,
491 4961 556 5025 nisi
576 4960 753 5041 imperator
775 4957 1010 5025 Constantinus
1032 4979 1144 5024 oecur-
1197 4980 1278 5024 eam.
1323 4960 1378 5024 Illi
1410 4962 1511 5044 igitur
1549 4959 1733 5042 spirituales
1762 4959 1856 5026 nobis
1888 4968 1988 5025 011111
2020 4962 2182 5059 praefeot'

237 5227 266 5296 l)
285 5238 314 5283 et
331 5233 433 5303 stylum
451 5230 519 5286 tots
535 5249 680 5289 0111111000
699 5235 830 5291 0111111111.
1267 5234 1400 5304 1)Ε11111.
1418 5232 1461 5288 511.
1479 5235 1514 5288 ad
1532 5234 1702 5305 Procopium
