4672 5842
84 318 147 379 sla
409 315 500 389 LIB.
522 317 582 383 IV.
627 320 691 384 DE
713 316 950 384 exeamus
972 315 1139 384 nuens
1161 319 1227 383 AD
1248 317 1477 385 SALUTEM.
1523 318 1623 384 CAP.
1647 318 1687 381 V.
1711 319 1771 385 VI.
2032 328 2096 390 814

85 506 182 569 ahter
201 505 224 588 ¹)
253 505 337 569 bene
359 507 571 571 constitutam
594 508 779 585 ecclesiam,
801 509 865 572 nisi
886 507 979 573 sedes
1011 508 1068 570 illa
1120 504 1209 570 aliud
1231 528 1301 571 esse
1323 507 1426 589 ligare
1448 514 1481 570 et
1503 507 1637 584 solvere,
1661 529 1759 589 quarn
1781 510 1842 572 toti
1860 510 1983 574 mundo
2002 534 2096 594 prae.

87 613 186 672 super
212 591 292 655 alias
321 612 433 656 omnes
460 592 639 673 primatum
672 601 791 658 teneat.
843 593 1066 674 Quamobrem
1119 593 1234 656 sidere.
1279 593 1382 675 Atqui
1410 601 1448 656 ut
1474 591 1666 657 mandatum
1687 595 1808 658 Petrus
1834 618 1854 660 a
1877 596 2020 661 Domino
2043 621 2096 664 ac·

86 679 147 742 hae
175 698 301 759 qnoque
334 677 429 759 quale
463 679 519 756 sit,
552 679 784 745 excutiendum
816 690 881 757 cst,
915 701 956 743 ne
989 678 1067 761 quid
1120 686 1264 760 ceperat,
1298 679 1345 742 ita
1376 679 1457 742 alios
1491 700 1604 743 omnes
1637 681 1845 765 presbpteros
1879 683 2030 747 hortatur
2059 694 2096 750 ut
2163 742 2170 757 ,

85 766 275 828 omittamus
301 762 388 844 quod
416 764 458 827 ad
485 765 608 829 iustum
637 766 790 831 ecclesiae
818 768 965 850 regimen
992 788 1066 848 per·
1118 773 1255 846 pascant
1288 764 1458 830 ecclesiam
1492 765 1524 846 (1
1550 765 1639 829 Petr.
1666 772 1701 843 5,
1728 766 1772 850 2).
1821 768 1909 833 Hinc
1943 769 2095 853 colligere

87 852 197 914 lineat.
1118 850 1195 916 licet
1225 858 1283 914 aut
1310 851 1367 914 illa
1394 850 1520 916 Christi
1549 873 1627 915 voce
1660 853 1744 916 nihil
1771 874 1849 935 prae
1878 854 1949 917 aliis
1982 854 2095 920 datum

174 940 202 999 2.
247 936 312 1001 Hic
335 936 438 1017 igitur
461 937 503 999 sit
523 938 723 1018 quaestionis
746 945 865 1003 status:
889 946 1003 1001 utrum
1024 934 1066 999 ad
1118 956 1190 1000 esse
1211 937 1326 1015 Petr0;
1355 944 1412 1000 aut
1432 937 1585 1010 Petrum,
1613 938 1665 1002 ius
1692 938 1780 1020 quod
1808 949 1990 1022 acceperat,
2020 962 2096 1006 cum

88 1042 201 1087 voram
228 1022 448 1098 hierarchiae,
477 1030 515 1085 ut
544 1030 677 1101 vocant,
701 1045 760 1088 seu
783 1023 990 1089 ecelesiastici
1013 1044 1065 1089 or·
1118 1022 1192 1086 aliis
1220 1044 1262 1086 ex
1291 1043 1393 1105 aequo
1421 1023 1688 1089 communicasse.
1732 1025 1873 1104 Verum,
1903 1048 1945 1089 ne
1973 1028 2096 1092 frustra

86 1108 173 1173 dinis
199 1109 361 1171 rationem
384 1109 589 1186 accessesit,
613 1109 724 1174 sedem
744 1132 844 1174 unam
871 1111 959 1173 inter
985 1110 1065 1174 alias
1117 1107 1293 1191 litigemus,
1318 1108 1477 1173 habemus
1500 1109 1576 1173 alibi
1599 1109 1727 1192 (Ioann.
1749 1114 1803 1188 20,
1824 1112 1879 1195 23)
1909 1112 2028 1177 claram
2052 1135 2094 1178 ex

87 1206 119 1260 et
147 1194 307 1277 dignitate
337 1202 370 1256 et
390 1202 550 1276 potestate
572 1196 723 1272 eminere,
748 1204 785 1259 ut
807 1197 850 1260 sit
871 1196 974 1260 totins
995 1215 1065 1260 cor·
1118 1215 1173 1258 ore
1196 1193 1322 1258 Christi
1346 1195 1590 1276 expositionem,
1613 1195 1691 1276 quid
1714 1196 1757 1260 sit
1778 1197 1880 1279 ligare
1899 1199 2092 1264 et'solvere:
2125 1250 2136 1268 .

87 1282 173 1363 paris
199 1287 305 1364 caput.
357 1280 425 1343 Nos
452 1302 531 1345 vero
558 1282 656 1344 nimis
688 1283 808 1364 iniquis
836 1281 961 1365 legibus
988 1282 1065 1346 sub-
1090 1344 1093 1359 ,
1117 1301 1235 1362 nempe
1256 1280 1399 1343 retinere
1421 1290 1454 1343 et
1476 1281 1644 1344 remittere
1671 1291 1812 1363 peccata.
1857 1284 1993 1348 Modum
2015 1305 2094 1349 vero

86 1368 212 1432 iicimus
233 1366 412 1441 eeclesiam,
436 1366 463 1430 si
482 1366 567 1432 hanc
585 1368 615 1431 ei
633 1369 860 1433 necessitatem
878 1368 949 1432 sine
966 1367 1065 1431 verbo
1091 1378 1093 1443 l
1117 1365 1242 1448 ligandi
1264 1376 1297 1429 et
1318 1365 1467 1430 solvendi
1485 1388 1560 1431 cum
1579 1367 1741 1448 scriptura
1759 1377 1828 1432 tota
1845 1371 1966 1450 passim
1985 1379 2094 1435 osten·

86 1452 149 1516 Dei
177 1452 350 1516 iniicimus.
396 1453 486 1535 Ergo
513 1454 541 1515 si
568 1453 684 1517 volunt
710 1454 859 1519 evincere
887 1453 1066 1518 adversarii
1091 1450 1093 1455 ’
1118 1451 1175 1529 dit,
1203 1459 1276 1515 tum
1298 1452 1422 1516 Paulus
1450 1454 1570 1534 optime
1592 1452 1749 1531 declarat,
1772 1476 1872 1537 quum
1895 1454 1972 1521 dicit
1995 1478 2094 1520 evan·

85 1537 170 1620 qnod
192 1538 366 1619 postulant,
390 1538 560 1602 ostendere
583 1560 637 1604 eos
659 1541 803 1620 primum
825 1547 961 1623 oportet,
974 1559 1065 1603 oeco-
1118 1537 1194 1618 gelli
1221 1538 1390 1602 ministros
1418 1539 1537 1602 habere
1560 1538 1754 1603 mandatum
1782 1540 2011 1605 reconciliandi
2036 1544 2094 1606 ho·

85 1625 229 1689 nomiam
257 1624 343 1687 hano
371 1646 391 1687 a
413 1623 546 1688 Christo
574 1646 643 1689 esse
670 1627 864 1689 institutam.
910 1626 953 1689 In
979 1625 1065 1689 hane
1117 1623 1222 1686 mines
1244 1625 1325 1699 Deo,
1350 1633 1382 1687 et
1403 1623 1502 1688 simul
1526 1632 1720 1705 potestatem
1747 1625 1867 1690 habere
1895 1627 2095 1693 exercendae

85 1731 157 1774 rem
179 1710 283 1775 citant
304 1731 346 1773 ex
368 1710 439 1792 lege
462 1731 628 1774 summum
650 1713 877 1791 sacerdotium,
900 1733 1064 1776 summum
1118 1709 1284 1777 vindictae
1320 1710 1357 1772 in
1389 1731 1443 1773 cos
1483 1711 1539 1792 qui
1577 1709 1772 1776 beneficium
1811 1712 1872 1777 hoc
1910 1714 2095 1795 respuerint

86 1798 164 1861 item
196 1795 370 1874 iudicium,
406 1794 491 1877 quod
519 1797 611 1862 Deus
641 1797 880 1881 Hierosolymis
912 1798 1064 1861 instituit.
1118 1795 1152 1878 (2
1174 1794 1249 1859 Cor.
1269 1800 1298 1871 5,
1321 1800 1359 1858 18
1381 1807 1414 1859 et
1438 1801 1485 1872 10,
1506 1795 1549 1879 6).
1568 1795 1592 1879 ¹)
1970 1798 1983 1807 ’

85 1884 132 1946 At
148 1883 251 1946 facilis
270 1891 320 1946 est
341 1881 473 1959 solutio,
497 1904 599 1964 eaque
616 1884 799 1965 multiplex,
823 1884 983 1966 siquidem
1000 1904 1066 1947 una
1204 1887 1233 1944 4.
1273 1883 1374 1962 eram
1391 1883 1520 1964 ludique
1536 1887 1696 1962 torqueant
1713 1883 1791 1949 locos
1810 1883 1880 1948 illas
1897 1885 1952 1965 qui
1971 1885 2095 1968 ligandi

86 1969 152 2032 illis
174 1991 240 2031 non
262 1967 449 2032 satisfaciat.
497 1969 656 2047 Primum,
679 1969 765 2051 quod
792 1971 827 2034 in
849 1972 981 2034 natione
999 1990 1066 2033 una
1118 1973 1146 2030 et
1160 1968 1299 2031 solvendi
1316 1970 1498 2032 canaam
1512 1968 1641 2048 saturat,
1660 1988 1729 2032 eum
1742 1969 2011 2049 alidiperstrluari,
2028 1975 2094 2035 tum

86 2054 148 2118 fuit
170 2053 263 2131 utile,
292 2054 325 2117 id
346 2055 380 2117 in
408 2055 599 2119 universum
627 2054 739 2120 orbem
768 2055 945 2120 extendere
973 2054 1066 2119 nulla
1116 2053 1224 2133 fusius
1237 2054 1337 2134 paulo
1349 2059 1420 2134 post
1436 2055 1654 2134 explicandum
1671 2056 1736 2118 erit.
1772 2055 1867 2119 Num
1882 2061 2002 2120 tardum
2018 2057 2095 2136 quid

84 2141 168 2204 ratio
196 2141 297 2223 cogit3
327 2140 393 2203 imo
422 2141 529 2222 gentis
551 2141 649 2205 nnius
673 2149 706 2205 et
733 2143 833 2206 totius
859 2142 947 2206 orbis
968 2139 1065 2224 long'e
1118 2158 1155 2202 aa
1187 2139 1294 2204 celebri
1320 2140 1373 2203 illo
1402 2137 1523 2204 Cleriiti
1555 2140 1597 2204 ad
1626 2139 1755 2205 Petrum
1785 2162 1930 2222 respousa
1961 2143 2094 2221 eliciant,

86 2226 214 2290 diversa
236 2227 299 2290 erit
317 2227 409 2290 ratio.
447 2224 535 2307 Quia
556 2226 699 2308 undique
717 2228 758 2291 ab
780 2226 961 2291 idololatris
983 2227 1065 2309 septi
1117 2225 1221 2288 vaae
1247 2246 1358 2306 operae
1380 2227 1519 2305 pretium
1546 2232 1597 2290 est.
1645 2225 1799 2301 Promisit
1826 2228 1854 2290 ei
1881 2229 1982 2292 clava
2005 2229 2094 2310 rapui

26 2330 30 2339 ¹
86 2312 313 2390 erantIudaei,
337 2333 379 2375 ne
401 2313 598 2395 religionum
615 2313 772 2377 varietate
793 2313 1064 2391 distraherentur,
1090 2314 1092 2321 ’
1117 2312 1283 2390 caedrum
1310 2313 1406 2388 dicit,
1435 2313 1633 2393 quodcunque
1658 2313 1769 2395 liparet
1789 2314 1824 2376 iu
1846 2318 1938 2378 terro.
1962 2315 2093 2395 ligatum

85 2399 192 2463 cultus
220 2399 271 2463 sui
298 2397 410 2462 sedem
438 2397 601 2463 inmedio
622 2407 728 2463 terrae
757 2399 833 2463 sinu
853 2400 945 2464 Deus
968 2398 1064 2464 collo·
1115 2397 1182 2478 fore
1208 2397 1243 2460 iu
1269 2397 1368 2461 ecclia.
1415 2397 1454 2461 Si
1480 2400 1517 2462 de
1543 2399 1678 2463 clavium
1706 2418 1773 2463 aare
1800 2405 1827 2462 et
1853 2399 1976 2482 lipaudi
2004 2400 2093 2466 111οά0

86 2485 186 2562 cavit;
215 2484 280 2549 illic
307 2505 410 2547 unum
437 2485 618 2549 antistitem
641 2486 811 2566 praefecit,
833 2506 929 2567 quem
952 2506 1064 2549 omnes
1089 2483 1197 2609 'linter
1222 2503 1278 2546 uos
1304 2485 1478 2560 concerdat,
1511 2485 1617 2548 statim
1650 2484 1780 2548 cessabit
1806 2487 1909 2549 amuis
1938 2487 2092 2550 mittentia.

85 2571 301 2652 respicerent,
335 2590 400 2651 quo
433 2570 550 2634 melius
582 2572 619 2634 in
650 2572 778 2635 unitate
810 2571 1062 2635 continerentur.
1119 2568 1207 2632 Nam
1228 2574 1255 2631 et
1269 2590 1362 2650 papa
1384 2569 1510 2634 libenter
1530 2571 1705 2634 iniunctam
1730 2571 1878 2650 apostolis
1895 2573 2094 2652 provinciam

86 2657 117 2719 N
119 2678 181 2725 unc
204 2645 259 2721 uhi
285 2678 365 2721 vera
393 2656 508 2740 religio
536 2658 570 2720 in
598 2656 840 2721 totum‘orbem
863 2654 981 2720 diffusa
1003 2663 1062 2734 est,
1116 2655 1329 2735 mittetqaae
1350 2655 1468 2719 laberis
1485 2661 1514 2719 et
1533 2657 1690 2720 caelestiae
1704 2656 1802 2736 plena
1819 2676 1897 2721 succ
1914 2659 1942 2720 el
1962 2657 2093 2722 delicias

85 2744 141 2806 uni
169 2743 241 2807 dari
268 2743 403 2808 orientis
430 2750 464 2806 et
491 2741 667 2808 occidentis
695 2742 964 2819 moderationem,
992 2744 1063 2824 quis
1116 2740 1231 2820 absque
1260 2741 1344 2806 lucro
1376 2747 1534 2806 acceleret.
1588 2743 1741 2822 Quartam
1768 2743 1920 2824 acepalli
1952 2743 2094 2806 doctriua

83 2851 148 2892 non
172 2829 282 2893 videat
304 2849 374 2892 esse
396 2849 531 2909 prorsus
559 2827 760 2893 absurdum?
805 2829 949 2893 Perinde
975 2829 1063 2892 enim
1115 2827 1204 2890 racha
1232 2827 1306 2891 coeli
1332 2829 1533 2907 emulatur,
1561 2828 1691 2910 eleganti
1716 2827 1896 2909 metaphora
1922 2829 2093 2910 irrsipcitur

85 2922 135 2978 est
157 2936 197 2988 ac¹
216 2917 243 2979 si
264 2916 338 2996 quis
360 2913 543 2993 contendat,
566 2924 675 2979 totum
696 2914 859 2979 mundum
872 2915 1064 2995 apraefecto
1116 2913 1253 2977 clavium
1273 2915 1402 2977 nomiae
1447 2913 1520 2976 Iam
1545 2934 1607 2978 aaa
1628 2914 1691 2977 alio
1712 2915 1800 2979 ruodo
1826 2913 1964 2996 liquatur
1985 2920 2014 2978 et
2035 2913 2093 2978 sol·

85 3021 153 3062 uno
176 2999 292 3064 debere
314 3001 401 3082 regi,
432 3002 507 3081 quia
535 3022 614 3085 ager
634 3022 722 3065 unus
744 3023 810 3065 non
831 3000 942 3082 plures
968 3021 1063 3082 prae·
1115 3004 1232 3062 aarum
1258 2998 1403 3076 maanes
1425 2999 1490 3063 uisi
1512 3000 1587 3063 dum
1612 2999 1690 3079 fides
1712 3000 1793 3065 elios
1818 3000 1995 3064 reconciliat
2016 2999 2092 3079 Deo,

86 3091 187 3150 l'ectos
214 3086 341 3150 habeat.
388 3084 455 3150 Sed
483 3099 535 3150 est
561 3087 664 3151 altera
685 3087 867 3151 etiamnum
889 3087 981 3164 ratio,
1004 3107 1064 3151 cur
1116 3085 1197 3148 alias
1224 3105 1285 3150 sua
1306 3085 1509 3151 incredulitas
1528 3087 1632 3168 magis
1657 3087 1844 3167 mrutrlupit.
1891 3084 1929 3149 Si
1950 3085 2004 3149 lucc
2025 3091 2093 3149 tau⁸

85 3169 168 3233 illud
194 3172 229 3234 in
255 3171 473 3235 imitationem
500 3173 588 3236 trahi
615 3194 684 3237 non
711 3171 834 3237 debeat.
887 3170 1064 3236 Summum
1115 3176 1182 3234 tum
1203 3171 1265 3234 siti
1285 3175 1416 3234 sumaet
1430 3191 1529 3252 papa,
1552 3172 1705 3236 ramirum
1721 3172 1790 3253 fore
1806 3176 1883 3252 puta
1900 3173 1956 3251 qul
1977 3171 2023 3235 ael
2045 3172 2093 3234 iu·

86 3257 181 3320 illum
202 3257 391 3338 pontificem
412 3264 531 3341 typum
548 3258 648 3323 fuisse
666 3257 792 3323 Christi
810 3279 906 3322 nemo
924 3259 1063 3342 ignorat,
1115 3258 1218 3321 aidau
1243 3257 1292 3322 ael
1318 3262 1468 3321 tatamen
1495 3263 1621 3322 moveat.
1667 3256 1730 3323 Sed
1751 3258 1827 3338 quia
1848 3257 1922 3322 llaec
1943 3257 2092 3322 succurre

87 3363 184 3419 nunc,
208 3343 369 3406 translato
397 3344 591 3421 sacerdotio,
615 3346 667 3408 ius
688 3345 771 3409 illud
794 3344 966 3409 transferri
987 3366 1064 3410 con-
1115 3342 1270 3407 laboriosa
1291 3349 1320 3409 et
1340 3345 1469 3408 mirrime
1486 3344 1608 3408 lucrosa
1624 3363 1823 3424 nequaquam
1840 3364 1946 3426 papae
1963 3344 2091 3421 arridet,

85 3428 185 3492 venit.
230 3427 292 3492 Ι1111
320 3450 418 3509 quem
447 3450 545 3510 porro
573 3431 769 3496 translatum
796 3430 867 3496 est?
919 3430 995 3494 Non
1022 3427 1064 3494 ad
1116 3429 1183 3493 iam
1208 3430 1282 3494 dade
1308 3430 1449 3494 amaru
1475 3430 1545 3495 litis
1559 3431 1764 3511 priraipium,
1787 3430 1864 3510 quid
1888 3429 1979 3495 Petro
2003 3427 2093 3494 Clari·

86 3533 207 3596 papam
222 3533 310 3592 sane,
328 3523 367 3576 ut
383 3515 452 3597 ipse
470 3515 680 3600 impudenter
698 3518 818 3582 iactare
839 3516 946 3594 audet,
961 3538 1064 3598 quum
1115 3519 1185 3578 ctus
1200 3517 1390 3595 amiserit.
1419 3514 1524 3600 13902)
1536 3506 1619 3580 ea're
1640 3518 1713 3598 ipsa
1735 3516 1842 3599 colligo
1862 3535 1923 3580 aaa
1940 3516 2006 3579 riter·
2026 3536 2093 3580 auu

87 3602 149 3664 hoc
178 3600 219 3663 ad
247 3620 281 3663 se
312 3599 455 3683 elogium
480 3602 598 3681 trahit;
632 3601 689 3667 sed
717 3600 758 3666 ad
787 3602 974 3676 Christum,
1008 3603 1063 3684 qui
1115 3601 1202 3664 uerte
1222 3602 1380 3682 apamlicr'
1401 3603 1582 3685 dquiwtem
1601 3603 1718 3680 uetari,
1742 3623 1822 3683 quae
1846 3601 1885 3665 ad
1912 3623 2002 3666 arere
2026 3601 2092 3666 die-

85 3696 123 3750 ut
152 3686 239 3750 solus
267 3706 390 3748 munus
418 3687 526 3766 ipsum
555 3689 625 3753 sine
646 3689 769 3755 aerio
797 3697 856 3752 aut
878 3708 1064 3753 successore
1115 3686 1206 3768 turpi
1232 3707 1293 3752 riou
1313 3693 1421 3770 potest.
1466 3688 1553 3752 Nam
1581 3690 1611 3752 ei
1632 3688 1783 3769 recipitur
1803 3688 1862 3751 illa
1884 3708 1977 3766 pam
1993 3686 2091 3766 posui

85 3773 239 3847 sustinet,
270 3771 317 3832 ita
345 3770 502 3836 honorem
524 3773 619 3837 alteri
641 3776 766 3839 nemini
788 3775 943 3857 resignat
987 3774 1064 3837 Non
1115 3772 1254 3852 Mattio
1275 3774 1369 3857 (quae
1390 3795 1451 3839 acu
1468 3776 1533 3839 uisi
1551 3775 1743 3855 irapruleater
1761 3774 1850 3836 retici
1865 3777 1988 3852 pateat),
2010 3769 2092 3834 uilil

85 3860 174 3922 enim
201 3859 236 3921 in
265 3856 414 3921 doctrina
438 3858 550 3936 modo,
584 3858 641 3925 sed
668 3861 704 3926 in
730 3859 962 3944 propitiatione
988 3858 1062 3937 Dei,
1119 3855 1210 3922 Petro
1236 3859 1286 3924 lic
1314 3860 1411 3926 datur
1439 3862 1519 3942 quad
1547 3880 1607 3923 aori
1632 3859 1730 3940 fuerit
1750 3859 1871 3939 collegis
1899 3858 1993 3920 etiam
2014 3876 2091 3920 caua

85 3965 183 4027 quam
211 3951 317 4007 morte
330 3944 359 4025 2)
389 3963 460 4032 sua,
475 3945 602 4028 peregit
623 3946 792 4021 Christus,
822 3956 855 4010 et
876 3944 934 4009 illa
959 3944 1063 4010 inter·
1115 3963 1222 4022 mune,
1249 3947 1326 4026 quia
1353 3947 1472 4026 alioqui
1492 3968 1554 4011 raca
1579 3946 1668 4009 ruodo
1684 3944 1831 4023 percauta
1849 3942 1935 4021 fieret
1957 3943 2090 4022 iniuria,

85 4031 231 4095 cessione
259 4050 323 4110 qua
352 4049 441 4092 nunc
465 4028 552 4110 apud
579 4039 705 4113 patrem
725 4034 891 4116 fungitur,
915 4032 1064 4097 consistit
1116 4031 1169 4094 sea
1195 4031 1384 4096 claudicaret
1411 4033 1485 4112 ipsa
1513 4031 1668 4095 doetrinae
1700 4029 1856 4092 mactae.
1910 4028 2093 4095 Reclamant

86 4116 147 4181 hoc
169 4114 397 4181 sacerdotium.
1115 4116 1183 4196 illi;
1199 4117 1254 4182 sed
1271 4119 1347 4197 quid
1364 4118 1458 4195 iuvat,
1476 4117 1602 4192 absara,
1620 4116 1663 4179 ad
1680 4115 1759 4177 lea-ac
1775 4134 1884 4196 rupem
1895 4114 2091 4198 impiupere?

172 4207 200 4265 3.
251 4201 328 4264 Non
355 4211 406 4264 est
439 4201 541 4281 igitur
568 4203 654 4283 quod
685 4206 836 4286 exemplo
863 4205 942 4283 isto,
976 4203 1063 4286 quod
1116 4201 1224 4283 Nepae
1240 4204 1322 4266 euim
1339 4202 1472 4283 efficient
1487 4203 1572 4282 quia,
1583 4201 1677 4265 sicuti
1694 4199 1836 4265 autaldus
1852 4203 2091 4282 apestoliseiuc-

85 4287 321 4369 temporarium
349 4287 450 4350 fuisse
478 4284 642 4365 videmus,
676 4290 769 4370 qnasi
795 4300 953 4373 perpetua
980 4290 1061 4373 lege,
1116 4288 1184 4351 dem
1205 4289 1357 4371 wairpelii
1377 4288 1516 4353 triturata
1538 4287 1602 4369 fuit
1612 4286 1817 4367 praedicatio,
1836 4289 1883 4352 ita
1901 4290 1996 4352 aiam
2013 4306 2091 4352 aaut·

85 4396 145 4438 nos
168 4375 383 4455 obstringant.
428 4373 482 4436 Ex
504 4393 590 4438 novo
613 4381 808 4439 testamento
830 4376 914 4439 nihil
939 4374 1064 4439 habent
1115 4375 1251 4438 muuiter
1272 4373 1394 4456 lipardi
1417 4379 1444 4439 et
1471 4373 1609 4438 sclaeadi
1631 4376 1778 4453 potestate
1797 4375 1944 4438 iristrurti
1964 4375 2092 4455 furam.

85 4458 170 4541 qued
197 4461 233 4523 in
262 4459 444 4523 sententiae
472 4479 549 4522 suae
583 4460 861 4525 confirmationem
894 4462 1063 4543 proferant
1115 4457 1486 4544 Christus,³)inquiunt,
1499 4461 1637 4525 Petrum
1654 4458 1806 4524 ecclesiae
1818 4461 2092 4542 universaeprin·

84 4545 150 4609 nisi
166 4545 252 4626 quod
271 4545 327 4609 uni
346 4544 470 4610 dictum
488 4552 551 4608 est:
569 4551 607 4609 tu
618 4566 653 4611 es
664 4547 794 4624 Petrus,
815 4553 849 4612 et
866 4567 965 4628 super
978 4546 1062 4612 hanc
1114 4544 1220 4626 cipem
1233 4545 1262 4631 ⁴)
1291 4548 1476 4624 constituit,
1507 4567 1610 4628 quum
1637 4545 1792 4608 daturum
1814 4568 1849 4610 se
1869 4546 1919 4608 illi
1941 4547 2092 4627 promisit

84 4641 213 4712 pet-ram
237 4628 413 4696 aedificabo
438 4631 609 4696 ecelesiam
635 4652 744 4696 meam
766 4631 900 4715 (Matth.
922 4636 974 4710 lt',
998 4636 1035 4694 18
1054 4642 1063 4696 .’
1114 4631 1230 4696 claves.
1267 4634 1370 4716 Atqui
1392 4633 1478 4716 quod
1499 4633 1558 4696 nni
1580 4639 1661 4695 tune
1682 4631 1841 4713 promisit,
1863 4631 1938 4695 alibi
1957 4632 2092 4716 reliquis

84 4716 184 4780 Item:
196 4718 296 4781 Petra
307 4736 397 4782 amas
407 4717 483 4781 me?
496 4738 591 4799 pasce
603 4740 680 4784 oves
691 4737 782 4782 meas
793 4716 981 4802 (Ioann21,
996 4721 1060 4782 15.
1113 4718 1212 4781 simul
1229 4717 1379 4784 omnibus
1401 4721 1538 4797 confert,
1558 4724 1591 4781 et
1608 4718 1700 4800 quasi
1712 4718 1746 4780 in
1765 4738 1899 4781 manum
1922 4718 2031 4783 tradit.
2050 4716 2090 4783 si

84 4803 212 4866 Verum
233 4811 273 4865 ut
300 4804 414 4867 firmae
439 4805 506 4868 sint
526 4805 608 4868 istae
635 4803 857 4887 probationes,
887 4801 1062 4867 ostendant
1113 4801 1201 4868 idem
1222 4805 1305 4870 iuris
1326 4826 1516 4871 concessum
1530 4813 1581 4869 est
1598 4801 1748 4867 omnibus
1769 4802 1855 4885 quod
1870 4804 1927 4868 uni
1950 4805 2090 4888 promis·

84 4890 119 4951 in
143 4888 257 4969 primis
279 4895 421 4970 oportet,
446 4892 475 4953 ei
496 4891 650 4958 mandari
671 4896 868 4974 potestatem
891 4889 927 4952 in
949 4910 1061 4954 omnes
1129 4964 1145 4968 β
1178 4965 1190 4968 ,

84 4973 247 5052 ecelesias,
270 4975 326 5056 qui
347 4995 480 5056 pascere
507 4976 636 5043 Christi
664 4997 798 5064 gregem
825 4974 967 5055 iubatum
1000 4995 1061 5041 nee
1182 5044 1210 5112 1)
1238 5043 1358 5113 Qum
1390 5047 1399 5099 l
1470 5046 1558 5099 o'me
1583 5046 1698 5113 cepaea
1718 5051 1764 5098 mr
1792 5045 1823 5098 ia
1849 5044 1905 5100 eda
2069 5047 2090 5101 a

1114 5113 1179 5182 cap.
1200 5113 1254 5167 xi.
1272 5087 1371 5168 rarat
1388 5063 1469 5182 aad
1485 5062 1601 5168 lacae
1680 5061 1717 5178 al
1728 5114 1802 5183 argo
1822 5063 2088 5173 rensiddlfi'edr.

221 5251 225 5258 ⁵
1110 5181 1141 5249 3)
1160 5183 1222 5237 Iam
1247 5190 1397 5252 sequuntur
1423 5182 1488 5252 Gap.
1519 5182 1604 5237 VIII.
1631 5183 1653 5249 ξ.
1679 5180 1712 5234 91
1731 5197 1801 5252 seqq.
1876 5183 1905 5252 4)
1925 5187 2088 5256 principium

154 5249 182 5315 l)
192 5250 310 5316 aliquam
321 5248 397 5302 1561.
409 5247 483 5302 1669.
519 5249 549 5318 2)
557 5252 585 5305 in
595 5260 682 5306 morte
693 5251 768 5305 1617.
783 5251 857 5305 1654
869 5249 935 5304 1667
944 5257 970 5303 et
984 5249 1057 5304 Tlol.
1110 5250 1185 5305 1617.

2265 2174 2280 2215 h
