4672 5842
83 313 146 374 485
283 385 291 405 ‚
341 307 432 372 LIB.
455 307 519 372 ΠΙ.
562 308 627 373 DE
647 306 782 377 MODO
805 307 1154 375 PEROIPIENDAE
1176 308 1367 377 CHRISTI
1389 311 1607 376 saumas.
1652 311 1751 378 GAP.
1773 313 1833 378 fv.
1874 372 1883 395 ,
2023 321 2087 382 486

83 522 150 564 ιιοιι
171 509 209 562 ιιι
229 497 387 562 mulctam
409 496 602 561 delictorum
622 497 694 561 Deo
715 496 917 578 persolvant,
946 495 1003 560 sed
1024 507 1063 560 ιιι
1200 502 1250 563 34.
1294 498 1359 562 His
1381 499 1632 580 cogitationibus
1658 501 1789 566 fidelem
1815 504 1935 570 instrui
1957 529 2089 573 necesso

82 585 160 649 inde
187 583 228 648 ad
249 583 506 665 resipiscentiam
528 583 707 664 proficiant
752 581 895 646 Proinde
916 583 951 646 in
972 582 1061 646 futu-
1113 591 1163 648 ost
1182 584 1443 649 inafflictionum
1456 585 1641 651 acerbitate.
1664 589 1808 671 Tempus
1820 600 1870 654 est
1881 600 1919 655 ut
1931 591 2085 657 iudicium

83 694 156 736 rum
180 690 235 734 eas
258 671 364 750 potius
394 690 492 750 quam
514 669 551 732 in
573 669 786 750 praeteritum
807 676 935 750 tempus
957 669 1061 750 respi-
1112 670 1277 751 incipiata
1290 669 1385 733 domo
1396 670 1541 751 Domini,
1564 672 1599 735 in
1618 694 1682 754 qua
1696 673 1885 740 invocatum
1904 687 1954 742 est
1970 701 2085 743 nomen

83 778 156 823 cere
182 755 405 838 intelligimus.
450 753 491 818 Id
518 754 745 838 Chrysostomi
759 755 783 837 ¹)
811 753 920 818 verbis
947 753 1061 818 malim
1113 756 1183 819 eius
1202 756 1234 838 (1
1248 756 1338 832 Petr,
1351 762 1381 831 4,
1396 757 1527 834 17;Ier.
1542 761 1666 843 25,20).
1696 758 1784 839 Quid
1798 762 1942 827 facerent
1952 765 2012 829 filii
2023 765 2085 829 Dei

83 863 184 925 quam
213 843 293 906 meis
316 843 508 922 exprimere.
553 841 693 938 Propter
715 841 791 919 hoc,
814 840 934 920 inquit,
956 840 1061 922 impo-
1112 842 1140 906 si
1169 842 1376 906 severitatem
1405 863 1504 923 quam
1520 845 1695 925 *sentiunt
1729 846 1887 911 ultionem
1916 850 1986 915 cius
2019 872 2088 916 csse

84 931 135 993 nit
157 928 249 993 nobis
271 948 426 1008 poenam,
456 949 523 991 non
550 926 590 991 de
617 929 758 1008 peccatis
782 947 914 990 sumens
936 925 1061 1007 suppli·
1113 925 1305 992 crederent?
1352 926 1419 1007 Qui
1441 929 1537 1007 enim,
1560 951 1662 994 manu
1682 932 1746 996 Dei
1768 955 1956 1016 percussus,
1979 936 2086 1001 Deum

83 1017 185 1092 cium,
214 1012 272 1079 sed
300 1011 342 1075 ad
369 1012 482 1076 futura
509 1034 568 1077 nes
595 1013 770 1096 corrigens.
816 1010 872 1076 Sic
894 1020 927 1074 et
945 1013 1061 1094 Augu·
1112 1011 1254 1078 iudicem
1276 1021 1468 1095 pumentem
1488 1016 1624 1097 cogitat,
1653 1039 1719 1081 non
1739 1027 1848 1099 potest
1874 1022 1939 1086 nisi
1967 1022 2087 1087 iratum
2169 1089 2174 1097 ,

84 1100 244 1183 stiuus:‘²)
272 1098 359 1182 quod
379 1098 518 1182 pateris,
550 1097 637 1162 unde
658 1098 803 1181 plangis,
829 1097 991 1161 medicina
1013 1104 1062 1161 est
1113 1107 1146 1163 et
1179 1097 1353 1164 adversum
1386 1099 1448 1163 sibi
1481 1102 1664 1183 concipere,
1697 1104 1805 1186 ipsum
1833 1129 1911 1170 vero
1939 1109 2003 1172 Dci
2031 1110 2088 1172 fla·

84 1188 158 1264 tibi,
182 1208 248 1250 non
271 1207 388 1267 peena3
417 1185 599 1267 castigatio,
623 1206 688 1248 non
710 1183 890 1248 damnatio:
921 1183 987 1246 noli
1010 1204 1061 1247 re-
1113 1185 1244 1268 gollum,
1269 1192 1305 1247 ut
1326 1184 1587 1250 maledictionem
1606 1198 1640 1251 et
1660 1189 1901 1256 damnationem
1920 1194 2089 1273 dctestari;

84 1273 206 1356 pellere
228 1271 411 1354 flagellum,
439 1271 467 1334 si
489 1292 556 1334 non
578 1272 629 1335 ris
651 1270 765 1352 repelli
787 1270 827 1334 ab
850 1268 1061 1344 haereditate,
1114 1269 1252 1352 denique
1280 1292 1314 1335 so
1337 1292 1356 1333 a
1378 1270 1449 1334 Deo
1479 1271 1570 1355 diligi
1594 1296 1764 1357 nunquam
1786 1278 1977 1358 persuaderi
1998 1288 2089 1362 pote-

83 1368 144 1424 etc.
177 1359 260 1422 Tota
280 1358 345 1422 ista
365 1357 497 1421 miseria
518 1357 646 1439 generis
669 1356 804 1420 humani
827 1355 860 1419 in
879 1377 943 1437 qua
960 1355 1064 1437 gemit
1113 1357 1167 1433 rit,
1191 1357 1246 1438 qui
1268 1356 1315 1421 sic
1336 1377 1415 1439 erga
1437 1379 1472 1421 se
1486 1357 1640 1423 aflectum
1662 1363 1782 1426 sentiet
1803 1373 1841 1427 ut
1853 1365 1960 1430 adhuc
1972 1367 2090 1448 punire

83 1442 236 1520 mundus,
260 1443 417 1508 noveritis
437 1444 556 1507 fratres
578 1443 654 1523 quia
676 1442 767 1505 dolor
783 1440 985 1506 medicinalis
1002 1448 1061 1516 est,
1114 1442 1202 1507 velit.
1248 1439 1316 1507 Sed
1349 1442 1404 1506 ille
1438 1442 1572 1507 demum
1599 1444 1659 1509 sub
1687 1447 1752 1511 Dei
1782 1450 1920 1532 flagellis
1952 1454 2090 1534 proficit,

83 1552 152 1596 non
184 1530 350 1594 sententia
382 1529 542 1610 poenalis,
574 1536 633 1594 ete.
679 1528 750 1592 Has
783 1529 962 1592 sententias
989 1526 1063 1590 ideo
1114 1530 1170 1611 qui
1194 1528 1263 1592 suis
1285 1528 1374 1593 vitiis
1395 1529 1604 1606 irascentem,
1633 1532 1695 1596 sibi
1723 1541 1833 1598 autem
1856 1539 2032 1619 propitium
2053 1558 2092 1604 ac

84 1619 185 1684 citare
217 1616 354 1697 placuit,
388 1637 430 1679 ne
463 1616 516 1679 cui
550 1614 716 1678 videretur
747 1635 832 1677 nova
864 1622 922 1677 aut
954 1614 1063 1676 minus
1115 1613 1310 1679 benevolum
1342 1614 1453 1696 ipsum
1485 1623 1622 1697 reputat.
1672 1618 1806 1701 Alioqui
1839 1623 1927 1684 enim
1960 1645 2091 1689 necesse

84 1704 208 1768 usitata
235 1701 381 1784 loquutio
415 1721 513 1784 quam
546 1702 647 1784 posui.
693 1702 796 1780 Atque
823 1698 882 1762 leuc
910 1700 1064 1778 pertineat
1115 1709 1200 1765 esset
1222 1700 1355 1763 evenire
1383 1699 1469 1781 quod
1496 1702 1656 1784 propheta
1682 1703 1784 1787 (Psal.
1804 1711 1860 1785 88,
1890 1709 1944 1792 17)
1972 1731 2006 1773 se
2034 1731 2090 1774 ex·

84 1788 297 1870 querimoniae
321 1788 547 1870 iudipaatioais
568 1787 697 1867 prlerrac,
725 1785 837 1866 paribus
858 1784 947 1850 Deae
973 1805 1064 1864 saepe
1114 1793 1245 1868 per-tum
1272 1787 1493 1867 conqueritur:
1529 1808 1629 1869 super
1656 1811 1708 1852 me
1737 1794 1939 1856 transierunt
1966 1795 2093 1860 furores

83 1877 121 1940 de
132 1873 674 1956 permiiiapratitadiaeespeetalat,
691 1874 773 1952 qaod
782 1871 1064 1952 perarac-iareca
1116 1873 1174 1949 tui,
1197 1870 1306 1949 Deus;
1330 1880 1471 1936 terrores
1490 1872 1538 1935 tui
1558 1887 1793 1955 oppresserunt
1808 1900 1870 1942 mo.
1905 1880 1992 1943 Item
2005 1881 2092 1963 quod

83 1960 241 2041 tempserit
256 1979 360 2024 omues
372 1980 499 2040 poam.
526 1958 625 2039 Aperi
643 1958 783 2022 Iesaiam
800 1958 845 2039 (1,
859 1957 909 2039 5):
926 1957 969 2020 ad
986 1955 1065 2036 qaid
1115 1956 1229 2022 scribit
1256 1957 1365 2022 Moses
1392 1956 1482 2040 (ibid.
1509 1964 1564 2034 90,
1588 1962 1636 2041 7);
1672 1958 1839 2042 quoniam'
1853 1964 2029 2030 defecimus
2056 1967 2092 2032 in

77 2051 270 2129 percuterem
290 2065 344 2109 eos
365 2045 475 2108 altre?
498 2045 647 2126 aplauta
662 2045 756 2124 pectis
774 2043 817 2106 ari
833 2044 976 2107 commem
1002 2062 1065 2105 aori
1116 2044 1166 2107 ira
1191 2053 1261 2119 tua,
1292 2051 1326 2106 et
1354 2043 1388 2106 in
1416 2042 1642 2126 indignatione
1671 2057 1729 2111 tua
1755 2051 1942 2115 conturbati
1964 2074 2092 2132 sumus;

84 2139 128 2198 est
146 2133 277 2198 sanam.
315 2130 377 2194 Sea
398 2132 475 2212 qaia
497 2130 613 2194 talibas
636 2131 793 2194 sestertiis
811 2129 974 2193 abscidant
989 2147 1064 2207 pre
1115 2128 1254 2211 posuisti
1273 2129 1461 2211 iniquitates
1482 2137 1610 2194 nostras
1632 2132 1666 2194 in
1685 2143 1860 2216 conspectu
1877 2147 1943 2212 tuo,
1966 2139 2094 2203 occulta

80 2219 207 2301 phetae,
227 2216 355 2280 breviter
372 2217 529 2281 iudicasse
545 2217 626 2281 satis
641 2215 755 2296 faerit,
777 2236 839 2278 aeri
856 2215 920 2278 aiio
936 2213 1064 2278 aemilio
1115 2224 1229 2278 nostra
1255 2214 1292 2277 in
1321 2214 1445 2279 lumine
1466 2215 1579 2281 vultus
1607 2218 1673 2296 tui;
1702 2221 1856 2300 queniam
1882 2243 1996 2287 omnes
2022 2223 2093 2290 dies

86 2304 193 2369 Deum
204 2303 321 2384 panim
337 2323 429 2367 amar
446 2302 604 2367 ecetesiam
621 2302 686 2365 nisi
702 2307 737 2365 at
753 2300 1065 2380 sabadarcsipiscat.
1115 2301 1221 2365 nostri
1246 2311 1450 2365 recesserunt
1468 2302 1505 2364 in
1526 2302 1577 2366 ira
1599 2311 1673 2381 tua,
1702 2309 1887 2389 consumpti
1916 2321 1993 2372 sunt
2015 2311 2093 2374 anni

87 2391 176 2473 Erpa
197 2410 298 2471 quum
323 2386 458 2453 Saulem
487 2409 589 2471 regno
615 2386 733 2452 abiecit
762 2387 794 2469 (1
816 2384 905 2450 Sam
930 2390 976 2463 15,
996 2385 1063 2466 23),
1116 2386 1231 2463 nostri,
1258 2387 1343 2452 sicut
1362 2385 1499 2451 verbum
1521 2408 1563 2452 en
1583 2409 1638 2453 ore
1660 2392 1825 2455 emissum.
1869 2392 1993 2459 Contra
2015 2416 2093 2460 vero

87 2475 246 2559 puniebat
266 2473 307 2539 ad
325 2473 522 2552 vindictam3
544 2494 645 2556 quum
662 2471 825 2538 Davidem
843 2471 979 2553 parvulo
996 2470 1063 2535 filio
1116 2472 1226 2537 David
1248 2472 1288 2536 de
1309 2473 1455 2555 paternis
1477 2474 1761 2556 castigationibus,
1789 2488 1826 2541 ut
1852 2479 1918 2544 illis
1945 2480 2094 2545 adiuvari
2119 2507 2124 2516 ·

88 2562 218 2626 orbarit
228 2560 261 2644 (2
275 2559 365 2626 Sam.
380 2564 429 2638 12,
444 2560 511 2642 18),
532 2559 574 2624 ad
585 2558 847 2625 emendationem
861 2555 1062 2639 corripiebat.
1115 2558 1222 2640 magis
1243 2556 1356 2624 fideles
1378 2579 1476 2640 quam
1500 2561 1638 2642 opprimi
1660 2561 1788 2640 doceat,
1817 2566 1862 2629 sic
1885 2567 1975 2630 canit
2002 2567 2092 2651 (ibid.

87 2649 129 2712 In
152 2648 237 2712 hanc
257 2648 454 2711 sententiam
472 2644 695 2728 accipiendum
719 2654 769 2710 est
782 2642 1064 2727 quoduitPaulus
1118 2648 1168 2721 94,
1191 2644 1259 2726 12):
1282 2643 1396 2709 beatus
1419 2646 1516 2709 homo
1537 2667 1635 2728 quem
1657 2656 1693 2711 tu
1715 2651 1918 2731 corripueris,
1943 2653 2093 2720 Domine.

88 2735 119 2815 (l
143 2734 218 2798 Oor.
241 2732 384 2816 11,32):
414 2754 515 2815 quum
537 2731 722 2799 iudicamur
743 2753 763 2796 a
784 2730 942 2806 Domine,
964 2729 1064 2793 corri-
1117 2739 1150 2794 et
1171 2731 1207 2793 in
1229 2729 1301 2812 lege
1323 2740 1381 2795 tua
1404 2729 1575 2809 erudieris,
1606 2741 1644 2796 ut
1670 2744 1816 2816 praestes
1836 2737 1885 2800 illi
1907 2739 2050 2819 quictem
2071 2759 2092 2802 a

87 2821 210 2903 pimur,
240 2840 283 2883 ne
312 2840 388 2884 eum
415 2819 477 2883 hec
504 2819 628 2885 mundo
657 2817 860 2883 damnemur.
905 2813 979 2880 Hoc
1005 2821 1064 2892 est,
1117 2815 1232 2881 diebus
1244 2817 1348 2896 malis,
1368 2815 1447 2880 dum
1459 2816 1580 2882 foditur
1593 2821 1755 2900 peccatori
1773 2822 1874 2887 fovea.
1908 2824 2093 2890 Daracerte

88 2906 168 2970 dum
192 2926 253 2970 nos
281 2905 341 2970 filii
362 2905 428 2969 Dei
454 2925 555 2969 manu
581 2904 729 2972 coelestis
752 2904 855 2985 patris
877 2901 1064 2984 affligimur,
1116 2903 1249 2980 mutato,
1272 2903 1327 2967 abi
1342 2903 1433 2968 Deae
1444 2923 1580 2982 parcens
1594 2905 1776 2986 incredulas,
1802 2913 1830 2972 et
1850 2929 1957 2972 coram
1976 2911 2092 2976 scetem

88 3013 155 3055 non
181 2991 261 3057 haec
287 3012 392 3073 poena
419 3000 470 3055 est
499 3012 563 3074 qua
590 2990 846 3069 confundamur,
879 2985 937 3053 sed
968 2985 1065 3051 casti·
1117 2988 1331 3065 dasiaraiaus,
1349 2987 1484 3071 ripidior
1499 3011 1657 3071 erpasrros
1674 2999 1812 3072 apparet.
1835 2994 1968 3075 [deoque
1985 2997 2093 3060 solatii

88 3078 175 3161 gatio
208 3077 370 3142 duntaxat
399 3098 464 3159 qua
496 3076 694 3142 erudiamur.
739 3074 816 3156 Qua
842 3076 876 3139 in
906 3094 941 3139 re
969 3073 1065 3155 plane
1116 3094 1245 3138 caream
1265 3075 1354 3140 addit
1374 3075 1450 3157 lepis
1471 3076 1725 3155 admmrtioaem,
1753 3099 1817 3159 qua
1844 3080 1968 3144 cacam
1994 3082 2092 3146 solati

87 3164 258 3229 nobiscum
285 3174 335 3229 est
360 3163 574 3246 Augustinus.
626 3165 732 3229 Decet
760 3159 902 3245 enim,⁸)
934 3180 1065 3242 poenas,
1118 3182 1194 3226 suae
1211 3162 1332 3226 censali
1348 3161 1422 3224 dam
1440 3167 1623 3227 reuocaretur
1639 3165 1675 3228 ia
1691 3165 1787 3243 viam,
1805 3164 1900 3246 impii
1920 3187 2094 3248 veroprac·

86 3249 204 3332 quibus
237 3248 387 3314 homines
419 3249 544 3329 pariter
574 3251 778 3333 castigantur
810 3248 941 3327 aDeo,
976 3247 1065 3311 varie
1117 3247 1227 3327 cipiter
1241 3247 1386 3325 ferantur
1402 3249 1437 3312 ia
1455 3267 1668 3323 caesaraea,
1689 3270 1822 3330 quoram
1839 3252 1916 3332 piaris
1935 3258 1979 3317 est
1994 3252 2093 3334 fovea

87 3334 341 3401 considerandas
363 3356 447 3413 ssse;
468 3335 547 3417 quia
568 3337 691 3402 sanctis
713 3343 804 3412 sunt,
827 3343 901 3418 post
917 3341 1065 3416 peecato-
1117 3332 1187 3398 Neo
1208 3333 1309 3397 refert
1330 3335 1415 3397 sitne
1436 3342 1570 3398 aeterna
1580 3355 1687 3419 poena
1696 3344 1755 3400 aut
1766 3339 1972 3419 temporaria
2010 3340 2093 3403 'fam

86 3442 163 3485 rum
184 3420 425 3497 remissionem,
452 3423 633 3486 certamina
662 3429 696 3485 et
718 3422 968 3486 exercitationes
975 3443 983 3498 ;
1013 3441 1065 3484 re-
1117 3419 1205 3482 enim
1222 3417 1316 3497 bella,
1339 3420 1451 3497 fames,
1474 3419 1689 3502 pestilentiae,
1712 3422 1826 3500 morbi,
1849 3423 2095 3489 maledictiones

85 3505 211 3589 probis,
239 3505 310 3569 sine
337 3507 544 3587 remissione,
572 3508 733 3591 supplicia
758 3507 947 3590 iniquitatis.
1001 3505 1066 3571 Ubi
1116 3504 1182 3567 Dei
1214 3513 1308 3582 suut,
1338 3526 1437 3586 quam
1462 3505 1570 3588 ipsum
1598 3508 1713 3571 mortis
1741 3516 1894 3573 aeternas
1922 3509 2093 3576 iudicium:
2198 3540 2201 3545 ¹

86 3611 209 3674 poenas
235 3589 357 3654 Daridi
392 3591 528 3673 aliisque
554 3595 617 3675 piis
649 3595 792 3659 inflictas
822 3598 1064 3670 commemorat,
1118 3588 1198 3653 dum
1217 3590 1405 3654 inferuntur
1424 3591 1461 3654 in
1483 3611 1559 3655 eum
1581 3594 1690 3672 finem,
1714 3602 1752 3656 ut
1773 3595 1840 3658 sint
1863 3595 2021 3662 adversus
2043 3618 2094 3662 re·

87 3686 121 3742 et
142 3697 180 3741 eo
202 3684 364 3758 spectasse
386 3676 464 3741 dicit
485 3685 523 3741 ut
542 3699 655 3744 eorum
674 3680 778 3762 pietas
796 3677 983 3743 huiusmodi
1004 3678 1065 3741 hu·
1117 3676 1234 3758 probos
1256 3676 1325 3741 irae
1348 3676 1574 3759 vindictaeque
1594 3679 1729 3742 Domini
1753 3681 1982 3745 instrumenta

86 3763 225 3827 militate
243 3775 450 3826 exerceretur
467 3784 505 3828 ao
522 3765 722 3846 probaretur.
749 3765 865 3847 Neque
883 3784 961 3829 vero
979 3761 1066 3845 quod
1205 3766 1255 3825 35.
1303 3762 1512 3844 Perspiciunt
1544 3785 1634 3829 nunc
1667 3785 1793 3842 omnes,
1826 3767 1861 3829 ni
1890 3766 1997 3843 fallor,
2032 3787 2095 3848 quo

88 3848 166 3914 dicit
188 3847 309 3913 Iesaias
328 3848 398 3932 (40,
419 3852 468 3930 2),
497 3851 667 3915 remissam
692 3871 764 3917 esse
791 3849 911 3933 populo
938 3847 1065 3915 iudaice
1118 3856 1242 3930 spectet
1259 3847 1317 3913 illa
1327 3848 1465 3913 Domini
1482 3849 1720 3915 animadversio
1737 3850 1961 3915 inDavidem:
1977 3873 2094 3935 nempe

87 3933 308 4016 iniquitatem,
337 3932 425 4017 qued
451 3934 584 4017 plenam
612 3937 788 4019 accepisset
818 3935 1066 4019 castigationem
1118 3942 1155 3997 ut
1172 3933 1406 4000 documentum
1428 3941 1523 4012 esset,
1546 3936 1692 4018 graviter
1702 3935 1774 4000 Deo
1796 3934 1966 4017 displicere
1987 3938 2094 4002 homi-

89 4018 129 4085 de
149 4042 252 4085 manu
264 4021 410 4098 Domini,
433 4042 453 4084 a
475 4041 597 4103 poenae
619 4023 780 4087 solutione
801 4022 943 4105 pendere
965 4021 1065 4087 delic-
1118 4018 1241 4086 cidium
1260 4028 1294 4084 et
1315 4019 1523 4095 adulterium,
1546 4021 1721 4087 adversum
1743 4019 1830 4102 quod
1847 4030 1974 4087 tantam
1991 4025 2094 4090 offen·

89 4114 198 4170 torum
220 4108 350 4172 veniam
372 4107 495 4190 arguit;
518 4106 576 4171 sed
596 4108 730 4189 perinde
753 4119 803 4173 est
820 4130 858 4173 ae
879 4109 906 4173 si
929 4107 1064 4173 diceret:
1118 4105 1244 4171 sienem
1266 4106 1301 4169 ia
1323 4107 1432 4171 diaeo
1453 4112 1481 4171 et
1499 4106 1587 4187 fideii
1607 4127 1695 4172 aereo
1716 4106 1913 4173 declarasset
1920 4133 1928 4188 ;
1957 4117 1995 4173 ut
2020 4132 2093 4176 eru·

90 4192 168 4256 satis
195 4193 261 4257 iam
290 4213 472 4275 poenarum
495 4200 647 4257 exactum
668 4202 731 4273 est;
761 4214 899 4276 quarum
927 4193 968 4258 eb
990 4215 1066 4277 gra-
1119 4190 1245 4256 diretur
1266 4193 1336 4273 ipsc
1358 4191 1469 4256 David
1496 4214 1537 4256 nc
1564 4200 1675 4272 postca
1702 4192 1768 4257 tale
1793 4195 1921 4259 facinus
1944 4196 2095 4276 auderet;

90 4277 226 4343 ritatem
248 4286 282 4343 et
303 4278 565 4354 multitudinem,
595 4280 672 4360 quia
699 4281 765 4344 iam
793 4278 948 4344 diuturno
975 4280 1067 4345 luctu
1119 4297 1185 4341 non
1219 4282 1329 4342 autem
1366 4287 1404 4342 ut
1443 4299 1548 4359 mena
1580 4293 1665 4342 osset
1700 4300 1764 4361 qua
1796 4283 2093 4363 compensationem

90 4372 123 4427 et
149 4384 296 4429 moerore
324 4365 462 4430 confecti
484 4364 607 4440 fuistis,
638 4374 767 4447 tempus
793 4372 843 4431 est
869 4374 907 4430 ut
934 4374 1067 4447 accepto
1119 4361 1285 4444 quandam
1306 4364 1378 4428 Deo
1399 4364 1534 4429 solueret.
1572 4360 1629 4428 Sic
1650 4370 1684 4428 ct
1705 4363 1744 4429 do
1767 4365 1870 4430 altera
1892 4368 2095 4448 correptione

89 4448 205 4531 plenae
231 4450 472 4516 misericordiae
505 4450 621 4514 nuntio
654 4452 755 4516 animi
781 4452 883 4516 vestri
909 4451 945 4515 in
972 4450 1066 4516 laeti-
1118 4448 1330 4514 iudicandum
1357 4457 1421 4528 est,
1450 4471 1514 4532 qua
1534 4449 1700 4514 Dominus
1727 4451 1886 4533 populum
1906 4452 2095 4516 vehementi

91 4535 172 4599 tiam
205 4536 318 4600 diffusi
344 4557 392 4601 me
418 4543 544 4619 patrem
574 4539 717 4602 sentiant.
763 4537 851 4601 Nam
879 4537 946 4602 illic
977 4536 1068 4602 Deae
1118 4542 1209 4617 peste
1231 4534 1349 4619 affligit
1371 4536 1405 4620 (2
1425 4533 1514 4601 Sam.
1535 4539 1586 4614 24,
1609 4536 1672 4617 15),
1693 4537 1733 4601 ob
1750 4536 1890 4603 Davidis
1907 4536 2095 4602 inobedien-

86 4622 193 4701 patrie
214 4622 317 4685 induit
329 4644 506 4703 personam,
529 4644 618 4704 qaem
640 4625 743 4687 iactae
760 4643 878 4703 qaoque
895 4623 1068 4687 secedatis
1119 4620 1215 4700 tiam,
1238 4621 1281 4687 aci
1301 4643 1402 4703 quam
1422 4622 1458 4686 in
1480 4622 1677 4687 recensendo
1698 4623 1768 4704 ipso
1788 4623 1907 4705 populo
1923 4622 2098 4703 prolapsas

87 4708 227 4785 poenitet,
249 4707 305 4772 abi
326 4714 447 4775 mactas
468 4715 512 4775 est
533 4710 677 4791 asperius
698 4709 733 4773 ia
748 4708 852 4790 tiliam
873 4709 1068 4774 animadver-
1117 4708 1229 4789 fuerat.
1272 4707 1359 4772 Nam
1389 4709 1514 4790 peccati
1541 4706 1671 4789 quidem
1698 4730 1819 4773 noxam
1845 4708 1968 4773 Davidi
1994 4711 2097 4792 gratis

91 4797 160 4858 tere.
1118 4792 1260 4873 remisit;
1283 4793 1342 4859 sed
1362 4795 1447 4877 quia,
1471 4800 1542 4857 tum
1564 4792 1606 4858 ad
1627 4794 1794 4876 publicum
1816 4795 1964 4858 omnium
1985 4817 2096 4862 saecu·

1118 4880 1225 4945 lorum
1247 4881 1447 4962 exemplum,
1470 4886 1542 4943 tum
1569 4878 1611 4947 ad
1632 4879 1771 4946 Daridis
1791 4901 1920 4963 quoquo
1941 4881 2097 4948 humilia-

1119 4966 1243 5030 tionem
1264 4964 1458 5048 pertinebat,
1484 4964 1549 5030 talc
1571 4965 1696 5031 facinus
1719 4988 1785 5030 nen
1806 4967 2006 5049 impunitum
2026 4992 2097 5034 ma-

1042 5103 1048 5114 .
1120 5072 1208 5129 nere,
1230 5052 1339 5149 ipsum
1357 5050 1486 5135 flagello
1504 5072 1562 5115 sue
1581 5053 1758 5134 asperrime
1778 5054 1960 5136 castigavit.
1990 5052 2096 5134 Quem

162 5100 190 5167 1)
216 5103 249 5154 In
273 5103 358 5154 Serm.
382 5103 416 5155 de
458 5119 517 5156 oen.
541 5108 570 5155 et
593 5103 768 5157 confessione.
862 5101 892 5169 2)
916 5103 1016 5172 Expos.
1040 5121 1069 5156 m
1383 5139 1389 5151 .
1503 5137 1509 5150 .
1950 5140 1955 5152 .

93 5169 192 5223 Psalm.
212 5170 263 5223 102
280 5169 365 5233 (103,
384 5188 406 5224 o.
424 5119 466 5226 28.
536 5171 567 5240 3)
585 5173 658 5225 libr.
677 5173 712 5226 de
730 5173 835 5226 Peceat.
854 5173 960 5226 meritis
978 5189 1011 5225 ao
1027 5189 1068 5225 re·
1121 5156 1256 5219 80ΟΡΠῙῙῙ
1277 5158 1313 5201 ¹¹¹
1334 5136 1512 5204 umvefflsth
1534 5158 1661 5221 qu⁰qu⁰
1684 5139 1822 5204 hamam
1845 5161 1975 5223 genens
1995 5142 2096 5207 malo·

94 5241 166 5323 miss,
185 5237 209 5292 2,
229 5256 251 5292 o.
270 5238 305 5293 aa
322 5250 351 5294 se
367 5239 408 5294 34,
1122 5220 1262 5288 dictione
1283 5243 1362 5304 prae
1384 5224 1485 5290 oculis
1508 5223 1629 5290 habere
1647 5224 1748 5289 decet
1794 5223 1906 5305 Quum
1927 5226 2016 5291 enim
2035 5229 2097 5293 im·

1835 5325 1893 5378 31*
