4672 5842
61 265 67 282 ’
166 311 246 371 icor
533 393 538 413 Ι
771 263 774 268 ’
809 301 1075 372 marmorio
1098 302 1202 367 ann.
1226 298 1408 365 cumen
1435 305 1525 363 nso.
2093 304 2176 384 roos

163 494 302 570 cludere,
327 493 466 574 nequis,
490 491 568 556 dum
586 491 683 556 fidem
703 493 864 555 nominari
888 492 990 570 audit,
1015 491 1138 555 nudam
1162 496 1165 595 l
1190 489 1431 552 manifestatam
1453 498 1530 554 tuuc
1559 488 1689 553 demum
1712 491 1812 554 fuisse
1839 490 1956 562 vitam,
1986 511 2092 572 quum
2122 512 2172 555 as-

161 578 430 663 imaginationem
455 578 624 660 concipiat.
678 576 743 641 Eos
770 598 839 641 cero
867 579 922 658 qai
946 599 1069 641 coctam
1090 599 1139 667 eo
1190 585 1320 656 sumpta
1343 586 1455 639 nostra
1477 596 1589 652 carue,
1613 576 1700 640 filius
1724 576 1787 641 Dei
1811 599 1845 640 se
1867 576 2044 641 visendum
2067 577 2171 642 oculis

160 667 389 730 laurearum
406 664 720 744 solemprot'essionis
739 669 841 727 uotum
859 684 932 742 esse,
951 684 1139 744 campros
1189 661 1404 741 manibusque
1427 660 1626 742 palpandum
1653 663 1812 744 praebuit.
1857 663 1944 726 Nam
1972 663 2038 728 etsi
2066 665 2172 726 virtu·

159 756 253 815 terec:
275 752 351 832 qaia
372 751 453 813 satis
475 771 581 814 eor-um
603 769 738 813 errorem
759 751 913 830 refutasse
936 750 1013 812 mihi
1036 750 1140 813 catcor
1191 756 1258 811 tem
1285 748 1376 828 prius
1410 768 1537 828 quoque
1566 770 1659 811 suam
1688 750 1723 811 in
1753 756 1918 813 creaturas
1952 748 2170 825 diffundebat,

160 857 257 918 qaum
284 857 405 919 acerem
431 837 468 900 de
496 836 700 899 sacramentis
727 835 762 898 m
786 857 903 918 qemrc.
950 835 1016 898 Hoc
1037 837 1138 899 sclam
1163 888 1165 906 ,
1191 833 1268 914 quia
1294 842 1404 896 tamen
1439 832 1545 908 home,
1574 856 1633 916 per
1661 844 1830 916 peccatum
1853 856 1872 897 a
1894 834 1967 898 Deo
1997 835 2170 911 alienatus,

160 922 318 986 observent
338 923 476 987 lectores:
503 922 578 985 dara
600 920 684 984 colia
712 927 837 985 coeatur
864 922 974 1002 scedas
1001 923 1033 984 m
1065 943 1137 984 saa-
1162 920 1165 1021 j
1190 920 1481 982 communicatione
1503 921 1590 982 vitae
1613 919 1748 1001 perdita,
1773 930 1912 984 mortem
1934 921 2084 1003 undique
2103 944 2171 987 cer-

158 1010 268 1092 par'ae,
292 1009 537 1088 promtissimam
564 1007 702 1087 exprimi
730 1028 810 1087 qaae
837 1008 880 1070 od
907 1007 1000 1085 {idem
1026 1007 1138 1087 confir·
1162 1048 1165 1087 ,
1189 1005 1288 1068 nebat
1310 1005 1371 1068 sibi
1394 1005 1637 1082 imminentem,
1661 1014 1699 1069 ut
1722 1028 1813 1088 spem
1834 1007 2100 1071 immortalitatis
2122 1029 2171 1071 re-

160 1095 311 1159 raucam
335 1095 444 1158 caleat.
482 1092 567 1157 Unde
584 1094 734 1172 aequiter,
753 1095 816 1156 risi
840 1095 874 1155 ia
893 1092 997 1156 Deam
1010 1094 1138 1173 respici-
1161 1092 1165 1177 Ι
1189 1091 1319 1171 ciperet,
1339 1092 1372 1152 in
1392 1092 1461 1153 eius
1479 1089 1570 1154 verbi
1589 1093 1851 1156 communionem
1869 1093 1968 1174 recipi
1988 1093 2172 1174 oportebat

159 1201 241 1258 mas,
264 1187 291 1244 et
313 1180 526 1261 amplectimur
543 1178 625 1259 qaod
641 1179 736 1258 offert,
760 1199 816 1243 uos
837 1199 930 1243 saera
947 1200 1039 1244 coeac
1059 1184 1137 1242 recte
1161 1180 1164 1231 Ι
1190 1174 1393 1255 Quantulam
1412 1177 1499 1239 enim
1517 1176 1671 1242 fiduciam
1688 1179 1764 1241 inde
1782 1178 1953 1261 concipias,
1972 1180 2001 1243 si
2014 1178 2081 1242 Dei
2098 1182 2172 1260 qui·

161 1287 224 1329 aon
245 1268 302 1329 ati.
1161 1236 1164 1337 l
1189 1261 1263 1324 dem
1287 1261 1433 1339 verbum,
1457 1282 1476 1323 a
1498 1284 1560 1343 quc
1583 1265 1819 1328 remotissimus
1842 1266 1895 1339 sis,
1919 1266 2009 1328 vitae
2028 1264 2171 1347 plenitu-

250 1356 277 1415 7.
323 1352 436 1431 Neque
457 1350 506 1413 illi
519 1350 544 1432 ¹)
563 1357 733 1431 praeterea
754 1351 835 1413 mihi
859 1351 1063 1415 satisfaciunt
1081 1352 1136 1433 qui
1161 1342 1163 1433 l
1189 1345 1300 1410 dinem
1321 1349 1356 1410 in
1379 1369 1414 1411 se
1437 1350 1602 1413 continere
1625 1349 1754 1426 audias,
1777 1351 1813 1414 in
1834 1362 1868 1413 te
1891 1365 2005 1414 autem
2038 1352 2112 1432 ipso
2134 1372 2170 1416 ac

161 1438 354 1501 nonnullam
384 1435 475 1500 nobis
506 1457 577 1499 esse
606 1457 681 1499 cum
709 1435 844 1500 Christo
873 1438 1136 1500 communionem
1160 1442 1163 1477 ¹
1188 1435 1439 1515 circumquaque
1462 1435 1545 1497 nihil
1567 1450 1697 1516 praeter
1717 1446 1856 1500 mortem
1880 1442 2027 1500 occurrat
2049 1443 2079 1501 ct-
2102 1445 2170 1501 orte

161 1531 382 1606 agnoscentes,
406 1544 476 1585 cam
502 1521 580 1584 dum
607 1520 779 1586 ostendere
802 1523 930 1598 volunt,
959 1543 1017 1586 nos
1040 1523 1135 1603 spiri·
1187 1520 1290 1583 ocutos
1312 1520 1472 1583 versetur?
1515 1522 1561 1584 At
1583 1543 1676 1597 vero,
1712 1523 1768 1586 ubi
1791 1523 1863 1586 fons
1885 1522 1941 1585 ille
1965 1524 2058 1586 vitae
2079 1523 2167 1588 habi-

160 1616 214 1672 tus
247 1607 343 1671 modo
373 1608 548 1691 participes
576 1608 720 1684 faciunt,
754 1609 930 1689 praeterita
962 1609 1069 1673 caruis
1103 1617 1136 1672 et
1187 1612 1259 1668 tare
1282 1605 1317 1668 in
1345 1627 1443 1669 carne
1471 1622 1582 1670 nostra
1611 1609 1730 1689 coepit,
1758 1609 1823 1672 iam
1846 1629 1913 1673 non
1934 1608 2053 1689 procul
2077 1610 2168 1675 nobis

160 1695 329 1777 sanguinis
351 1695 524 1757 mentione.
570 1691 672 1772 Quasi
700 1715 778 1758 vero
808 1693 864 1756 illa
891 1695 1000 1757 emnia
1023 1693 1063 1757 de
1085 1696 1135 1757 ni·
1188 1691 1397 1755 absconditus
1415 1691 1503 1768 latet,
1527 1693 1583 1757 sed
1603 1715 1713 1758 coram
1735 1715 1769 1759 se
1789 1694 2058 1776 participandum
2077 1697 2166 1760 exhi·

159 1780 227 1845 hilo
246 1780 333 1844 dicta
350 1780 465 1857 forent,
489 1800 621 1843 carnem
638 1779 709 1843 eius
727 1800 803 1842 vere
826 1800 896 1843 osse
919 1781 1035 1857 cibum,
1060 1801 1135 1843 san·
1160 1840 1162 1847 ,
1187 1775 1249 1839 bct.
1296 1775 1386 1856 Quin
1410 1787 1443 1841 ct
1464 1780 1579 1860 ipsam,
1602 1781 1637 1842 in
1660 1802 1724 1861 qua
1747 1780 1876 1856 residet,
1900 1802 2038 1845 carnem
2064 1783 2166 1846 virifi-

159 1867 294 1949 guinem
316 1867 385 1929 eius
402 1887 479 1929 vere
495 1887 565 1929 esse
587 1871 715 1947 potum;
735 1887 801 1928 non
820 1865 940 1930 habere
958 1866 1060 1930 vitam
1072 1867 1135 1929 nisi
1160 1862 1163 1943 l
1187 1883 1259 1925 carn
1281 1862 1374 1926 nobis
1397 1862 1522 1940 reddit,
1546 1873 1582 1928 ut
1604 1866 1674 1930 eius
1696 1867 1944 1949 participatione
1967 1867 2011 1930 ad
2034 1869 2166 1931 immor·

160 1953 215 2033 qui
238 1973 369 2016 carnem
391 1951 482 2014 illam
503 1950 752 2015 manducaverit
774 1960 807 2015 et
829 1952 1024 2034 sanguinem
1046 1950 1135 2015 bibe-
1160 1946 1163 1951 ’
1187 1949 1347 2013 talitatcm
1371 1968 1550 2030 pascamur.
1596 1952 1668 2034 Ego
1691 1975 1779 2027 snm,
1803 1953 1925 2034 inquit,
1951 1954 2052 2034 panis
2082 1954 2164 2019 vitae

160 2039 219 2113 rit,
248 2052 282 2100 et
305 2058 388 2119 quac
411 2037 525 2101 eodem
547 2037 720 2117 pertinent
766 2035 892 2116 Quare,
922 2037 949 2101 si
973 2038 1060 2100 ultra
1081 2060 1135 2101 eo·
1187 2035 1243 2114 qui
1262 2033 1302 2098 de
1321 2035 1410 2098 coelo
1433 2035 1600 2114 descendi;
1618 2049 1651 2100 ct
1669 2040 1763 2119 panis
1780 2060 1877 2120 quem
1896 2059 1958 2122 ego
1978 2037 2076 2117 dubo,
2096 2061 2165 2104 caro

160 2144 235 2187 rum
265 2122 514 2204 descriptionem
542 2123 591 2206 (at
620 2124 717 2186 ramis
743 2125 886 2187 restricto
908 2123 966 2206 est)
996 2123 1134 2186 solidam
1187 2141 1262 2183 mea
1292 2130 1355 2196 θεῖ,
1385 2141 1485 2202 quam
1506 2144 1566 2205 ego
1589 2123 1672 2187 dabo
1695 2144 1754 2206 pro
1788 2124 1901 2188 mundi
1934 2125 2007 2188 vita
2037 2126 2163 2207 (Ioann

160 2207 286 2274 Christi
321 2210 582 2275 communionem
616 2207 768 2291 progredi
796 2218 939 2286 constat,
968 2230 1135 2291 quousque
1189 2213 1217 2280 ti,
1230 2208 1394 2288 laetor).
1435 2206 1563 2286 Quibus
1581 2211 1690 2274 verbis
1708 2209 1811 2287 docet,
1832 2232 1899 2274 non
1907 2209 2164 2276 modosevitam

160 2303 274 2377 pateat
302 2304 335 2358 et
362 2315 432 2359 sese
460 2294 619 2376 proferat,
649 2296 760 2377 paucis
787 2297 1003 2377 perstringere
1029 2317 1136 2377 appre-
1187 2312 1266 2368 esse,
1290 2304 1451 2373 quatenus
1480 2315 1587 2358 sermo
1608 2304 1658 2360 θεῖ
1680 2295 1743 2359 Dei
1766 2304 1927 2374 aeternus,
1957 2299 2014 2379 qui
2038 2319 2058 2361 θ
2081 2299 2164 2363 coelo

161 2381 252 2459 dior,
280 2386 445 2461 antequem
472 2381 510 2444 de
536 2382 690 2444 ccrrtrarr'c
717 2382 791 2445 citio
812 2402 952 2445 exemeras
973 2381 1065 2444 cerba
1085 2382 1135 2461 sa·
1188 2377 1229 2440 ad
1263 2399 1321 2441 nos
1350 2377 1532 2456 deseendit,
1556 2382 1613 2444 sed
1646 2381 1871 2447 descendendo
1906 2383 1974 2448 vim
2002 2385 2103 2448 istam
2134 2386 2164 2448 in

161 2467 252 2530 eiam.
296 2466 371 2529 Erit
397 2467 478 2529 enim
500 2466 579 2529 milri
607 2466 726 2548 lorrpr'or
753 2487 822 2530 carn
842 2467 1047 2549 hyperbolicis
1068 2468 1135 2530 dcc-
1187 2485 1320 2528 carnem
1342 2485 1441 2545 quam
1459 2465 1575 2543 induit,
1595 2467 1772 2545 (Effodisse,
1792 2478 1828 2532 ut
1846 2467 1984 2533 indeed
2002 2491 2065 2533 nos
2084 2472 2164 2534 vitae

160 2552 280 2616 toribus
308 2552 492 2633 caecato,
521 2553 576 2632 qui
608 2553 683 2615 dam
699 2574 760 2632 pro
782 2574 842 2616 saro
863 2554 1006 2617 crassitie
1027 2553 1137 2617 absar-
1187 2550 1438 2614 commuuicatic
1460 2565 1677 2632 promanaret.
1722 2554 1811 2619 Hinc
1834 2563 1867 2617 et
1888 2554 1945 2618 illa
1966 2556 2032 2618 iam
2053 2577 2166 2621 cousc-

160 2639 237 2702 dam
270 2639 379 2702 edendi
407 2642 434 2701 et
462 2637 584 2701 biberrda'
612 2639 736 2701 credam
768 2639 938 2720 fabricant,
977 2638 1137 2703 Christum
1187 2648 1351 2716 quuntur,
1381 2637 1468 2717 quod
1500 2659 1576 2702 caro
1604 2640 1674 2704 eius
1702 2662 1778 2704 vere
1811 2651 1862 2704 est
1890 2641 1992 2715 cibus,
2025 2643 2166 2723 sanguis

160 2744 278 2806 quoque
297 2743 391 2787 carae
411 2745 472 2789 sao
493 2728 618 2787 erutam
635 2725 671 2786 ia
687 2723 880 2805 plmrrtcsma
900 2726 1135 2806 trorefiparont.
1160 2746 1163 2803 ι
1187 2723 1257 2785 eius
1278 2742 1355 2785 vere
1378 2732 1427 2785 est
1445 2734 1549 2805 potus,
1568 2726 1685 2806 quibus
1704 2726 1870 2790 alimentis
1888 2728 1919 2790 in
1936 2726 2035 2789 vitam
2054 2738 2165 2790 aeter-

161 2807 199 2874 Si
223 2823 332 2874 tamen
360 2810 436 2874 ullis
464 2810 572 2875 verbis
594 2811 763 2892 complecti
790 2820 920 2873 tantum
942 2811 1136 2893 mysterium
1161 2832 1163 2881 ;
1187 2829 1263 2870 nrum
1287 2806 1399 2871 fideles
1421 2808 1609 2874 educantur.
1656 2812 1697 2874 In
1720 2812 1782 2877 hoc
1810 2833 1890 2895 ergo
1915 2811 1976 2876 sita
2002 2813 2067 2893 piis
2092 2813 2166 2875 exi·

160 2894 269 2971 liceat,
291 2895 375 2977 quod
399 2918 441 2959 ue
463 2896 572 2958 animo
595 2895 726 2978 quidem
748 2898 827 2961 satis
849 2918 902 2960 me
924 2895 1136 2977 comprehen·
1161 2904 1163 2961 l
1187 2894 1255 2956 min
1282 2894 1473 2971 consolatio,
1504 2894 1590 2977 quod
1612 2897 1715 2960 vitam
1738 2900 1770 2960 in
1801 2899 1934 2980 propria
1955 2919 2053 2962 carne
2077 2918 2166 2962 nunc

160 2981 237 3044 dere
270 2981 379 3057 video,
410 2992 442 3045 et
476 2981 616 3045 libenter
644 2981 715 3045 ideo
744 2984 862 3058 fateor,
891 3005 932 3046 ne
965 2984 1037 3063 quis
1065 2983 1136 3045 cius
1161 2966 1164 3011 ¹
1188 2979 1364 3060 reperiunt.
1410 2981 1467 3043 aie
1490 2983 1578 3044 enim
1601 3003 1669 3046 non
1688 2984 1785 3047 modo
1808 2985 1896 3049 facili
1918 2982 1962 3046 ad
1978 3002 2053 3048 eam
2076 2984 2165 3048 aditu

160 3067 395 3131 sublimitatem
413 3068 567 3131 infantiae
588 3089 680 3131 meae
698 3068 829 3132 modulo
851 3070 1013 3132 metiatur.
1044 3066 1135 3147 Quin
1161 3094 1163 3107 =
1187 3075 1370 3145 penetrant,
1390 3065 1447 3129 sed
1459 3067 1545 3130 ultro
1564 3068 1625 3131 sibi
1645 3072 1826 3151 expositam
1838 3070 2016 3135 etobsiam
2034 3070 2164 3136 habent

159 3153 267 3235 potius
288 3152 425 3217 lectores
444 3153 565 3230 hortor,
596 3176 636 3217 ne
659 3155 747 3217 intra
768 3156 846 3218 istos
869 3155 1009 3217 nimium
1032 3175 1136 3236 angu-
1161 3140 1163 3191 l
1188 3150 1306 3214 Cordis
1339 3153 1448 3215 sinum
1481 3162 1610 3217 tantum
1642 3155 1840 3236 protendant
1867 3177 1933 3238 quo
1960 3171 2164 3238 praesentem

160 3247 227 3303 εῖοε
249 3240 341 3315 fines,
365 3241 484 3302 montis
504 3257 639 3303 sensum
657 3241 860 3319 contineant;
883 3239 940 3303 sod
963 3241 1065 3302 multo
1088 3240 1137 3302 al·
1161 3236 1164 3313 l
1188 3237 1426 3319 amplexentur,
1451 3250 1484 3301 et
1506 3260 1577 3303 eam
1600 3241 1802 3306 obtinebunt.

160 3326 226 3388 tiu-r
249 3346 419 3407 assurgere
441 3323 647 3402 contendant,
671 3347 769 3408 quam
787 3347 859 3390 meo
877 3325 977 3391 ductu
1000 3327 1134 3407 possint
1161 3326 1164 3375 l
1275 3330 1302 3385 a.
1348 3324 1423 3387 Etsi
1444 3336 1555 3388 autem
1577 3334 1704 3391 tantam
1727 3349 1797 3391 aso
1818 3330 1890 3409 ipsa
1911 3329 2075 3392 virtutem
2104 3349 2163 3392 uon

160 3409 247 3473 Nam
266 3432 326 3493 ego
345 3412 422 3493 ipse,
443 3413 568 3492 qmrties
588 3411 648 3474 hoc
667 3411 707 3474 de
725 3434 760 3475 re
779 3433 885 3477 sermo
907 3421 966 3485 cst,
990 3413 1045 3476 ubi
1067 3434 1135 3475 om·
1161 3414 1164 3463 l
1190 3408 1289 3472 habet
1311 3408 1437 3472 Christi
1459 3431 1549 3486 caro,
1573 3423 1611 3474 ut
1632 3435 1691 3477 nos
1713 3415 1876 3489 vivificet,
1899 3436 1986 3496 quae
2009 3431 2045 3478 et
2066 3417 2165 3497 prima

161 3497 216 3559 nia
234 3495 341 3560 dicero
358 3510 495 3561 conatus
514 3519 595 3571 sum,
619 3518 736 3578 parum
759 3496 866 3562 adhuc
884 3498 966 3561 mihi
988 3519 1048 3580 pro
1066 3499 1136 3562 eius
1162 3504 1164 3531 ¹
1188 3516 1248 3557 sua
1271 3494 1455 3559 conditione
1478 3498 1669 3562 mortalitati
1691 3500 1830 3564 obnoxia
1852 3501 1924 3576 fuit,
1945 3509 1978 3564 et
1997 3524 2088 3566 nunc
2110 3503 2163 3564 im·

161 3580 319 3664 dignitate
358 3580 479 3645 dixisse
515 3582 634 3646 videor.
686 3581 882 3664 Quanquam
911 3592 1020 3648 autem
1049 3585 1136 3666 cogi·
1161 3540 1164 3641 l
1188 3580 1385 3645 mortalitate
1417 3583 1565 3662 praedita
1589 3606 1648 3666 per
1678 3606 1712 3650 se
1741 3608 1808 3649 non
1834 3587 1932 3664 ririt3
1962 3588 2038 3652 iure
2060 3597 2163 3652 tamen

160 3667 261 3731 tando
284 3670 413 3733 animus
436 3668 510 3750 plus
532 3667 625 3745 valet,
649 3690 747 3750 quam
775 3669 887 3752 lingua
913 3669 1135 3752 exprimendc,
1188 3667 1319 3732 vivifica
1341 3666 1462 3731 dicitur
1484 3690 1568 3751 quae
1595 3673 1682 3734 vitae
1713 3670 1919 3753 plenitudine
1947 3674 2085 3754 perfusa
2110 3682 2162 3747 est.

160 3754 207 3817 rei
236 3762 347 3817 tamen
370 3753 597 3837 magnitudine
624 3754 680 3817 ille
708 3776 834 3837 quoquc
857 3756 1003 3821 vincitur
1025 3765 1058 3819 et
1079 3757 1135 3819 ob·
1161 3794 1164 3849 5
1189 3774 1287 3833 quam
1310 3753 1352 3816 ad
1374 3774 1433 3817 nos
1453 3757 1699 3821 transmitteret
1745 3758 1785 3820 In
1808 3779 1905 3839 quem
1929 3780 2067 3824 sensum
2090 3756 2163 3822 illud

161 3840 277 3903 ruitur.
328 3840 445 3921 Itaque
466 3840 549 3903 nihil
573 3839 704 3903 demum
727 3852 829 3905 restat
857 3842 921 3904 nisi
945 3850 982 3905 ut
1008 3841 1043 3904 in
1066 3843 1135 3905 cius
1161 3860 1164 3873 ·
1189 3838 1314 3903 Christi
1337 3839 1461 3904 dictum
1483 3863 1558 3907 cum
1580 3841 1705 3927 Cyrillo
1725 3845 1938 3925 interpretor:
1962 3847 2052 3909 siout
2076 3858 2164 3928 pater

44 3942 48 3949 ·
160 3924 312 4006 mysterii
338 3924 586 3990 admirationem
612 3946 839 4008 prorumpam,
873 3928 927 3989 cui
955 3949 1015 3991 nee
1042 3949 1135 3991 mens
1189 3926 1293 3989 vitam
1315 3924 1414 3989 habet
1442 3927 1475 3988 in
1503 3930 1692 4011 semetipso,
1716 3931 1762 3994 ita
1790 3939 1824 3994 θῖ
1849 3930 1919 3994 filio
1947 3930 2042 3995 dedit
2068 3933 2165 3995 ritam

161 4009 258 4090 plano
291 4009 478 4086 conando,
513 4032 573 4076 nec
606 4012 720 4094 lingua
752 4012 961 4096 explicando.
977 4033 1037 4095 por
1065 4035 1135 4077 csse
1188 4009 1309 4074 habero
1327 4011 1362 4073 in
1381 4013 1554 4094 semetipso
1578 4014 1705 4098 (Ioann.
1730 4022 1758 4094 5,
1778 4016 1844 4096 26).
1882 4016 1958 4082 Illic
1982 4019 2070 4082 enim
2091 4036 2165 4098 pro-

160 4103 278 4177 pctest
323 4065 513 4161 Contentiae
543 4105 656 4162 tumen
678 4119 769 4163 meae
791 4120 954 4163 summam
973 4118 1136 4181 exponam
1187 4097 1257 4178 prie
1285 4096 1325 4158 de
1353 4097 1421 4160 suis
1449 4095 1578 4164 dotibus
1611 4100 1755 4180 disserit,
1790 4123 1858 4166 non
1888 4122 1973 4185 quas
2004 4105 2044 4168 ab
2073 4103 2165 4166 initio

160 4190 341 4263 utcunque:
365 4204 463 4264 quam
484 4192 521 4247 ut
542 4185 625 4248 nihil
646 4184 757 4248 dubito
775 4207 889 4249 veram
906 4206 985 4262 esse,
1006 4186 1053 4248 ita
1074 4187 1137 4267 piis
1188 4182 1275 4264 apud
1295 4190 1424 4265 patrem
1446 4184 1646 4265 possidebat,
1670 4188 1726 4252 sed
1748 4189 1866 4270 quibus
1886 4198 2031 4255 ornatus
2050 4189 2114 4255 fuit
2133 4190 2165 4253 iu

160 4268 346 4350 pectoribus
368 4290 434 4332 non
453 4270 672 4351 improbatum
695 4271 735 4332 iri
759 4269 895 4335 confido.
1188 4290 1227 4333 ca
1248 4269 1319 4350 ipsa
1340 4290 1439 4333 carne
1460 4270 1496 4334 iu
1519 4293 1584 4352 qua
1604 4275 1770 4356 apparuit3
1791 4273 1928 4357 proinde
1946 4275 1985 4339 in
2011 4298 2072 4341 sua
2094 4297 2166 4359 quo·

246 4359 275 4418 8.
294 4355 444 4419 Primum
464 4356 612 4418 omnium
630 4376 648 4418 θ
667 4358 837 4438 scripturis
856 4357 1018 4435 docemur,
1038 4357 1136 4422 Chri·
1188 4377 1250 4438 quc
1271 4354 1476 4419 humanitate
1494 4358 1831 4440 vitaeplenitudinem
1842 4359 1997 4426 habitare
2009 4362 2166 4428 ostendit:

160 4447 248 4504 stum
270 4439 310 4503 ab
331 4441 424 4504 initio
453 4441 621 4506 vivificum
643 4441 724 4505 illud
744 4445 847 4524 patris
868 4444 1006 4507 verbum
1027 4444 1135 4522 brisso,
1189 4452 1226 4506 ut
1254 4441 1400 4524 quisquis
1428 4444 1519 4506 carni
1550 4466 1629 4509 suae
1659 4467 1697 4511 ac
1726 4446 1878 4529 sanguini
1908 4451 2168 4520 communicarit

160 4527 248 4590 vitae
277 4525 400 4590 fontem
421 4534 455 4590 et
476 4527 651 4609 originem,
674 4528 761 4591 unde
789 4530 900 4592 omnia
927 4537 965 4592 ut
985 4531 1137 4594 viverent
1188 4528 1277 4593 vitae
1299 4527 1546 4610 participatione
1568 4531 1666 4595 simul
1688 4532 1825 4597 fruatur.
1866 4531 1908 4596 Id
1925 4535 2029 4614 quale
2051 4537 2106 4613 sit,
2128 4536 2170 4601 la·

161 4633 291 4694 semper
313 4621 516 4695 acceperunt
552 4611 664 4692 Quare
683 4614 824 4679 Ioannes
842 4635 930 4678 nunc
953 4637 1137 4680 sermonem
1189 4614 1312 4678 miliari
1349 4615 1499 4697 exemplo
1542 4619 1706 4700 explicare
1738 4619 1821 4683 licet
1879 4616 2171 4698 Quemadmodum

161 4699 250 4762 ritae
267 4708 437 4781 nuncupat
460 4700 491 4784 (l
517 4699 630 4763 Ioann.
655 4704 680 4777 l,
706 4699 754 4783 1),
777 4722 864 4766 nunc
886 4702 921 4765 in
943 4702 1013 4783 ipso
1035 4702 1138 4765 vitam
1190 4703 1277 4765 enim
1296 4699 1415 4763 efonte
1433 4722 1518 4784 aqua
1534 4725 1621 4770 nunc
1639 4704 1772 4781 bibitur,
1791 4726 1879 4769 nunc
1898 4704 2071 4786 hauritur,
2090 4729 2171 4775 nuuc

161 4785 261 4849 fuisse
284 4783 397 4848 scribit
419 4787 548 4870 (locun.
579 4790 610 4859 l,
637 4786 687 4868 4),
711 4787 899 4869 significans
922 4787 1016 4850 illum
1038 4787 1138 4851 etiam
1163 4778 1165 4817 ¹
1189 4810 1249 4870 per
1278 4786 1407 4851 canales
1437 4788 1614 4871 irrigandis
1642 4792 1731 4874 agris
1758 4789 1947 4870 deducitur,
1979 4797 2041 4876 qui
2067 4812 2172 4862 mmm

160 4877 231 4933 tum
260 4879 429 4935 creaturas
454 4892 566 4936 omnes
593 4872 801 4949 influentem,
828 4874 898 4937 vim
925 4872 1073 4954 spirandi
1100 4895 1137 4939 ac
1189 4896 1256 4938 non
1278 4894 1298 4936 a
1319 4892 1354 4935 ee
1374 4874 1445 4955 ipso
1468 4875 1625 4941 exuberat
1645 4878 1681 4941 in
1699 4885 1748 4942 tot
1765 4897 1854 4953 usus,
1874 4877 1932 4941 sed
1951 4878 2095 4966 abipsa
2112 4904 2173 4950 sm

161 4955 295 5020 vivendi
317 4957 364 5020 cis
385 4957 571 5022 instillasse.
617 4957 711 5022 Idem
732 4966 843 5023 tamen
865 4969 979 5042 postea
997 4959 1136 5036 subiicit,
1189 4961 1347 5043 turigino,
1369 4980 1451 5040 quae
1478 4964 1615 5043 perenni
1643 4965 1736 5027 fluxu
1758 4983 1879 5027 novam
1906 4963 2056 5034 subinde
2081 4969 2173 5054 largi

1190 5053 1292 5110 tatem
1313 5043 1362 5108 illi
1384 5046 1504 5110 sufficit
1531 5069 1568 5112 ac
1595 5050 1836 5126 subministrat,
1859 5049 1910 5114 ita
1936 5049 2076 5120 Christi
2106 5075 2173 5123 cart

734 5195 735 5199 ,
1189 5134 1295 5197 instar
1316 5132 1415 5195 fontis
1437 5141 1487 5197 θεῖ
1508 5132 1619 5199 divitis
1640 5144 1674 5201 et
1694 5135 1892 5214 inexhausti,
1939 5158 2007 5204 uae
2030 5144 2174 5208 vitame

232 5225 261 5293 1)
278 5229 373 5299 utque
392 5230 464 5282 enim
483 5230 557 5282 rem.
577 5230 652 5285 1617.
706 5297 709 5302 ,
940 5291 944 5297 ,
987 5294 992 5305 .
1190 5217 1361 5282 dramate
1383 5218 1418 5279 in
1446 5219 1608 5300 seipsam
1637 5222 1870 5287 scaturientem
1973 5248 2040 5295 nos
2073 5246 2174 5297 trane
