4672 5842
241 315 300 376 tar
2161 293 2165 303 ’
2187 309 2248 371 rsa

888 300 1154 370 INSTPPUTIO
1175 303 1280 368 BEL.
1302 302 1483 368 enulae.
1507 307 1598 367 1559.

240 503 282 567 ab
311 498 489 583 Augustini
504 497 527 578 ¹)
556 501 667 557 mente
689 493 800 576 procul
832 492 939 570 abest,
974 514 993 555 a
1020 514 1083 574 quo
1106 502 1215 556 tamen
1268 493 1559 576 misAugustinus,
1577 492 1633 573 qui
1651 514 1717 556 non
1736 491 1866 559 dubitat
1883 516 2017 559 servum
2035 495 2206 578 appellare.
2221 496 2246 579 ι)

240 588 416 669 sumpsisse
445 583 653 666 partitionem
681 579 785 644 videri
814 579 887 642 vult
914 577 1130 643 Lombardus.
1175 579 1216 642 In
1269 577 1399 643 Alicubi
1421 588 1590 643 succenset
1611 578 1770 644 adversus
1801 601 1856 644 eos
1884 582 1940 663 qui
1964 580 2102 646 liberum
2124 592 2248 665 negant

240 672 381 740 seeundo
401 668 547 734 membre
569 667 767 748 ambiguitas
789 687 841 728 me
859 664 1009 742 offendit,
1038 687 1121 747 quae
1142 686 1216 746 per·
1269 665 1442 729 arbitrium
1449 689 1457 742 ;
1480 663 1537 728 sed
1558 666 1768 747 praecipuam
1789 668 1949 731 rationem
1971 667 2123 745 declarat,
2146 689 2248 750 quum

240 780 369 824 versam
399 757 513 840 genuit
545 753 856 834 interpretationem.
902 750 980 814 Ideo
1008 752 1096 815 euim
1122 762 1216 833 puta·
1269 750 1363 832 ait²l
1391 759 1520 814 tantum
1549 772 1591 813 ne
1620 750 1740 815 audeat
1767 753 1938 834 quisquam
1965 753 2012 818 sic
2040 774 2161 836 negare
2191 775 2248 818 vo·

240 854 320 909 runt
342 865 401 907 nos
424 840 585 906 secundae
607 839 672 902 Dei
694 838 818 920 gratiae
840 839 1020 918 cooperari,
1049 836 1136 918 quod
1158 858 1216 900 no·
1242 884 1244 927 Ι
1269 835 1406 899 luntatis
1429 835 1614 914 arbitrium,
1641 847 1678 899 ut
1697 837 1777 901 velit
1798 860 1955 904 excusare
1977 847 2155 921 peccatum,
2201 841 2249 904 At

240 931 302 997 stri
324 931 406 993 iuris
429 929 471 992 sit
492 927 632 1008 primam
655 924 796 1007 gratiam
819 922 872 986 vel
890 923 1071 1004 respuendo
1089 924 1217 986 irritam
1242 938 1245 975 ι
1269 932 1356 986 certe
1380 921 1456 986 alibi
1466 923 1495 1007 ὃ)
1517 923 1648 999 latetur,
1677 924 1748 987 sine
1776 925 1893 1006 spiritu
1920 947 1984 988 non
2010 946 2081 989 esse
2109 925 2248 989 liberam

239 1018 355 1092 facere,
386 1014 437 1079 vel
465 1010 654 1076 obedienter
681 1008 844 1090 sequendo
873 1010 1074 1074 confirmare.
1120 1007 1216 1088 Quod
1270 1007 1413 1072 hominis
1440 1008 1655 1084 voluntatem,
1686 1030 1786 1090 quum
1815 1011 2047 1092 cupiditatibus
2073 1012 2248 1077 vincienti-

241 1111 336 1168 autor
364 1101 470 1183 operis
500 1096 735 1162 devocatione
762 1095 910 1176 gentium
939 1096 984 1159 sic
1005 1094 1217 1178 exprimite&
1270 1094 1330 1158 bus
1351 1115 1388 1157 ae
1410 1094 1615 1158 vincentibus
1634 1095 1765 1159 subdita
1791 1097 1842 1159 sit.
1886 1097 1980 1173 Item,
1993 1097 2022 1180 ⁴)
2055 1098 2141 1162 victa
2167 1097 2248 1162 vitio
2305 1099 2308 1106 '

241 1189 381 1258 liberum
394 1207 473 1261 esse,
495 1184 534 1248 iis
556 1184 611 1264 qui
633 1181 770 1244 rationis
792 1180 910 1247 iudicio
933 1190 1081 1256 utuntur,
1105 1202 1217 1263 agra·
1270 1180 1305 1242 in
1326 1179 1413 1261 quod
1435 1177 1552 1244 cecidit
1579 1180 1761 1257 volunta-te,
1791 1182 1934 1264 coepisse
1963 1203 2076 1248 carere
2096 1183 2247 1248 libertate

243 1276 290 1338 tia
312 1272 492 1347 discedere3
519 1281 557 1332 ιιι
587 1289 652 1331 ιιοιι
677 1265 863 1332 discessisse
891 1268 934 1331 sit
954 1268 1151 1348 praemium,
1186 1277 1219 1329 et
1270 1273 1432 1329 naturam.
1488 1265 1588 1343 Item,
1603 1267 1631 1350 ι’>)
1667 1267 1841 1345 hominem,
1873 1267 1974 1332 libero
1996 1269 2130 1332 arbitrio
2162 1268 2248 1333 male

241 1369 282 1425 ιιι
313 1358 399 1441 quod
431 1379 494 1421 non
527 1362 634 1437 potest
665 1353 728 1417 nisi
761 1353 878 1434 spiritu
911 1362 1104 1435 cooperante
1137 1353 1216 1430 fieri,
1270 1372 1376 1428 usum,
1400 1359 1433 1414 ct
1453 1373 1488 1415 se
1509 1360 1543 1414 et
1564 1352 1737 1416 arbitrium
1760 1375 1857 1417 suum
1880 1353 2067 1436 perdidisse.
2112 1355 2207 1432 Item,
2219 1356 2248 1438 6)

242 1467 355 1510 eorum
382 1443 506 1512 meritis
536 1440 712 1521 deputetur
738 1459 877 1519 quorum
905 1439 938 1502 id
967 1440 1072 1521 potuit
1104 1439 1217 1503 volun·
1271 1436 1410 1501 libemm
1444 1438 1616 1502 arbitrium
1645 1440 1861 1520 captivatum,
1897 1462 1938 1504 ne
1965 1440 2043 1522 quid
2070 1441 2172 1522 possit
2206 1439 2249 1506 ad

242 1539 310 1596 tate
338 1552 401 1594 non
429 1528 510 1592 fieri.
556 1525 648 1589 Haec
673 1523 736 1587 duo
764 1533 878 1589 notare
906 1526 1011 1590 obiter
1038 1525 1147 1600 libuit,
1182 1533 1219 1587 ut
1271 1524 1440 1587 iustitiam.
1475 1523 1580 1600 .Item,
1591 1522 1618 1606 ⁷)
1641 1524 1780 1589 liborum
1803 1547 1869 1589 non
1890 1526 1967 1605 fore,
1990 1526 2077 1608 quod
2099 1548 2165 1590 non
2184 1528 2249 1591 Dei

241 1617 354 1682 videas
381 1616 446 1678 iam
475 1614 576 1677 lector
603 1619 762 1692 quantum
791 1633 811 1674 a
832 1611 1016 1675 sanioribus
1039 1610 1218 1675 Scholasti·
1272 1610 1378 1692 gratia
1405 1608 1602 1673 liberaverit.
1647 1610 1742 1689 Item,
1750 1610 1780 1692 ὅ)
1814 1611 1972 1676 iustitiam
2000 1613 2063 1676 Dei
2091 1633 2158 1676 non
2187 1615 2250 1676 im.

241 1704 289 1768 ois
311 1700 510 1765 dissentiam.
556 1697 720 1779 Longiore
751 1697 839 1759 enim
868 1697 1041 1761 intervallo
1064 1719 1084 1759 a
1106 1718 1218 1761 recen-
1271 1696 1369 1777 pleri,
1401 1716 1501 1776 quum
1528 1695 1582 1760 lex
1604 1696 1708 1773 iubet,
1734 1703 1767 1760 et
1794 1697 1892 1761 homo
1919 1699 2012 1780 quasi
2034 1699 2103 1762 suia
2125 1697 2250 1764 viribus

240 1787 377 1852 tioribus
399 1785 552 1867 sophistis
575 1782 699 1857 differo,
722 1790 844 1863 quanto
867 1783 991 1849 scilicet
1013 1805 1032 1847 a
1054 1790 1219 1846 vetustate
1271 1782 1361 1859 facit;
1393 1780 1450 1843 sed
1483 1802 1584 1862 quum
1617 1783 1750 1863 spiritus
1779 1782 1913 1847 adinum
1943 1793 1977 1848 et
2008 1783 2150 1849 hominis
2183 1806 2249 1849 110„

240 1874 370 1956 longius
387 1872 622 1936 abscesserunt.
656 1867 840 1949 Utcunque,
863 1891 904 1934 er
930 1870 990 1934 hac
1012 1879 1122 1933 tamen
1145 1889 1219 1950 par·
1271 1867 1382 1941 libera,
1406 1865 1463 1930 sed
1485 1888 1505 1930 a
1527 1867 1598 1931 Deo
1621 1868 1757 1932 liberata
1779 1869 1932 1934 voluntas
1955 1870 2151 1952 obsequitur.
2187 1871 2250 1934 At·

241 1961 356 2024 titione
389 1956 604 2040 intelligimus
637 1975 702 2035 qua
732 1954 858 2019 ratione
896 1954 1037 2019 liberum
1071 1954 1221 2018 dederint
1271 1975 1334 2035 que
1357 1952 1475 2016 horum
1497 1953 1645 2017 omnium
1668 1953 1827 2018 rationem
1846 1955 1988 2019 breviter
2006 1954 2121 2032 reddit,
2144 1977 2248 2038 quum

241 2045 415 2110 arbitrium
438 2042 572 2105 homini.
618 2040 817 2103 Pronuntiat
846 2043 933 2106 enim
962 2041 1096 2105 tandem
1119 2041 1219 2104 Lom-
1272 2039 1348 2104 alibi
1358 2038 1386 2122 ⁹)
1409 2038 1529 2115 scribit,
1553 2039 1719 2104 hominem
1740 2061 1878 2123 magnas
1896 2040 1989 2106 liberi
2012 2041 2139 2106 arbitrii
2160 2043 2248 2107 vires

239 2130 411 2213 bardusl)
433 2150 500 2191 non
514 2127 615 2192 ⁴liberi
636 2126 762 2190 arbitrii
783 2126 856 2190 ideo
879 2150 938 2193 nos
961 2149 1041 2205 esse,
1064 2126 1149 2209 quo'd
1178 2124 1219 2188 ad
1273 2146 1377 2207 quum
1399 2124 1593 2189 conderetur
1615 2127 1787 2206 accepisse,
1817 2126 1873 2190 sed
1896 2127 2060 2209 peccando
2090 2129 2247 2193 amisisse.

241 2217 364 2281 bonum
398 2223 431 2279 et
464 2213 603 2287 malum,
637 2211 690 2276 vel
727 2212 891 2294 agendum
915 2215 968 2278 vel
1000 2212 1218 2296 cogitandum,
1271 2211 1387 2292 Itaque
1420 2210 1510 2288 alibi,
1525 2210 1566 2294 ¹⁰)
1604 2220 1775 2293 postquam
1815 2212 1958 2276 ostendit
1989 2214 2129 2278 hberum
2163 2215 2250 2279 arbi·

241 2321 404 2386 peraeque
432 2299 626 2381 polleamus,
661 2297 717 2362 sed
746 2297 908 2363 duntaxat
941 2299 1027 2381 quod
1055 2300 1219 2364 coactione
1272 2297 1373 2360 trium
1396 2297 1548 2362 constitui
1571 2298 1806 2380 pergratiam,
1834 2300 1954 2363 acriter
1981 2299 2016 2362 in
2044 2321 2098 2364 θος
2120 2299 2249 2364 invehi.

243 2388 340 2453 soluti
362 2407 483 2451 sumus.
530 2382 623 2464 Quae
647 2382 779 2448 libertas
800 2406 865 2448 non
883 2385 1068 2467 impeditur,
1092 2384 1224 2467 etiamsi
1273 2389 1336 2459 tur,
1369 2383 1427 2464 qui
1449 2383 1510 2447 sibi
1542 2382 1624 2447 illud
1657 2394 1814 2466 arrogant
1846 2385 1916 2448 sine
1939 2386 2054 2468 gratia
2099 2385 2147 2451 Ut
2170 2386 2249 2467 quid

243 2473 338 2557 pravi
361 2473 472 2545 simus,
495 2478 529 2534 et
550 2469 636 2535 servi
655 2470 788 2550 peccat-i,
813 2480 845 2534 ct
863 2471 945 2535 nihil
970 2493 1069 2553 quam
1086 2490 1220 2552 peecare

287 2580 414 2623 ssimus.

243 2580 285 2643 po
331 2649 358 2707 7.
403 2642 517 2708 Liberi
539 2662 617 2723 ergo
641 2640 768 2704 arbitrii
789 2641 843 2706 hoc
864 2643 952 2706 morto
973 2643 1093 2707 dicetur
1114 2642 1219 2720 homo,

242 2731 408 2813 nunquia
437 2728 573 2792 liberam
598 2726 718 2790 habeat
747 2727 824 2791 boni
852 2749 954 2810 aeque
976 2750 1014 2793 ac
1036 2729 1114 2791 mali
1137 2727 1220 2792 elec·

242 2817 375 2891 tionem,
399 2814 457 2880 sed
475 2815 553 2895 quia
571 2812 656 2877 male
675 2813 845 2878 voluntate
863 2815 941 2897 agit,
961 2836 1027 2878 non
1046 2814 1219 2879 coactione.

242 2901 376 2985 Optime
398 2901 432 2965 id
454 2899 601 2982 quidem;
625 2898 682 2962 sed
704 2920 859 2981 quorsum
883 2900 1042 2963 attinebat
1061 2921 1131 2963 rem
1148 2906 1221 2963 tan·

242 2988 348 3052 tulam
370 2987 449 3050 adeo
472 2985 612 3068 superbo
635 2984 729 3047 titulo
750 2985 930 3067 insignire?
975 2986 1120 3069 Egregia
1147 3006 1221 3049 vero

169 3086 172 3091 “
242 3073 392 3148 libertas,
426 3073 454 3136 si
482 3071 578 3134 homo
607 3069 739 3151 quidem
772 3092 838 3134 non
866 3071 993 3154 cogitur
1016 3071 1056 3135 ad
1077 3071 1221 3136 servien-

244 3156 324 3221 dum
346 3168 492 3239 peecate;
525 3157 571 3220 sic
600 3165 712 3220 tamen
741 3165 791 3220 est
812 3155 1022 3233 ἐθελόδυυλος,
1053 3166 1089 3221 ut
1110 3157 1222 3221 vincta

243 3252 395 3308 tencatur
423 3243 545 3325 peccati
574 3240 782 3323 compedibus
815 3244 885 3307 eius
913 3244 1074 3307 voluntas.
1119 3244 1221 3324 Equi·
1247 3224 1250 3311 l

243 3328 319 3394 dem
353 3333 532 3408 λογομαχίας
565 3328 750 3406 abominor,
784 3329 900 3410 quibus
935 3330 1059 3394 frustra
1087 3328 1222 3394 ecelesia

242 3416 413 3497 fatigatur:
448 3413 506 3478 sed
530 3413 680 3497 religiose
709 3435 825 3479 censeo
853 3415 1015 3479 cavendas
1044 3436 1099 3480 eas
1126 3437 1221 3480 voces

242 3521 325 3582 quae
348 3499 524 3563 absurdum
547 3496 668 3580 aliquid
691 3509 823 3576 sonant,
847 3502 1039 3583 praesertim
1067 3501 1123 3566 ubi
1146 3523 1221 3583 per-

243 3585 366 3650 niciose
384 3595 521 3649 erratur.
567 3582 697 3664 Quotus
716 3594 834 3661 autem,
856 3608 984 3669 quaeso,
1006 3589 1143 3670 quisque
1161 3595 1219 3666 est,

1273 2489 1361 2550 ergo,
1380 2469 1502 2550 inquit,
1532 2470 1643 2533 miseri
1666 2468 1814 2534 homines
1836 2481 1893 2533 aut
1921 2470 1961 2535 de
1990 2471 2092 2536 libero
2114 2472 2250 2537 arbitrio

1274 2552 1397 2618 audent
1418 2555 1595 2636 superbire,
1619 2563 1795 2637 antequam
1816 2555 2010 2635 liberentur,
2040 2565 2098 2621 aut
2118 2555 2158 2622 de
2181 2559 2249 2623 suis

1273 2640 1407 2717 viribus,
1431 2641 1458 2705 si
1480 2641 1545 2704 iam
1566 2640 1696 2704 liberati
1719 2640 1817 2705 sunt?
1838 2641 1907 2706 Neo
1929 2642 2105 2707 attendunt
2126 2643 2249 2725 inipso

1273 2727 1403 2790 nomine
1424 2725 1517 2791 liberi
1541 2726 1667 2790 arbitrii
1688 2727 1799 2808 utiquc
1822 2725 2008 2792 libertatem
2030 2750 2154 2794 sonare.
2182 2729 2250 2795 Ubi

1274 2820 1383 2875 autem
1413 2813 1546 2894 spiritus
1575 2812 1723 2889 Domini,
1752 2813 1796 2876 ibi
1825 2812 1958 2879 libertas
1981 2814 2016 2897 (2
2036 2814 2110 2879 Oor.
2131 2818 2158 2893 3,
2185 2818 2249 2898 17).

1274 2895 1312 2961 Si
1335 2919 1412 2981 ergo
1435 2899 1522 2962 servi
1544 2909 1624 2962 sunt
1644 2901 1777 2980 peccati,
1796 2899 1874 2981 quid
1893 2922 1927 2964 se
1944 2901 2069 2964 iactant
2090 2899 2250 2966 delibem

1274 2984 1430 3048 arbitrio?
1475 2985 1507 3048 A
1536 3005 1599 3066 quo
1628 2986 1718 3049 enim
1743 2987 1816 3066 quis
1846 2984 1993 3052 devictus
2014 2994 2080 3065 est,
2115 2987 2192 3051 huic
2218 2995 2252 3051 et

1274 3091 1389 3134 servus
1412 3070 1561 3135 addictus
1583 3078 1641 3134 est
1688 3068 1725 3135 Si
1755 3083 1864 3135 autem
1895 3072 2022 3137 liberati
2044 3080 2134 3148 sunt,
2169 3072 2250 3154 quid

1274 3177 1309 3220 se
1334 3156 1458 3222 iactant
1484 3156 1576 3220 velut
1603 3156 1642 3220 de
1676 3177 1774 3238 opere
1800 3157 1954 3239 proprio?
1998 3159 2053 3222 An
2082 3159 2128 3221 ita
2154 3158 2250 3223 liberi

1273 3253 1360 3320 sunt,
1385 3251 1422 3304 ut
1443 3263 1503 3307 nec
1525 3243 1610 3307 servi
1633 3242 1702 3321 eius
1729 3264 1799 3308 esse
1820 3244 1924 3307 velint
1942 3245 1998 3326 qui
2021 3242 2098 3307 dicit
2118 3244 2247 3327 (Ioann.

1277 3332 1325 3405 15,
1347 3329 1395 3410 bl:
1424 3329 1495 3392 sine
1517 3349 1570 3392 me
1592 3328 1675 3392 nihil
1704 3330 1838 3410 potestis
1859 3328 1986 3394 heere?
2032 3327 2134 3409 Quid,
2163 3331 2250 3412 quod

1273 3413 1336 3477 alio
1358 3416 1457 3478 etiam
1479 3414 1549 3479 loco
1563 3414 1604 3498 ¹¹)
1627 3413 1757 3479 videtur
1778 3416 1884 3480 iocose
1907 3415 2040 3480 eludere
2062 3438 2160 3480 usum
2179 3418 2250 3482 eius

1273 3500 1370 3578 vocis,
1401 3522 1503 3582 quum
1526 3499 1617 3580 dicit,
1645 3500 1785 3564 liberum
1811 3500 1941 3582 quidem
1972 3523 2043 3567 esse
2069 3501 2249 3582 arbitrium,

1273 3585 1331 3649 sed
1353 3608 1419 3649 non
1440 3586 1628 3665 liberatum;
1661 3585 1800 3650 liberum
1827 3586 1985 3666 iustitiae,
2016 3609 2147 3653 serrum
2175 3610 2250 3671 peo-

243 3671 397 3755 quidum
421 3671 583 3753 assignari
612 3670 736 3734 homini
758 3671 897 3736 liberum
920 3673 1091 3738 arbitrium
1120 3673 1219 3750 audit,
1246 3655 1249 3771 Ι
1273 3672 1345 3736 cati.
1392 3669 1502 3752 Quam
1530 3673 1724 3735 sententiam
1748 3671 1825 3736 alibi
1840 3674 1881 3754 ¹²)
1913 3695 2040 3756 quoque
2072 3675 2190 3756 repetit
2217 3680 2251 3739 et

241 3778 310 3822 non
345 3758 456 3821 statim
487 3757 628 3837 concipit
656 3756 750 3820 illum
774 3779 844 3822 esse
874 3768 907 3821 et
934 3761 1053 3824 mentis
1083 3780 1161 3823 suae
1189 3767 1222 3822 et
1246 3779 1249 3809 ι
1273 3757 1430 3839 explieat,
1452 3757 1507 3820 uhi
1531 3756 1624 3822 docet
1649 3757 1790 3822 liberum
1812 3780 1832 3822 a
1852 3758 1978 3823 iustitia
2007 3781 2073 3824 non
2099 3781 2168 3824 esse
2191 3760 2249 3823 ho·

241 3844 420 3908 voluntatis
454 3842 637 3919 dominum,
671 3843 728 3923 qui
761 3845 891 3909 flectere
923 3866 958 3909 se
993 3847 1028 3908 in
1061 3846 1221 3909 utramvis
1246 3826 1249 3924 l
1272 3844 1405 3919 minem,
1438 3845 1501 3908 nisi
1534 3843 1666 3907 arbitrio
1700 3844 1894 3922 voluntatis3
1930 3866 1950 3909 a
1977 3854 2108 3927 peccate
2140 3854 2250 3910 autem

241 3938 370 4012 partem
400 3951 419 3991 a
452 3949 487 3992 se
514 3927 584 4008 ipso
617 3928 742 4009 possit?
787 3931 898 4012 Atqui,
932 3930 1018 3995 dicet
1050 3932 1219 4013 quispiam,

243 4013 408 4078 sublatum
430 4014 494 4077 erit
515 4013 704 4078 huiusmodi
724 4016 915 4097 periculum,
945 4017 973 4080 si
995 4017 1035 4081 de
1057 4018 1220 4100 significa-

242 4101 332 4162 tione
354 4099 528 4182 diligenter
550 4099 641 4181 plebs
661 4099 883 4166 admoneatur.
928 4103 1000 4167 Imo
1022 4125 1099 4166 vero
1121 4124 1220 4184 quum

242 4186 279 4249 in
300 4185 475 4250 falsitatem
494 4185 581 4248 ultro
604 4186 784 4250 humanum
814 4187 983 4271 ingenium
1012 4187 1219 4270 propendeat,

243 4272 338 4336 citius
361 4292 505 4335 errorem
528 4293 569 4335 ex
592 4271 726 4336 verbulo
753 4295 818 4336 uno
841 4273 984 4349 hauriet,
1014 4294 1113 4356 quam
1135 4273 1220 4336 veri-

243 4366 344 4422 tatem
368 4379 410 4421 er
430 4357 560 4439 prolixa
578 4358 731 4422 oratione.
777 4358 880 4423 Cuius
903 4361 949 4423 rei
972 4359 1092 4423 certius
1121 4358 1220 4423 habe-

242 4465 316 4508 mus
334 4443 370 4506 in
394 4443 456 4508 hoc
479 4444 548 4525 ipso
570 4443 736 4521 vocabulo,
759 4466 858 4526 quam
874 4444 1054 4527 optandum
1076 4445 1133 4522 sit,
1163 4466 1220 4508 ex·

241 4531 472 4613 perimentum.
535 4529 599 4592 Illa
637 4529 726 4592 euim
765 4538 913 4594 veterum
952 4531 1220 4613 interpretatione

241 4615 490 4698 praetermissa,
525 4623 595 4678 tota
630 4614 697 4679 lere
725 4616 896 4697 posteritas
929 4618 962 4680 in
990 4617 1082 4681 verbi
1110 4625 1220 4701 etymo

242 4700 321 4765 dum
344 4701 467 4777 haeret,
491 4701 526 4762 in
547 4699 715 4764 exitialem
736 4700 967 4766 confidentiam
989 4712 1102 4768 evecta
1123 4709 1180 4767 est

330 4790 359 4848 8.
406 4783 503 4865 Quod
532 4786 560 4849 si
588 4807 648 4850 nos
673 4794 805 4868 patrum
834 4791 990 4853 autoritas
1017 4797 1141 4865 movet,
1171 4787 1220 4852 illi

242 4871 374 4954 quidem
402 4869 532 4934 assidue
559 4871 594 4934 in
621 4894 676 4936 ore
705 4872 828 4938 habent
856 4876 1064 4954 vocabulum,
1096 4874 1154 4940 sed
1176 4875 1220 4938 si-

241 4957 310 5021 mul
338 4954 506 5019 declarant
532 4958 646 5037 quanti
673 4958 796 5024 faciant
823 4960 911 5026 illius
939 4983 1044 5028 usum.
1089 4960 1129 5024 In
1151 4961 1219 5043 pri-

314 5159 343 5217 1)
360 5160 401 5212 De
425 5160 513 5211 libero
537 5160 659 5214 arbitrio.
747 5164 777 5232 2)
795 5168 854 5221 Lib.
872 5167 897 5221 2.
915 5185 937 5221 e.
954 5167 981 5220 4.
1068 5167 1098 5236 8)
1116 5168 1175 5220 Irib.
1193 5165 1219 5220 2.

245 5234 314 5282 sent.
333 5229 452 5281 distinct.
471 5226 513 5281 25.

1273 3950 1340 3992 ιιοιι
1363 3930 1433 3993 fieri
1456 3929 1604 4004 liberum,
1628 3930 1690 3993 nisi
1714 3929 1822 4012 gratia
1848 3930 2029 3996 saltatoria
2065 3930 2130 4012 Qui
2153 3931 2251 3997 liber-

1273 4023 1375 4079 tatem
1397 4015 1538 4078 hominis
1566 4014 1649 4078 nihil
1678 4015 1766 4079 aliud
1796 4037 1866 4080 esse
1894 4016 1955 4081 sibi
1984 4026 2125 4082 testatur
2153 4038 2253 4100 quam

1273 4098 1578 4182 emancipationem,
1608 4101 1660 4164 vel
1687 4102 1976 4166 manumissionem
1998 4124 2019 4166 a
2039 4105 2181 4180 iustitia,
2211 4104 2251 4168 il-

1272 4186 1337 4251 lius
1359 4187 1458 4250 inane
1480 4207 1600 4251 nomen
1620 4187 1750 4252 videtur
1778 4188 1861 4252 helle
1883 4188 2029 4254 irridere.
2075 4190 2193 4272 Itaque
2222 4190 2250 4255 si

1272 4273 1345 4354 quis
1365 4272 1453 4336 vocis
1478 4272 1575 4337 huius
1603 4295 1700 4338 usum
1729 4295 1796 4337 non
1819 4295 1923 4356 prava
1945 4275 2163 4358 intelligentia
2190 4276 2252 4341 sibi

1272 4358 1457 4441 permittat,
1492 4380 1551 4440 per
1578 4380 1631 4423 me
1658 4359 1790 4442 quidem
1818 4381 1884 4424 non
1913 4362 2086 4426 vexabitur
2115 4361 2156 4426 ob
2178 4383 2251 4426 eam

1273 4456 1364 4522 rem;'
1381 4442 1437 4508 sed
1460 4445 1537 4526 quia
1558 4446 1630 4510 sine
1651 4445 1777 4529 ingenti
1799 4446 1943 4528 periculo
1966 4469 2034 4513 non
2055 4468 2149 4529 posse
2172 4449 2250 4512 reti·

1272 4530 1345 4593 neri
1366 4550 1495 4610 censeo,
1525 4551 1645 4616 magno
1674 4541 1787 4597 contra
1813 4532 1969 4599 ecclesiae
1995 4533 2080 4599 bono
2101 4534 2251 4598 futurum

1342 4821 1372 4888 1)
1390 4823 1449 4876 Lib.
1470 4824 1492 4876 l.
1513 4830 1607 4877 contra
1624 4823 1720 4875 Iulian.
1797 4822 1827 4886 2)
1845 4824 1925 4877 Ηοιιι.
1944 4823 1986 4878 53.
2010 4826 2039 4879 in
2056 4825 2147 4879 Ionon.
2220 4822 2252 4889 3)

1273 4890 1319 4943 Ad
1338 4893 1433 4945 Anast.
1461 4894 1540 4961 epist
1565 4890 1618 4943 144
1642 4889 1728 4957 (145).
1797 4891 1828 4959 4)
1852 4895 1892 4946 De
1909 4896 1978 4963 pers.
2002 4896 2065 4948 inst.
2083 4890 2105 4948 ὁ.
2122 4891 2148 4945 4
2221 4893 2252 4959 5)

1273 4959 1357 5013 Encb.
1377 4961 1412 5013 ad
1429 4962 1556 5014 Laurent.
1576 4977 1597 5012 a
1615 4958 1657 5012 30.
1728 4959 1757 5021 6)
1777 4961 1836 5015 Lib.
1854 4961 1879 5015 3.
1900 4963 2064 5016 adBonifao.
2083 4980 2104 5017 c.
2123 4961 2148 5015 8.
2220 4962 2251 5026 7)

1274 5029 1334 5081 Lib.
1356 5029 1378 5081 1.
1398 5031 1432 5082 ad
1451 5029 1571 5082 Bonifae
1591 5045 1612 5081 c
1631 5027 1655 5080 3.
1725 5028 1756 5096 8)
1774 5031 1844 5084 Ibid.
1870 5033 1930 5084 Lib.
1949 5030 1974 5084 3.
1994 5050 2015 5086 a
2035 5031 2059 5085 t.
2130 5030 2160 5098 9)
2178 5031 2251 5086 Ibid.

1274 5099 1333 5151 Lib.
1352 5099 1387 5150 de
1404 5099 1479 5151 verb.
1490 5101 1586 5166 Apost.
1605 5113 1684 5150 serm.
1703 5096 1720 5149 2
1737 5099 1810 5166 (131,
1828 5098 1866 5165 6).
1913 5100 1960 5169 10)
1978 5102 2038 5155 Lib.
2051 5101 2086 5155 de
2104 5102 2204 5169 spiritu
2223 5107 2253 5154 et

1272 5167 1355 5220 litera
1370 5182 1393 5219 o.
1411 5164 1453 5218 te.
1525 5166 1570 5233 11)
1589 5167 1629 5220 De
1647 5175 1764 5238 corrept.
1787 5178 1816 5223 et
1833 5175 1902 5239 grat
1927 5187 1949 5223 a
1969 5168 2010 5224 ta.
2083 5169 2131 5238 12)
2149 5169 2254 5225 bibl.

1273 5233 1502 5288 adBouitcfl.
