4672 5842
127 335 191 398 278
469 330 559 397 LIB.
582 330 629 397 [a
672 331 737 397 DE
759 328 1047 397 OOGNI'HONE
1070 329 1154 425 DEI
1175 329 1523 400 REDEMPTORIS.
1567 333 1667 400 OAP.
1690 335 1788 402 vm
2071 341 2139 407 274·

129 522 235 588 vitam
256 523 327 587 eius
348 542 460 586 caram
481 521 575 586 nobis
597 541 667 585 esse
686 519 763 584 vult
783 540 821 584 ac
842 520 1033 601 pretiosam3
1062 521 1105 585 si·
1157 517 1223 582 Dei
1255 520 1395 599 cultum;
1430 520 1517 603 quod
1546 546 1584 589 eo
1612 524 1755 604 sublato,
1790 525 1947 608 quidquid
1976 529 2067 601 inter
2097 550 2136 596 se

127 608 198 673 mul
229 629 307 692 erge
338 607 482 691 postulat
514 627 597 688 quae
629 605 672 670 ad
704 605 794 670 illius
825 606 1105 670 conservationem
1158 606 1338 687 mquitatis
1362 608 1590 688 continentiae,
1614 611 1848 692 temperantiae
1871 612 2021 679 homines
2040 636 2136 681 exer·

128 694 267 766 conferri
294 701 431 777 possunt
456 693 563 758 officia
591 693 745 758 canens.
790 692 899 773 Atque
927 692 973 755 ita
994 690 1106 757 videre
1158 697 1241 768 cent,
1268 691 1368 756 inane
1396 700 1446 758 est
1474 715 1511 759 ac
1538 697 1693 762 frivolum
1721 718 1831 762 eoram
1857 698 1939 763 Deo.
1983 700 2135 767 Dicimus

127 787 179 846 est
199 787 239 844 ut
260 800 390 862 semper
410 780 505 845 nobis
527 779 601 843 finis
622 778 787 862 praecepti
810 783 932 842 reseret
949 776 1106 859 quidquid
1158 778 1281 841 fontem
1310 785 1344 842 et
1371 779 1537 860 spiritum;
1572 783 1649 864 quia
1677 804 1720 847 ex
1747 804 1785 848 ee
1816 783 1949 863 ¹discunt
1983 785 2135 852 homines

126 866 194 933 illic
215 866 323 932 faeere
345 873 404 930 aut
424 866 577 930 iubemur
599 872 657 929 aut
678 871 838 930 vetamur.
1156 870 1379 945 temperanter
1405 885 1443 930 ac
1472 868 1542 931 sine
1575 868 1734 933 maleficio
1765 869 1853 934 inter
1880 890 1915 933 se
1943 870 2070 950 vivere,
2105 872 2134 938 si

216 956 264 1016 10.
310 951 380 1018 Our
401 961 512 1016 autem
539 951 631 1015 Deus
652 951 700 1015 ita
722 950 813 1015 velut
840 948 983 1014 dimidiis
1010 970 1104 1032 prae-
1157 951 1267 1015 Deum
1288 958 1497 1028 venerantur,
1523 960 1679 1035 tanquam
1706 956 1786 1020 recti
1807 963 1841 1019 et
1862 955 1965 1038 iniqui
1981 957 2133 1024 iudicem.

128 1038 239 1120 ceptis,
262 1059 322 1120 per
342 1036 564 1122 synecdochae
587 1037 781 1119 significarit
801 1036 906 1118 magis
928 1035 1007 1118 quid
1034 1035 1104 1100 vel·
1156 1034 1300 1101 Proinde
1322 1037 1429 1117 priore
1455 1037 1571 1103 tabula
1600 1040 1641 1103 ad
1663 1041 1818 1121 pietatem
1844 1047 1878 1106 et
1905 1043 2035 1124 propria
2056 1043 2133 1108 reli-
2216 1054 2219 1061 '

127 1124 173 1188 let
193 1144 294 1206 quam
321 1124 532 1206 expresserit,
562 1143 663 1205 quum
691 1121 775 1186 aliae
806 1142 933 1203 quoqne
961 1122 1104 1186 rationes
1157 1122 1263 1205 gionis
1286 1122 1399 1200 officia,
1423 1125 1540 1204 quibus
1562 1126 1716 1190 maiestas
1738 1147 1799 1190 sua
1826 1125 1962 1191 colenda
1984 1136 2049 1206 est,
2072 1149 2133 1195 nos

126 1208 221 1275 reddi
242 1209 376 1285 soleant
395 1210 477 1274 haee
494 1208 576 1272 mihi
593 1209 629 1271 in
652 1209 766 1290 primis
787 1206 906 1289 placet:
930 1208 1007 1289 quia
1028 1229 1103 1289 pse
1155 1207 1316 1285 instituit;
1340 1208 1443 1273 altera
1464 1211 1658 1292 praescribit
1678 1211 1839 1292 quomedo
1867 1221 2000 1296 propter
2026 1214 2133 1278 nomi·
2168 1228 2173 1247 ¹

126 1303 276 1362 catorum
297 1295 494 1370 foeditatam,
518 1295 581 1357 nisi
603 1294 658 1358 ubi
687 1293 857 1375 palpabilis
880 1301 940 1371 est,
969 1292 1101 1372 diluere,
1156 1296 1207 1358 nis
1234 1293 1286 1358 sui
1313 1295 1465 1359 timorem
1492 1317 1551 1360 nes
1578 1297 1613 1361 in
1640 1297 1810 1361 hominum
1838 1298 1992 1363 societate
2019 1321 2133 1383 gerere

127 1390 162 1446 et
183 1382 336 1464 speciosis
357 1379 581 1464 praetextibus
607 1379 763 1444 inducere
791 1400 920 1462 semper
941 1398 1016 1444 earo
1034 1401 1104 1444 mo-
1156 1379 1340 1444 debeamus.
1386 1378 1463 1460 Qua
1483 1383 1610 1447 ratione
1632 1383 1795 1447 Dominus
1823 1392 1934 1448 noster
1958 1385 2010 1467 (ut
2031 1406 2133 1450 evan-

128 1468 216 1545 litur,
239 1466 328 1550 quod
345 1476 416 1532 erat
433 1468 468 1530 in
487 1486 679 1547 unoquoque
697 1465 967 1549 transgressionis
984 1487 1103 1548 genere
1156 1466 1291 1548 gelistae
1313 1467 1461 1530 referunt
1478 1468 1597 1532 Matth.
1617 1471 1668 1545 22,
1692 1472 1747 1546 373
1774 1469 1856 1533 Luc.
1879 1473 1927 1547 10,
1947 1471 2003 1553 27)
2026 1470 2133 1554 legem

126 1552 341 1618 deterrimum
363 1562 397 1618 et
418 1552 697 1629 scelestissimum,
719 1551 917 1633 exemplaris
937 1550 1008 1616 leco
1028 1573 1104 1634 pro-
1156 1559 1259 1615 totam
1287 1552 1476 1615 summatim
1502 1554 1538 1616 in
1565 1553 1631 1617 duo
1654 1554 1762 1636 capita
1784 1553 1928 1637 collegit,
1963 1564 2001 1618 ut
2023 1557 2133 1622 Deum

126 1639 249 1722 posuit,
280 1639 372 1703 cuius
399 1639 440 1703 ad
469 1637 617 1702 auditum
644 1659 759 1702 sensus
781 1657 909 1719 quoque
930 1637 1103 1702 exhorres·
1157 1659 1199 1701 ex
1219 1636 1416 1715 totocorde,
1440 1659 1482 1702 cx
1505 1647 1573 1702 tnta
1594 1639 1718 1717 anima,
1748 1662 1790 1704 ex
1814 1641 1892 1703 tetis
1914 1640 2037 1706 viribus
2060 1642 2134 1707 dili-

125 1736 224 1802 ceret,
246 1745 311 1807 qno
333 1725 490 1789 maiorem
509 1724 633 1806 peccati
661 1722 834 1787 cuiuslibet
855 1722 1104 1787 detestationem
1157 1743 1273 1806 gamus
1280 1746 1288 1801 ;
1305 1730 1343 1785 ut
1356 1725 1544 1804 proximum
1557 1747 1704 1790 amemus
1716 1726 1800 1790 sicut
1810 1734 1938 1789 nosmet
1953 1727 2048 1807 ipsos.
2072 1728 2134 1791 Vi·

127 1810 247 1876 animis
270 1811 392 1874 nostris
414 1811 624 1893 imprimeret
669 1810 742 1875 Hoc
764 1809 858 1873 nobis
875 1808 1015 1890 imponit
1034 1830 1104 1874 sae-
1158 1808 1215 1874 des
1225 1808 1425 1873 uteduabus
1435 1809 1592 1890 partibus,
1604 1812 1831 1892 quibustetam
1842 1811 1948 1894 legem
1957 1812 2132 1893 concludit,

127 1898 201 1980 pius
228 1897 264 1960 in
292 1895 504 1962 aestimandis
531 1895 634 1972 vitiis,
658 1894 752 1976 quod,
786 1895 814 1957 si
848 1895 984 1960 tectiora
1016 1904 1103 1973 sunt,
1157 1896 1294 1959 alteram
1306 1896 1341 1958 in
1353 1895 1463 1959 Deum
1479 1894 1608 1979 dirigat,
1632 1897 1771 1961 alteram
1783 1897 1970 1962 hominibus
1982 1896 2132 1964 destinet

129 1983 305 2048 elevamus.
349 1982 421 2047 Has
442 1981 635 2064 praestigias
656 1981 820 2045 Dominus
839 1979 981 2057 discutit,
1004 2001 1105 2061 quum
1247 1985 1294 2044 12.
1339 1981 1480 2057 Verum,
1515 2003 1700 2064 quanquam
1731 1983 1887 2048 universa
1918 1982 1973 2048 lex
2005 1982 2134 2050 duobus

130 2090 189 2134 nos
209 2068 384 2133 assuefacit
404 2069 593 2132 universam
614 2066 770 2131 vitiorum
790 2065 1038 2130 multitudinem
1061 2065 1102 2130 ad
1158 2067 1317 2149 capitibus
1338 2075 1491 2131 contenta
1513 2076 1571 2146 est,
1594 2069 1685 2133 Deus
1707 2075 1817 2133 tamen
1839 2076 1958 2146 noster,
1977 2091 2040 2150 quo
2063 2091 2132 2134 om·

129 2154 210 2219 haee
242 2155 349 2237 capita
371 2154 502 2231 referre,
534 2172 617 2234 quae
650 2152 772 2234 optime
804 2160 964 2235 quantum
994 2152 1038 2215 sit
1069 2152 1105 2217 in
1158 2174 1234 2217 nem
1255 2154 1474 2217 excusationis
1501 2161 1709 2235 praetextum
1731 2154 1875 2232 tolleret,
1905 2154 2008 2219 voluit
2029 2156 2133 2223 fusius

129 2260 325 2323 unoquoque
378 2261 498 2323 genere
548 2237 796 2302 abominationis
847 2245 1101 2320 repraesentant
1157 2247 1192 2302 et
1213 2239 1405 2320 explicatius
1428 2237 1540 2303 decem
1561 2240 1743 2321 praeceptis
1765 2260 1919 2303 enarrare
1942 2249 2011 2303 tum
2034 2262 2134 2322 quae-

128 2326 283 2409 Exempii
304 2327 419 2409 gratia,
441 2327 492 2390 ira
512 2333 546 2389 et
566 2323 677 2388 edium
700 2344 766 2387 non
788 2345 891 2405 usque
913 2323 992 2388 adeo
1010 2345 1103 2388 exse-
1157 2346 1283 2405 cunque
1305 2323 1345 2388 ad
1368 2324 1534 2403 honorem,
1558 2325 1719 2403 timorem,
1738 2346 1883 2389 amorem
1905 2326 1956 2389 sui
1975 2334 2132 2408 spectant,
2234 2326 2240 2340 '

129 2411 421 2495 erandaputantur
442 2411 538 2490 mala,
565 2430 669 2492 quum
694 2411 762 2475 suis
784 2409 971 2474 nominibus
992 2410 1104 2492 appel·
1157 2419 1228 2474 tum
1249 2431 1331 2492 quae
1354 2409 1396 2473 ad
1413 2411 1583 2474 caritatem
1610 2412 1790 2493 pertinent,
1819 2432 1917 2494 quam
1946 2420 2078 2494 propter
2098 2433 2134 2478 se

130 2497 256 2578 lantur;
285 2505 320 2563 at
345 2519 446 2580 quum
473 2496 716 2561 interdicuntur
741 2495 835 2560 nobis
857 2496 917 2560 sub
939 2495 1101 2561 homicidii
1156 2497 1264 2577 ipsum
1283 2494 1377 2560 nobis
1399 2518 1478 2579 erga
1500 2496 1651 2561 homines
1673 2496 1815 2561 mandat
1860 2497 1929 2562 Nec
1946 2499 1982 2561 in
2001 2498 2135 2564 divisio·

130 2584 278 2663 nomine,
306 2584 426 2648 melius
453 2582 668 2665 intelligimus
695 2589 819 2663 quanta
840 2583 907 2646 sint
927 2581 963 2644 in
981 2580 1103 2645 abomi-
1157 2603 1233 2646 nem
1255 2589 1504 2664 praeceptorum
1526 2581 1723 2647 noscendam
1745 2583 1831 2647 male
1856 2583 2002 2647 studium
2025 2585 2134 2650 inten-

130 2670 265 2735 natione
292 2669 379 2751 apud
402 2670 522 2748 Deum,
551 2668 645 2732 euius
673 2688 751 2732 voco
784 2669 818 2731 in
846 2675 915 2730 tam
930 2670 934 2675 '
948 2665 1105 2731 horrendi
1157 2667 1260 2743 ditur;
1294 2667 1389 2732 modo
1416 2669 1487 2732 eius
1517 2670 1646 2751 generis
1683 2689 1754 2733 rem
1781 2690 1851 2734 esse
1874 2669 2074 2748 memineris,
2097 2672 2133 2735 in

129 2756 245 2840 flagitii
267 2755 416 2820 ordinem
434 2755 642 2831 reiiciuntur;
666 2761 764 2835 atque
785 2753 864 2836 ipsi,
893 2752 1013 2817 iudicio
1035 2753 1104 2817 eius
1157 2775 1222 2835 qua
1243 2753 1384 2817 liberum
1402 2755 1516 2835 cuique
1538 2753 1694 2819 iudicium
1716 2776 1787 2819 esse
1809 2752 1938 2832 debeat,
1970 2755 2010 2818 ob
2033 2777 2134 2837 quam

49 2904 54 2913 ,
129 2842 280 2924 permoti,
315 2840 523 2918 delictorum,
553 2860 636 2922 quae
663 2840 754 2921 prius
783 2839 870 2905 levia
896 2838 1103 2917 videbantur,
1157 2861 1225 2903 nen
1256 2841 1299 2904 sit
1331 2841 1529 2904 contentiose
1558 2860 1632 2905 eum
1670 2840 1880 2905 dissentiente
1906 2840 2132 2923 pugnandum.

130 2927 324 3010 ganeam
343 2927 561 2992 assuescimus
582 2925 699 2989 melius
720 2933 881 3008 reputare.
1156 2926 1188 2990 N
1190 2926 1260 2990 obis
1282 2923 1414 3007 quidem
1434 2926 1488 2989 hio
1512 2925 1604 2991 locus
1628 2927 1810 2991 necessario
1839 2926 2049 3008 attingendus
2071 2932 2131 3007 est,

220 3017 266 3079 ll.
312 3013 423 3077 Tertio
444 3014 515 3077 loce
537 3010 812 3077 considerandum
840 3009 918 3092 quid
940 3010 1003 3076 sibi
1023 3010 1106 3076 velit
1157 3033 1209 3089 ne,
1232 3032 1331 3093 quam
1352 3003 1490 3094 posituri
1513 3032 1627 3075 sumus
1649 3011 1852 3090 divisionem,
1875 3033 1935 3077 ceu
1956 3033 2077 3076 novam
2097 3019 2132 3077 et

130 3099 261 3165 divinae
281 3099 364 3183 legis
385 3100 422 3162 in
443 3098 524 3163 duas
550 3098 679 3163 tabulas
699 3097 846 3179 partitio,
877 3117 1016 3179 quarum
1038 3118 1106 3161 non
1157 3118 1263 3179 nuper
1284 3099 1503 3181 excogitatam
1528 3096 1665 3162 lectores
1692 3105 1750 3162 aut
1775 3096 1904 3162 rideant
1931 3103 1988 3161 aut
2008 3099 2132 3181 mirem,

130 3184 188 3249 abs
214 3207 251 3251 re
278 3206 338 3251 nco
360 3193 484 3249 temere
512 3183 680 3249 solennem
705 3182 906 3247 mentionem
934 3181 1104 3263 aliquoties
1157 3190 1220 3248 tur.
1265 3184 1392 3266 Legem
1424 3204 1494 3248 esse
1527 3182 1639 3249 decem
1671 3184 1781 3249 verbis
1818 3182 2021 3261 distinctam,
2055 3182 2132 3265 quia

129 3271 249 3338 tactam
271 3292 341 3336 esse
362 3291 476 3336 omnes
498 3271 569 3334 sani
591 3268 791 3334 iudicabunt.
836 3270 882 3332 Et
898 3268 934 3332 in
951 3276 1104 3351 promptu
1156 3271 1221 3334 Dei
1254 3269 1357 3352 ipsius
1389 3269 1563 3333 autoritate
1594 3269 1724 3353 saepius
1756 3269 2002 3351 comprobatur,
2036 3278 2132 3334 extra
2197 3284 2202 3295 '

131 3378 230 3423 causa
258 3363 309 3421 est
334 3376 416 3438 quae
450 3354 620 3439 ambiguos
652 3376 711 3420 nos
740 3352 780 3418 de
812 3354 875 3419 hac
908 3375 944 3419 re
971 3374 1104 3419 manere
1155 3355 1414 3420 controversiam
1445 3363 1501 3419 est
1556 3353 1669 3436 Quare
1701 3376 1769 3419 non
1800 3355 1841 3420 de
1876 3375 2029 3432 numero,
2073 3353 2132 3419 ssd

129 3464 197 3508 non
220 3442 308 3506 sinit
352 3442 393 3505 In
415 3441 496 3506 duas
518 3441 608 3505 enim
628 3447 749 3524 partes,
772 3441 890 3522 quibus
912 3446 982 3504 tota
1002 3441 1105 3505 conti·
1157 3441 1288 3507 secandi
1319 3442 1444 3505 ratione
1477 3440 1661 3524 ambigitur.
1707 3440 1774 3522 Qui
1800 3442 1847 3506 sic
1872 3442 2063 3523 partiuntur
2093 3447 2132 3505 ut

129 3534 230 3593 netur
246 3526 384 3604 iustitia,
401 3527 507 3610 legem
525 3548 620 3592 suam
637 3528 684 3592 sic
705 3526 817 3591 divisit
832 3524 940 3602 Deus,
962 3537 1000 3591 ut
1017 3528 1106 3608 prio-
1155 3528 1220 3592 tria
1241 3535 1415 3609 praecepta
1439 3527 1518 3590 dent
1534 3528 1660 3608 primae
1683 3527 1830 3607 tabulae,
1859 3527 1984 3608 reliqua
2006 3533 2133 3609 septem

127 3634 201 3679 rem
223 3611 391 3695 religionis
413 3613 536 3691 officiis,
559 3634 641 3696 quae
662 3610 872 3696 peculiariter
894 3610 936 3677 ad
958 3613 1104 3678 numinis
1155 3613 1191 3677 in
1224 3612 1401 3678 secundam
1434 3613 1596 3689 reficiant,
1629 3612 1905 3695 praeceptumde
1933 3611 2132 3696 imaginibus

125 3701 177 3766 sui
199 3698 326 3765 cultum
347 3699 526 3779 pertinent,
555 3698 692 3764 alteram
714 3698 829 3764 officiis
851 3699 997 3764 caritatis
1019 3719 1104 3780 quae
1155 3721 1294 3764 numero
1315 3706 1519 3781 expungunt,
1543 3698 1596 3763 vel
1623 3708 1711 3764 certe
1734 3701 1793 3765 sub
1821 3699 1927 3781 prime
1950 3698 2130 3777 occultant;

125 3785 162 3848 in
185 3784 333 3849 homines
355 3783 549 3866 respiciunt,
578 3785 806 3868 assignaverit
850 3784 1003 3848 Primum
1024 3805 1103 3849 sane
1154 3807 1257 3867 quum
1278 3784 1427 3849 mandati
1446 3784 1516 3849 loco
1538 3782 1629 3849 haud
1650 3783 1746 3850 dubie
1767 3807 1787 3849 a
1808 3784 1950 3849 Domino
1979 3782 2131 3848 distincte

126 3871 269 3936 iustitiae
297 3869 549 3934 fundamentum
571 3879 622 3934 est
649 3871 714 3935 Dei
742 3870 866 3949 cultus,
900 3891 964 3953 que
988 3891 1102 3936 everso
1154 3871 1297 3953 pesitum
1318 3871 1375 3950 sit;
1404 3869 1566 3935 decimum
1587 3892 1682 3948 vero,
1712 3870 1752 3935 de
1775 3892 1841 3935 non
1864 3868 2130 3951 concupiscendis

125 3956 253 4039 reliqua
280 3957 392 4021 omnia
413 3955 556 4020 iustitiae
574 3955 736 4035 membra,
769 3956 860 4021 velut
888 3955 1009 4021 divulsi
1036 3956 1102 4023 col·
1154 3958 1296 4039 proximi
1318 3957 1429 4034 rebus,
1456 3957 1565 4038 inepte
1592 3957 1627 4021 in
1654 3956 1717 4020 duo
1739 3960 1947 4038 concerpunt.
1993 3953 2132 4020 Accedit

126 4042 272 4125 lapsique
301 4042 440 4107 aedificii
469 4046 595 4124 partes,
627 4041 735 4107 lacera
760 4052 794 4106 et
826 4041 985 4126 dissipata
1014 4050 1100 4107 sunt.
1154 4042 1241 4124 qued
1261 4043 1362 4107 talem
1388 4042 1553 4124 partiendi
1580 4042 1742 4106 rationem
1767 4041 1899 4124 puriore
1928 4042 2057 4105 saeculo
2079 4042 2132 4105 in·

128 4126 245 4208 Qualis
265 4129 354 4193 enim
374 4127 520 4193 iustitiae
542 4147 612 4191 esse
633 4127 734 4206 dices,
757 4126 843 4211 quod
864 4127 1014 4195 homines
1034 4149 1103 4192 non
1155 4129 1319 4212 cognitam
1352 4128 1467 4207 fuisse,
1506 4149 1584 4192 mox
1616 4128 1828 4211 intelligetur.
1883 4127 1951 4191 Alii
1990 4134 2131 4209 quatuor

127 4235 228 4280 vexas
249 4215 346 4279 furtis
375 4236 413 4280 ao
441 4212 578 4296 rapinis,
612 4213 640 4277 si
664 4234 724 4295 per
735 4214 944 4311 ⁸sceleratum
970 4214 1102 4279 sacrile-
1154 4216 1261 4298 capita
1292 4215 1462 4280 nobiscum
1494 4214 1528 4277 in
1561 4214 1669 4295 prima
1701 4214 1815 4278 tabula
1847 4221 2038 4291 numerant,
2073 4210 2131 4277 sed

128 4300 220 4383 gium
246 4301 380 4365 interim
406 4300 470 4365 Dei
504 4299 711 4363 maiestatem
737 4321 797 4365 rua
824 4300 928 4383 gloria
958 4299 1100 4383 spolias?
1154 4301 1253 4384 primi
1280 4301 1366 4378 vice,
1395 4300 1643 4382 promissionem
1671 4307 1822 4364 statuunt
1850 4299 1921 4362 sine
1949 4304 2130 4379 praecepto.

128 4386 213 4468 quod
234 4386 446 4451 fornicatione
476 4405 594 4468 corpus
623 4393 719 4449 tuum
747 4407 813 4449 nen
835 4406 1045 4467 conspurcas,
1074 4387 1103 4451 si
1153 4387 1226 4469 Ego
1255 4393 1381 4465 autem,
1412 4387 1502 4468 quia,
1526 4386 1589 4450 nisi
1615 4385 1759 4451 evidenti
1787 4386 1915 4450 ratione
1944 4383 2130 4458 convincar,

127 4469 337 4554 blasphemiis
358 4472 426 4537 tuis
448 4471 601 4555 profanas
618 4491 738 4535 nomen
755 4472 819 4535 Dei
837 4471 1100 4536 sacrosanctum?
1156 4473 1268 4537 decem
1288 4472 1390 4538 verba
1411 4471 1497 4554 apud
1520 4472 1636 4535 Mosen
1658 4493 1717 4553 pro
1739 4471 1851 4536 decem
1872 4467 2055 4553 praeceptis
2076 4489 2131 4532 ac·
2199 4534 2202 4539 ,

127 4557 212 4639 quod
247 4558 414 4623 hominem
446 4579 512 4622 non
549 4556 710 4635 trucidas,
750 4557 777 4621 si
813 4557 1005 4621 memoriam
1037 4557 1103 4622 Dei
1155 4559 1254 4641 cipio,
1285 4566 1319 4622 et
1345 4557 1481 4622 totidem
1508 4556 1728 4639 pulcherrimo
1756 4556 1869 4621 ordine
1898 4553 2056 4634 disposita
2080 4553 2131 4619 vi·

126 4643 315 4708 interimere
343 4651 377 4708 et
405 4644 616 4728 exstinguere
642 4641 833 4709 contendis?
878 4641 1020 4707 Frustra
1039 4643 1102 4726 igi·
1155 4643 1232 4709 dere
1253 4644 1336 4708 mihi
1358 4643 1478 4721 videor,
1497 4643 1656 4724 permissa
1672 4642 1738 4707 illis
1755 4663 1815 4707 sua
1832 4640 1993 4722 opinione,
2012 4659 2132 4721 sequar

127 4736 181 4794 tur
218 4731 288 4794 sine
326 4729 485 4813 religione
523 4729 713 4795 venditatur
749 4727 889 4805 iustitia,
930 4748 968 4792 ac
998 4728 1102 4793 nihilo
1155 4728 1241 4813 quod
1263 4730 1367 4812 magis
1385 4730 1467 4794 mihi
1488 4728 1652 4811 probatur,
1674 4749 1791 4810 nempe
1808 4735 1847 4790 ut
1863 4723 1950 4808 qnod
1968 4724 2018 4789 illi
2035 4746 2131 4808 prae-

126 4816 249 4880 maiore
269 4815 376 4898 specie
398 4835 498 4898 quam
519 4816 547 4879 si
569 4824 724 4882 truncum
745 4813 887 4880 abscisso
905 4813 1010 4896 capite
1032 4837 1102 4880 eor·
1155 4824 1287 4899 ceptum
1308 4816 1452 4898 primum
1469 4815 1600 4891 faciunt,
1623 4814 1729 4879 locum
1748 4812 1958 4895 praefationis
1974 4811 2009 4876 in
2028 4819 2132 4877 totam

126 4920 188 4982 pus
209 4901 251 4966 ad
268 4900 418 4969 decorem
434 4899 639 4968 obtendatur.
684 4902 798 4985 Neque
821 4899 917 4965 modo
939 4913 990 4966 est
1007 4922 1102 4984 prae·
1153 4903 1260 4986 legem
1288 4909 1413 4981 teneat;
1447 4910 1623 4983 sequantur
1651 4897 1768 4963 deinde
1802 4905 1976 4982 praecepta
2002 4899 2131 4981 primae

126 4985 223 5067 cipue
240 4988 344 5070 ipsius
364 5008 451 5071 pars,
474 4985 532 5054 sed
553 4989 664 5053 anima
690 5009 833 5071 queque,
877 5007 920 5052 ua
938 4993 1009 5053 tota
1030 4989 1103 5071 ipsa
1153 4996 1302 5070 quatuor,
1325 4987 1487 5054 secundae
1508 4986 1638 5052 tabulae
1660 5007 1733 5066 sex,
1761 5007 1799 5050 eo
1826 5006 1891 5068 quo
1912 4984 2132 5050 recensebun-

126 5071 230 5153 spirat
250 5081 284 5138 et
304 5078 491 5157 vegetatum
518 5093 623 5156 neque
650 5075 739 5139 enim
757 5075 840 5140 citra
893 5073 923 5138 ei
950 5073 1102 5138 timorem
1154 5081 1210 5138 tur
1226 5073 1348 5140 ordine.
1394 5074 1492 5139 Hanc
1519 5071 1712 5139 divisionem
1737 5069 1899 5157 Origenes
1912 5071 1937 5152 ¹)
1964 5071 2035 5135 sine
2054 5090 2133 5135 con·

124 5157 212 5223 inter
231 5180 268 5225 se
289 5158 439 5225 homines
460 5158 658 5241 aequitatem
674 5180 712 5227 ae
730 5159 937 5227 ddeetionem
958 5167 1100 5225 servant

123 5243 329 5328 Principium
346 5264 424 5329 ergo
446 5252 480 5311 et
503 5244 765 5323 fundamentum
780 5246 926 5311 insanae
947 5264 1103 5312 vocamus
1222 5262 1252 5330 1)
1270 5263 1401 5332 capnos
1418 5262 1447 5315 a
1465 5261 1551 5315 mon
1569 5263 1617 5317 ιιι.
1636 5259 1661 5315 s.

199 5343 417 5416 cassiopea.
456 5344 515 5402 roz.
552 5346 596 5401 11.
1895 5340 1928 5395 is
