4672 5842
163 314 247 381 1161
508 265 1827 390 616.11.’6661116611161166116166161116116111111,
2086 319 2168 383 nos

163 499 249 578 dam,
273 499 513 565 demonstrasse
535 499 615 563 satis
637 498 709 562 erit
750 499 814 563 Est
831 507 942 564 autem
964 498 1140 588 observari·
1193 499 1397 564 stitutionem
1419 504 1452 562 61
1473 499 1686 581 aequitatem,
1710 499 1802 565 cuius
1824 501 1950 567 ratione
1979 504 2170 571 constitutio

162 587 207 652 da
228 585 362 670 vulgata
383 585 440 649 illa
461 585 610 667 partitio,
634 605 717 665 quae
738 586 926 650 universam
948 585 1012 651 Dei
1034 586 1140 668 legem
1192 585 1264 667 ipsa
1283 585 1420 665 16611616
1441 588 1486 649 est
1507 604 1544 648 66
1564 584 1690 648 nititur.
1735 581 1908 668 Aequitas,
1931 589 2007 670 quia
2033 597 2168 656 natura-
2192 644 2200 668 ,

161 694 222 756 per
243 672 362 736 Mosen
378 671 611 754 promulgatam
632 670 668 734 in
690 691 806 748 mores,
829 672 1065 749 caeremonias,
1088 672 1140 736 iu·
1192 669 1233 736 lis
1256 678 1320 748 est,
1349 692 1415 735 non
1437 670 1502 733 nisi
1523 691 1590 733 una
1618 671 1765 734 omnium
1791 692 1863 736 esse
1889 683 2011 755 potest,
2041 674 2114 740 ideo
2136 684 2170 741 et

149 758 248 824 dicia
270 756 452 833 distribuit,
477 776 514 820 ac
536 755 754 839 dispiciendae
782 756 931 839 singulae
959 765 1085 840 partes,
1105 763 1141 821 ut
1191 754 1318 839 legibus
1341 754 1506 834 omnibus,
1551 777 1587 819 ro
1610 757 1732 839 negotii
1755 779 1890 841 genere,
1913 758 2029 824 eadem
2050 781 2169 844 propo-

161 843 344 909 habeamus
366 842 445 926 quid
468 862 511 905 ex
527 842 568 906 iis
586 841 627 907 ad
645 861 706 907 nos
724 843 898 924 pertineat,
920 842 998 925 quid
1019 843 1138 907 minus.
1193 842 1257 906 sita
1279 863 1349 906 esse
1372 841 1475 906 debet.
1546 842 1784 922 onstitutiones,
1807 845 1885 925 quia
1906 846 2169 914 circumstantias

161 930 233 996 Nec
253 930 387 993 interim
408 928 594 1010 quempiam
616 935 761 992 moretur
778 927 831 992 hic
849 928 1031 1012 scrupulus,
1055 927 1140 1011 quod
1193 927 1318 1010 aliquas
1348 925 1471 991 habent
1493 948 1513 991 a
1534 928 1650 1009 quibus
1672 948 1731 1009 pro
1754 939 1847 1011 parte
1870 929 2048 1012 pendeant,
2071 933 2168 997 modo

162 1015 206 1081 ad
232 1036 341 1081 mores
377 1015 476 1079 etiam
503 1012 624 1077 iudicia
649 1021 682 1078 et
709 1015 932 1078 caeremoniae
966 1015 1138 1098 pertinent
1191 1012 1390 1077 ineundam
1422 1013 1596 1095 aequitatis
1617 1033 1752 1097 scopum
1773 1035 1888 1080 omnes
1915 1017 2037 1098 pariter
2058 1016 2169 1082 inten-

160 1100 303 1167 Veteres
325 1100 416 1165 enim
436 1099 493 1182 qui
514 1096 725 1182 partitionem
747 1101 831 1163 hant
851 1099 1068 1178 tradiderunt,
1090 1108 1140 1165 ta-
1193 1097 1281 1178 dant,
1305 1098 1451 1164 diversas
1474 1120 1544 1164 esse
1565 1098 1650 1163 nihil
1671 1099 1771 1164 obest.
1816 1101 1889 1165 Iam
1911 1121 2013 1183 quum
2035 1103 2101 1167 Dei
2122 1103 2168 1170 le-

162 1187 261 1252 metsi
289 1186 371 1251 duas
399 1187 480 1250 istas
501 1185 696 1267 posteriores
724 1193 836 1267 partes
857 1207 925 1249 non
944 1186 1141 1269 ignorabant
1192 1205 1282 1267 gem,
1311 1205 1411 1267 quam
1437 1184 1594 1248 moralem
1625 1204 1796 1263 vocamus,
1830 1195 1957 1253 constet
1984 1208 2052 1252 non
2079 1189 2170 1255 aliud

163 1272 252 1340 circa
272 1293 381 1336 mores
404 1271 538 1350 versari,
561 1271 638 1352 quia
659 1278 770 1335 tamen
788 1271 888 1335 salvis
904 1272 1049 1337 moribus
1066 1293 1140 1335 mu·
1192 1292 1264 1335 esse
1284 1291 1384 1353 quam
1401 1269 1561 1335 naturalis
1586 1269 1668 1354 legis
1685 1272 1924 1351 testimonium,
1949 1280 1983 1337 et
2000 1274 2071 1339 eius
2092 1296 2169 1342 con·

162 1359 229 1422 tari
258 1368 292 1422 et
318 1357 469 1440 abrogari
502 1363 670 1439 poterant,
703 1356 842 1422 morales
873 1378 940 1421 non
974 1356 1149 1421 dixerunt*
1193 1357 1350 1421 scientiae
1368 1377 1452 1439 quae
1474 1355 1647 1420 hominum
1664 1355 1782 1422 animis
1804 1358 1906 1422 aDeo
1924 1358 2088 1443 insculpta
2109 1369 2168 1440 est,

162 1443 312 1510 Primam
339 1443 431 1508 illam
462 1448 591 1525 partem
624 1442 831 1525 peculiariter
864 1442 1073 1525 appellarunt
1101 1465 1138 1507 eo
1192 1449 1261 1506 tota
1283 1441 1397 1521 huius,
1420 1440 1460 1505 (16
1482 1462 1547 1524 (166
1567 1463 1657 1508 nunc
1684 1442 1862 1524 loquimur,
1889 1445 2060 1526 aequitatis
2087 1447 2170 1513 ratio

162 1529 312 1608 nomine,
336 1530 419 1595 citra
440 1548 538 1611 quam
559 1548 626 1591 non
648 1535 777 1592 constet
794 1548 874 1594 vera
894 1549 1025 1593 morum
1046 1551 1140 1595 sanc·
1192 1528 1227 1591 in
1249 1528 1322 1611 ipsa
1341 1528 1543 1610 praescripta
1569 1533 1626 1593 est
1672 1528 1817 1593 Proinde
1850 1529 1919 1594 sola
1946 1551 2072 1613 quoque
2097 1532 2171 1614 ipsa

163 1616 242 1681 titas
263 1620 290 1680 et
311 1613 516 1681 immutabilis
536 1618 615 1679 recte
634 1613 759 1678 vivendi
777 1634 896 1679 corruo.
1192 1612 1304 1697 logum
1330 1613 1479 1677 omnium
1500 1620 1533 1677 et
1554 1633 1672 1696 scopus
1693 1620 1728 1678 61
1748 1614 1863 1698 regula
1885 1621 1918 1679 et
1939 1617 2100 1681 terminus
2127 1619 2171 1682 sit

256 1705 302 1765 15.
346 1702 420 1765 Lex
441 1699 550 1782 itaque
571 1698 706 1764 moralis
728 1699 781 1784 (ut
800 1698 878 1764 inde
894 1700 1038 1783 primum
1058 1699 1140 1764 inei-
1192 1706 1328 1781 oportet.
1378 1698 1433 1763 Ad
1471 1720 1544 1764 eam
1580 1698 1727 1782 regulam
1764 1720 1976 1783 quaecunque
2013 1701 2171 1770 formatae

163 1786 269 1871 piam)
290 1807 392 1869 quum
414 1785 547 1859 duobus,
561 1784 722 1867 capitibus
749 1786 971 1864 contineatur,
1002 1806 1141 1868 quorum
1192 1792 1292 1850 erunt
1311 1785 1410 1868 leges,
1433 1804 1517 1866 quae
1537 1785 1572 1850 in
1594 1807 1669 1850 eum
1691 1806 1824 1867 scopum
1846 1783 2000 1866 directae,
2025 1808 2109 1869 quae
2129 1808 2168 1855 eo

162 1871 306 1937 alterum
326 1892 410 1954 pura
427 1870 536 1935 Deum
558 1869 623 1935 fide
645 1877 679 1934 et-
699 1871 821 1953 pietate
850 1870 970 1949 colere,
998 1871 1140 1936 alterum
1192 1871 1334 1934 termino
1355 1870 1612 1955 limitatae-non
1634 1876 1685 1935 est
1706 1892 1764 1935 eur
1781 1892 1801 1935 6
1817 1872 1911 1937 nobis
1932 1873 2167 1956 improbentur,

164 1959 293 2024 sincera
309 1957 459 2022 homines
481 1955 652 2021 dilectione
680 1956 851 2039 complecti
878 1956 1069 2039 simpliciter
1089 1957 1140 2021 iu·
1192 1964 1358 2038 utcunque
1378 1956 1432 2020 vel
1450 1976 1470 2019 6
1486 1950 1559 2040 le‘ge
1580 1955 1717 2035 iudaice,
1739 1957 1794 2021 vel
1814 1958 1901 2022 inter
1923 1979 1957 2023 se
1978 1960 2069 2041 ipsae
2086 1958 2168 2027 alias

164 2043 235 2122 bet,
265 2064 345 2109 vcra
365 2050 417 2108 est
437 2050 632 2124 aeternaque
660 2041 804 2107 iustitiae
832 2042 963 2126 regula,
991 2044 1140 2126 gentium
1192 2031 1353 2108 differant.
1398 2042 1474 2106 Lex
1504 2043 1570 2108 Dei
1602 2042 1706 2107 furari
1739 2043 1899 2125 probibet.
1945 2042 2039 2124 Quas
2070 2045 2168 2111 hirtis

164 2128 315 2195 omnium
332 2150 370 2195 ac
386 2137 573 2212 temporum
591 2126 778 2192 hominibus
795 2128 1004 2212 praescripta,
1023 2129 1079 2210 qui
1098 2127 1140 2193 ad
1192 2128 1369 2193 constituta
1390 2128 1488 2192 fuerit
1508 2148 1616 2210 poena
1633 2128 1670 2191 in
1690 2127 1805 2210 politia
1824 2127 2029 2209 Iudaeorum,
2055 2130 2168 2196 videre
2237 2146 2243 2159 ·

162 2214 228 2280 1)61
250 2215 454 2280 voluntatem
474 2214 578 2280 vitam
600 2234 694 2278 suam
716 2232 909 2295 componere
931 2214 1051 2279 volent
1086 2212 1140 2280 Si·
1192 2221 1243 2278 est
1259 2215 1294 2278 16
1311 2212 1436 2278 Exodo.
1471 2213 1624 2278 Aliarum
1644 2214 1793 2296 gentium
1817 2216 2056 2282 vetustissimae
2077 2215 2167 2300 leges

163 2299 297 2384 quidem
313 2299 395 2367 haec
417 2307 551 2364 aeterna
569 2306 620 2364 cst
641 2308 675 2362 et
694 2299 909 2364 immutabilis
933 2299 1003 2364 eius
1023 2299 1140 2365 volun·
1191 2299 1316 2363 furtum
1338 2298 1435 2381 duplo
1456 2298 1652 2381 puniebant;
1674 2320 1757 2382 quae
1775 2306 1889 2382 postea
1905 2309 2061 2384 sequutae
2078 2309 2166 2382 sunt,

163 2392 232 2465 166,
254 2390 335 2450 1116
354 2386 448 2451 1161116
474 2376 545 2469 ipse
571 2384 704 2466 quidem
731 2384 882 2450 omnibus
909 2385 1051 2463 colatur,
1079 2405 1140 2450 noe
1192 2382 1419 2450 discreverunt
1445 2385 1531 2449 inter
1554 2385 1765 2450 manifestum
1793 2393 1826 2449 et
1853 2407 1919 2450 non
1945 2388 2166 2454 manifestum.

164 2492 244 2536 vero
266 2478 379 2535 mutuo
400 2471 487 2537 inter
509 2491 567 2535 nos
590 2470 775 2554 diligamus.
807 2470 1062 2536 anremonialis
1083 2471 1140 2535 Iu·
1191 2470 1287 2535 Aliae
1305 2470 1347 2535 ad
1364 2470 1518 2536 exsilium
1539 2490 1731 2555 progressae
1753 2477 1839 2549 sunt,
1858 2471 1940 2537 aliae
1958 2471 2001 2537 ad
2016 2473 2167 2557 flagrum,

164 2554 322 2621 dacorum
342 2555 634 2640 paedagogatum,
658 2576 722 2639 qua
743 2555 1142 2640 populiilliusquandam
1192 2556 1276 2621 61166
1297 2555 1437 2639 denique
1458 2555 1500 2620 ad
1521 2557 1637 2639 capitis
1669 2556 1873 2640 supplicium.
1917 2557 2054 2623 Falsum
2076 2560 2168 2625 testi·

163 2641 259 2708 velut
279 2642 454 2725 pueritiam
486 2663 638 2707 exercere
659 2641 803 2706 Domino
829 2642 938 2708 visum
960 2651 1017 2720 est,
1038 2642 1140 2709 donec
1191 2643 1340 2707 monium
1372 2640 1504 2706 talionis
1530 2662 1636 2725 poena
1661 2642 1748 2706 inter
1776 2642 1915 2708 Iudaeos
1947 2644 2167 2727 plectebatur;

118 2736 124 2743 “
164 2727 296 2795 veniret
326 2734 454 2810 tempus
481 2727 564 2794 illud
590 2726 820 2810 plenitudinis,
853 2750 916 2811 quo
945 2728 1141 2811 sapientiam
1192 2727 1272 2792 alibi
1292 2728 1386 2811 gravi
1408 2735 1538 2792 tantum
1559 2727 1754 2811 ignominia,
1777 2726 1855 2792 alibi
1876 2727 2066 2811 suspendio,
2089 2729 2168 2795 alibi

166 2834 260 2879 suam
287 2813 386 2879 terris
414 2812 616 2897 adplenum
642 2813 883 2893 manifestaret,
910 2816 1142 2881 severitatem
1192 2832 1295 2878 cruce.
1339 2812 1566 2878 Homicidium
1597 2835 1711 2879 omnes
1741 2814 1864 2896 pariter
1890 2814 1980 2898 leges
2006 2816 2173 2899 sanguine

165 2897 336 2965 exhiberet
362 2919 474 2964 earum
502 2921 611 2964 rerum
633 2919 715 2981 quac
738 2906 808 2964 tum
829 2901 944 2984 figuris
966 2899 1141 2965 adumbra-
1192 2898 1411 2980 ulciscuntur,
1446 2898 1584 2965 diversis
1616 2907 1727 2964 tamen
1753 2899 1868 2964 mortis
1899 2900 2082 2983 generibus.
2125 2900 2169 2966 In

164 2982 296 3050 bantur.
341 2983 523 3062 Iudicialis‚
557 2985 689 3069 politiae
717 2985 788 3050 loco
816 2985 882 3051 illis
909 2985 1002 3065 data,
1035 2993 1141 3053 certas
1193 2984 1359 3050 adulteros
1382 2984 1460 3051 alibi
1482 2986 1669 3063 severiores,
1693 2985 1772 3052 alibi
1791 2985 1928 3051 leviores
1950 2984 2074 3051 edictae
2091 2994 2170 3053 sunt

164 3069 340 3152 aequitatis
362 3077 395 3136 et
416 3071 561 3135 iustitiae
582 3071 739 3136 termulae
761 3069 927 3149 tradebat,
951 3073 1068 3154 quibus
1090 3072 1141 3136 in·
1193 3092 1325 3153 poenae.
1375 3069 1537 3137 Videmus
1574 3079 1685 3136 tamen
1713 3077 1752 3134 ut
1778 3070 1936 3136 eiusmodi
1978 3070 2169 3138 diversitate

164 3162 322 3223 nocenter
340 3164 374 3221 et
391 3157 499 3239 quiete
527 3159 614 3221 inter
635 3178 669 3222 se
691 3178 711 3221 a
734 3164 837 3221 erent.
881 3158 992 3240 Atque
1018 3165 1058 3222 ut
1083 3157 1141 3222 illa
1192 3156 1229 3220 in
1250 3156 1390 3222 eundem
1414 3177 1528 3221 omnes
1553 3159 1654 3223 finem
1682 3155 1829 3222 tendant.
1874 3156 1961 3221 Nam
1982 3178 2049 3222 uno
2071 3157 2171 3223 simul

167 3243 446 3307 caeremoniarum
474 3243 663 3308 exercitatio
685 3179 734 3307 ad
748 3243 878 3326 pietatis
905 3243 1037 3327 quidem
1066 3243 1140 3308 doc·
1193 3262 1249 3306 ore
1281 3261 1422 3391 poenam
1455 3243 1669 3324 pronuntiant
1695 3243 1731 3307 in
1757 3263 1797 3308 66
1824 3262 1907 3325 (1666
1939 3250 2075 3309 aeterna
2103 3244 2169 3309 Dei

167 3325 290 3393 trinam
310 3329 440 3411 proprie
467 3329 653 3413 pertinebat
681 3329 808 3414 (utpote
840 3349 922 3413 quae
944 3328 1141 3394 Iudaeorum
1191 3328 1264 3392 166
1305 3337 1438 3393 amnata
1455 3335 1535 3393 sunt
1551 3328 1703 3408 facinora,
1725 3349 1843 3411 nempe
1865 3328 2050 3407 homicidia,
2068 3329 2168 3407 hirta,

166 3410 334 3479 6661661661
367 3414 529 3479 retinebat
554 3416 590 3479 in
612 3415 675 3478 Dei
707 3416 798 3480 cultu
827 3437 865 3481 ac
887 3415 1070 3502 religione),
1099 3414 1140 3481 ab
1192 3349 1360 3492 adulteria,
1382 3414 1466 3479 falsa
1486 3412 1686 3494 testimonia3
1708 3414 1766 3480 sed
1786 3415 1822 3478 in
1844 3434 1967 3496 poenae
1987 3411 2084 3479 modo
2102 3435 2168 3481 non

163 3496 239 3580 ipsa
259 3504 370 3565 tamen
392 3501 513 3584 pietate
541 3500 699 3584 distingui
719 3508 863 3583 poterat,
886 3502 933 3566 ita
955 3502 1035 3566 haec
1056 3500 1141 3565 iudi·
1192 3499 1400 3564 conveniunt
1428 3500 1544 3583 Neque
1560 3520 1639 3566 vero
1656 3500 1691 3565 id
1709 3520 1841 3567 necesse
1859 3507 1918 3579 est,
1942 3521 2047 3583 neque
2068 3501 2168 3566 etiam

163 3581 289 3661 ciorum
316 3586 436 3664 forma,
458 3607 646 3669 quanquam
666 3607 733 3650 non
754 3586 818 3650 alio
840 3588 1020 3669 spectabat,
1043 3608 1142 3671 quam
1193 3584 1333 3668 expedit.
1377 3586 1442 3650 Est
1469 3586 1560 3670 regio
1589 3607 1687 3670 (1666,
1716 3587 1781 3653 nisi
1809 3585 1983 3651 horrendis
2010 3586 2169 3668 exemplis

161 3669 221 3752 qui
241 3671 363 3752 optime
390 3673 514 3736 servari
541 3680 652 3754 posset
673 3693 712 3736 ea
732 3673 804 3754 ipsa
825 3674 959 3751 caritas,
979 3695 1064 3756 quae
1087 3693 1141 3738 ae·
1192 3671 1228 3734 in
1258 3669 1437 3738 homicidas
1464 3673 1602 3752 saeviat,
1621 3672 1774 3740 caedibus
1801 3672 1914 3737 statim
1935 3680 1969 3735 61
1987 3671 2168 3736 16116616116

160 3756 670 3841 ternaDeilegcpraeeipitur,
694 3757 827 3840 abipso
855 3764 968 3823 tamen
995 3758 1140 3825 dileetio-
1192 3755 1359 3839 perdenda
1380 3758 1432 3822 sit.
1476 3759 1540 3823 Est
1567 3760 1733 3824 saeculum
1759 3756 1845 3841 quod
1870 3777 2051 3839 poenarum
2078 3775 2168 3820 acer-

160 3838 217 3909 nis
238 3848 411 3923 praecepto
432 3843 623 3908 distinctum
645 3841 800 3926 quiddam
822 3845 970 3910 habebat.
1017 3843 1140 3925 Quem·
1192 3842 1329 3907 bitatem
1362 3843 1478 3927 augeri
1508 3843 1660 3927 postulet.
1707 3842 1745 3906 Si
1772 3842 1849 3924 quid
1880 3840 2036 3905 turbatam
2063 3840 2106 3904 stt
2132 3840 2168 3906 in

161 3923 345 4005 admodum
372 3946 451 4010 ergo
483 3929 575 3993 salva
597 3937 630 3994 et
658 3930 814 3994 incolumi
838 3931 958 4013 pietate
988 3929 1140 4015 abrogari
1192 3933 1277 3994 stuta
1291 3929 1428 4010 publico,
1450 3931 1540 3994 66616
1561 3930 1670 3993 edictis
1701 3926 1882 4010 cmriqeado
1902 3930 1975 3991 sce
1995 3925 2168 4007 1611616116

162 4018 346 4095 potuerunt
370 4015 600 4091 caeremoniae,
623 4015 670 4079 ita
692 4022 725 4079 61
746 4015 923 4082 iudiciariis
946 4016 998 4081 his
1021 4017 1140 4082 consti-
1193 4015 1284 4080 nosci
1303 4016 1400 4081 solent
1409 4015 1503 4079 61616.
1525 4012 1613 4077 Belli
1634 4018 1776 4093 tempore,
1794 4012 1829 4076 in
1846 4031 2008 4076 armorum
2026 4011 2167 4093 strepitu,

123 4162 130 4175 ,
163 4094 347 4165 accontus
369 4097 515 4177 sublatis,
533 4106 690 4181 perpetua
710 4102 855 4168 caritatis
876 4102 982 4168 officia
999 4110 1033 4167 et
1048 4124 1142 4186 prae·
1192 4101 1360 4167 concideret
1386 4101 1488 4165 omnis
1517 4097 1712 4176 hamanitas,
1744 4096 1811 4162 nisi
1842 4096 1965 4161 scotto
1991 4117 2168 4179 poenarum

165 4190 261 4265 cepta
281 4203 415 4247 manere
437 4192 582 4265 possunt.
625 4184 772 4266 Quodsi
794 4209 911 4252 verum
931 4196 989 4268 est,
1008 4189 1143 4255 libertas
1195 4193 1276 4252 meu
1303 4187 1419 4250 tritecto.
1464 4183 1508 4248 16
1529 4184 1705 4262 sterilitate,
1726 4184 1761 4247 ia
1776 4182 1972 4265 pestitetitio,
1993 4183 2059 4248 atsi
2079 4182 2170 4248 acet

164 4273 255 4334 certe
277 4268 417 4352 singulis
433 4271 585 4352 gentibus
606 4271 720 4336 relicta
736 4280 787 4337 est
803 4273 964 4339 condendi
982 4296 1063 4358 (1666
1081 4274 1143 4339 sibi
1195 4273 1302 4337 beatur
1322 4272 1425 4335 maier
1442 4271 1598 4349 secerttus,
1614 4290 1745 4351 pessum
1761 4269 1848 4333 ibaat
1864 4269 1979 4335 emnia.
2011 4268 2075 4334 Est
2091 4288 2172 4352 gens

164 4352 347 4420 conducere
369 4354 579 4437 providerint,
600 4356 703 4440 leges:
726 4381 809 4441 quae
830 4367 941 4425 tamen
964 4360 1005 4426 ad
1027 4381 1142 4443 perpe-
1195 4359 1231 4423 in
1253 4357 1371 4420 vitium
1421 4354 1562 4419 uoddam
1590 4357 1796 4439 propensior,
1819 4354 1885 4421 nisi
1907 4354 2064 4420 acerrimo
2086 4373 2173 4418 com·

166 4444 261 4503 tuam
287 4439 380 4505 illam
407 4441 552 4506 caritatis
584 4442 733 4524 regulam
761 4436 951 4529 erigantur,
981 4454 1019 4510 ut
1039 4447 1144 4511 forma
1195 4448 1356 4525 pascatur.
1400 4377 1512 4522 Quam
1541 4442 1705 4525 malignus
1737 4442 1849 4520 1116111,
1873 4460 1910 4504 66
1931 4440 2061 4523 publico
2089 4440 2174 4505 bono

167 4522 300 4606 quidem
327 4525 471 4605 varient,
504 4527 665 4591 rationem
698 4528 841 4594 habeant
865 4530 1011 4596 candem.
1056 4531 1143 4596 Nam
1195 4527 1342 4605 invidus,
1366 4528 1420 4610 qui
1442 4527 1503 4593 1611
1519 4527 1710 4593 diversitate
1737 4526 1935 4605 offendetur,
1965 4525 2006 4590 ad
2029 4525 2173 4590 retinen-

166 4606 324 4675 barbaras
350 4612 425 4677 illas
455 4621 488 4676 et
508 4614 594 4677 feras
624 4613 727 4695 leges,
758 4617 871 4697 quales
900 4618 1034 4681 fuerumt
1061 4639 1143 4699 quae
1196 4614 1272 4677 dam
1306 4612 1388 4697 legis
1421 4613 1485 4678 Dei
1517 4614 1777 4679 observationem
1816 4609 2172 4678 accommodatissima?

165 4694 259 4761 fines
276 4697 397 4762 honore
414 4697 701 4782 prosequebantur,
720 4721 803 4782 quae
820 4704 1022 4784 promiscuos
1039 4704 1144 4767 coitus
1195 4700 1282 4764 Nam
1302 4698 1387 4782 quod
1409 4700 1550 4765 iactatur
1572 4721 1591 4764 6
1614 4698 1825 4782 quibusdam,
1848 4699 1920 4763 fieri
1942 4697 2175 4763 contumeliam

167 4783 412 4866 permittebant,
433 4784 580 4867 aliaeque
601 4784 704 4849 multo
726 4794 796 4850 tum
818 4788 975 4853 foediores
998 4788 1143 4852 1111661)-
1193 4787 1261 4870 legi
1282 4785 1345 4849 Dei
1374 4806 1433 4869 per
1459 4786 1577 4851 Mosen
1598 4786 1697 4865 latae,
1725 4805 1829 4867 quum
1856 4783 2012 4868 abrogata
2037 4783 2095 4847 illa
2116 4802 2176 4846 no-

167 4865 350 4946 surdiores,
383 4892 441 4952 pro
474 4870 601 4953 legibus
631 4871 798 4937 habendas
836 4874 972 4938 minime
1012 4895 1142 4939 censeo:
1196 4894 1257 4939 vae
1279 4871 1362 4935 aliae
1382 4871 1431 4935 illi
1453 4872 1693 4954 praeferuntur,
1716 4870 1934 4936 vanissimum
1956 4875 2015 4935 est.
2060 4868 2176 4951 Neque

168 4952 433 5037 quandoquidem
455 4956 633 5021 abhorrent
651 4957 691 5023 ab
709 4959 799 5022 omni
816 4981 883 5023 non
901 4959 1026 5025 iustitia
1047 4960 1143 5024 modo
1197 4960 1284 5024 enim
1306 4957 1388 5021 61166
1410 4957 1457 5022 1111
1479 4958 1725 5039 praeferuntur,
1750 4955 1827 5021 dum
1855 4956 1962 5039 magis
1982 4955 2173 5038 probantur,

166 5036 228 5107 md
250 5038 456 5105 humanitate
477 5043 576 5107 etiam
598 5049 632 5106 et
652 5044 913 5109 mansuetudine.
1196 5067 1263 5110 non
1284 5042 1423 5126 simplici
1455 5042 1639 5121 collatione,
1661 5040 1719 5108 sed
1741 5047 1939 5123 temporum,
1961 5040 2040 5117 loci,
2065 5040 2175 5123 gentis

259 5129 307 5190 16.
352 5124 393 5189 Id
420 5127 505 5206 quod
533 5128 600 5193 dixi
633 5129 770 5212 planum
798 5132 870 5210 fiet,
900 5133 928 5196 61
955 5132 990 5196 in
1016 5131 1144 5216 legibus
1198 5128 1397 5208 conditione3
1425 5135 1484 5193 aut
1504 5128 1562 5193 illa
1583 5129 1761 5211 abrogatur
1782 5148 1865 5208 (1666
1886 5126 1980 5191 nobis
2001 5126 2069 5190 lata
2089 5147 2174 5190 nun·

166 5211 322 5279 omnibus
344 5209 409 5275 duo
436 5213 531 5292 haec,
555 5222 593 5279 ut
614 5212 720 5295 decet,
747 5216 930 5283 intuemur:
959 5218 1040 5302 legis
1068 5164 1295 5300 666-1116616
1323 5215 1393 5279 fuit.
1439 5212 1609 5296 Siquidem
1636 5235 1704 5278 non
1731 5233 1804 5278 eam
1828 5211 2079 5297 1161616661161
2105 5231 2177 5275 ma·

257 5311 375 5367 0616161·
387 5328 483 5381 opera.
529 5315 593 5368 Vol.
608 5315 653 5371 11,
757 5354 761 5365 .
1927 5313 1961 5367 70

2029 5542 2065 5607 ἔξ
