4672 5842
163 317 226 378 969
502 315 592 380 LIB.
616 316 676 381 IV.
720 316 784 382 DE
806 312 1043 381 nxvnanls
1067 313 1233 382 MEDIIS
1255 317 1320 382 AD
1344 316 1575 384 SALUTEM.
1620 316 1719 384 CAP.
1741 318 1818 384 XV.
2104 327 2166 389 970

163 524 249 580 θεεθ,
277 512 315 565 ut
344 503 517 584 pravitatis
544 513 677 567 nostrae
703 504 842 568 convicti
871 511 1015 568 nostram
1036 504 1140 585 impo-
1191 505 1349 586 loquitur;
1376 506 1483 587 ipsum
1506 526 1577 569 csse
1605 506 1661 587 qui
1683 527 1743 570 nos
1765 516 1902 590 purgat,
1927 509 2045 590 abluit,
2068 510 2167 578 delic-

163 590 301 653 tentiam
324 597 357 651 et
378 590 544 653 miseriam
565 590 785 653 confiteamur.
830 590 942 666 Porro,
965 589 1043 671 quia
1064 610 1140 670 pra-
1192 599 1301 654 torum
1318 591 1509 654 memoriam
1528 590 1647 669 abolet;
1670 593 1777 672 ipsum
1796 613 1866 657 esse
1885 597 1940 677 qui
1959 597 2073 660 mortis
2090 617 2168 663 suae

164 677 248 739 vitas
270 673 327 737 illa
348 681 486 738 naturae
505 695 571 738 non
588 683 655 738 tam
678 675 771 740 facile
794 686 930 757 apparet
950 676 985 739 in
1006 675 1139 739 homine
1192 677 1365 759 participes
1398 677 1490 753 facit,
1524 677 1579 759 qui
1612 684 1746 742 satanae
1777 700 1917 763 regnum
1950 680 2078 759 adimit,
2111 682 2168 764 qui

162 762 314 843 profano,
344 761 399 841 qui
427 762 496 824 sine
523 762 640 824 timore
657 762 721 825 Dei
744 759 974 843 cupiditatibus
997 762 1065 826 suis
1087 762 1140 824 in·
1192 763 1473 844 concupiscentiae
1501 770 1631 827 nostrae
1661 765 1747 828 vires
1775 775 1925 831 enervat:
1954 768 2021 830 imo
2048 770 2103 849 qui
2132 769 2168 832 in

163 845 292 929 dulget,
316 846 504 929 exemplum
524 847 559 909 in
580 846 712 911 homine
734 856 927 930 regenerato
949 848 1054 929 ponit,
1078 846 1140 910 hoc
1191 869 1291 912 unum
1311 848 1449 913 coalescit
1469 849 1635 927 nobiscum,
1657 854 1693 912 nt
1714 871 1783 913 cuni
1805 851 1909 916 induti
1933 853 1996 933 filii
2017 853 2082 918 Dei
2103 873 2168 918 cen·

162 943 214 998 est
236 934 271 995 in
294 954 328 996 εθ
350 932 429 1029 ipso.
475 932 566 997 Dicit
590 934 691 1014 igitur
719 941 909 1024 perpetuam
931 933 993 997 sibi
1015 933 1139 1017 luctam
1191 954 1324 998 scamus.
1368 934 1476 1011 Haec,
1500 935 1651 1016 inquam,
1674 945 1741 998 tam
1764 957 1841 1000 vere
1864 946 2016 1020 cernique
2038 939 2168 1005 animae
2287 950 2290 957 '

163 1040 234 1083 esse
264 1032 338 1081 cum
360 1017 506 1101 reliquiis
534 1019 641 1083 carnis
663 1039 754 1094 suae,
783 1039 882 1100 seque
909 1019 1054 1084 vinetum
1076 1018 1139 1082 mi·
1191 1027 1321 1084 nostrae
1343 1022 1432 1083 intus
1447 1026 1620 1099 proestare,
1643 1041 1741 1102 quam
1770 1031 1858 1087 certo
1879 1022 2028 1089 videmus
2050 1046 2167 1107 corpus

164 1125 238 1170 sera
265 1103 425 1168 servitute
447 1103 600 1182 detineri,
630 1108 802 1186 quominus
825 1126 859 1168 se
882 1113 987 1168 totum
1009 1104 1139 1168 divinae
1191 1113 1339 1170 nostrum
1358 1115 1453 1170 extra
1475 1105 1572 1184 ablui,
1596 1105 1770 1190 submergi,
1794 1109 1998 1174 circumdari.
2034 1110 2166 1176 Isthaec

163 1191 246 1274 legis
285 1188 487 1254 obedientiae
525 1200 699 1254 consecret.
750 1191 872 1272 Itaque
906 1212 981 1255 cum
1013 1192 1138 1273 gemitu
1191 1193 1279 1255 enim
1302 1191 1371 1256 sive
1390 1191 1548 1274 analogia,
1572 1193 1641 1256 sive
1663 1192 1850 1270 similitudo,
1866 1195 1891 1277 ¹)
1914 1197 2095 1260 certissima
2117 1206 2168 1261 est

163 1276 292 1360 cogitur
319 1275 502 1340 exclamare
531 1274 640 1358 (Rom.
665 1281 699 1353 7,
723 1277 793 1359 2t):
826 1275 940 1339 infelix
962 1277 1035 1359 ego!
1066 1277 1139 1358 quis
1191 1284 1469 1342 sacramentorum
1491 1278 1619 1360 regula:
1648 1287 1685 1342 ut
1710 1279 1746 1341 in
1766 1279 1863 1344 rebus
1885 1283 2048 1364 corporeis
2070 1283 2165 1366 spiri·

162 1384 215 1427 me
241 1360 392 1426 liberabit
414 1362 453 1426 de
476 1382 610 1444 corpore
632 1363 694 1426 hoc
716 1363 811 1425 morti
834 1361 996 1427 obnoxio?
1041 1359 1138 1442 Quod
1191 1364 1296 1428 tuales
1324 1363 1578 1445 conspiciamus,
1595 1365 1730 1443 perinde
1756 1385 1793 1428 cc
1820 1366 1850 1428 si
1871 1387 1975 1430 coram
1996 1368 2094 1432 oculis
2115 1390 2167 1433 no

163 1450 191 1514 si
219 1448 278 1512 filii
306 1446 371 1511 Dei
400 1449 521 1529 captivi
549 1448 585 1510 in
612 1468 741 1513 carcere
770 1448 958 1512 detinentur
982 1447 1138 1529 quamdiu
1190 1450 1266 1514 stris
1294 1450 1446 1514 subiedm
1472 1449 1588 1529 forent,⁸
1616 1449 1745 1530 quando
1775 1450 1958 1515 istiusmodi
1977 1455 2092 1535 figuris
2114 1475 2166 1518 re-

162 1536 297 1610 vivunt,
327 1554 525 1615 magnopere
547 1535 661 1597 anxios
684 1555 754 1598 esse
776 1555 908 1599 necesse
931 1543 981 1597 ost
1001 1533 1136 1617 periculi
1190 1542 1398 1616 praesentare
1427 1535 1569 1598 Domino
1602 1536 1709 1599 visum
1738 1545 1795 1599 est
1848 1537 1922 1601 Non
1950 1539 2027 1620 quia
2058 1561 2166 1604 sacra·

161 1622 213 1685 sui
235 1619 436 1701 cogitatione,
460 1620 523 1682 nisi
547 1618 623 1684 huic
647 1620 755 1683 timori
778 1619 905 1683 obviam
929 1628 1030 1684 eatur.
1075 1621 1138 1683 At-
1190 1634 1300 1684 mento
1329 1620 1411 1684 tales
1439 1621 1563 1702 gratiae
1590 1620 1735 1703 illigatae
1764 1622 1973 1704 inclusaeque
1995 1625 2075 1702 sint,
2103 1646 2166 1707 quo

162 1708 247 1770 texit
268 1725 346 1788 ergo
368 1706 404 1769 in
428 1704 514 1770 hunc
539 1726 634 1769 usum
664 1705 933 1783 consolationem,
962 1706 1046 1769 nihil
1068 1727 1138 1770 esse
1190 1707 1260 1771 eius
1287 1708 1410 1770 virtute
1438 1705 1531 1770 nobis
1558 1707 1781 1784 conferantur3
1816 1707 1873 1772 sed
1901 1708 2063 1772 duntaxat
2091 1711 2167 1792 quia

161 1791 382 1856 damnationis
412 1791 552 1872 amplius
579 1791 620 1855 iis
647 1793 701 1873 qui
730 1801 808 1856 sunt
835 1792 872 1854 in
899 1791 1032 1856 Christo
1053 1791 1136 1856 Iesu.
1190 1793 1253 1857 hac
1275 1802 1399 1856 tessera
1420 1791 1625 1855 voluntatem
1654 1814 1745 1857 suam
1775 1793 1868 1857 nobis
1890 1795 2052 1858 Dominus
2074 1797 2166 1860 testi·

162 1878 228 1944 Ubi
252 1876 353 1952 docet,
381 1897 436 1940 eos
455 1899 535 1959 quos
558 1878 656 1941 semel
679 1877 842 1941 Dominus
864 1878 987 1959 recepit
1007 1879 1041 1940 in
1064 1898 1138 1960 gru·
1190 1880 1320 1942 ficatur:
1356 1898 1472 1959 nempe
1502 1900 1536 1942 sc
1566 1878 1648 1943 haec
1675 1879 1785 1942 omnia
1813 1879 1905 1945 nobis
1930 1880 2015 1945 velle
2042 1880 2173 1964 largiri.-

162 1966 261 2040 tiam,
291 1964 326 2026 in
348 1962 473 2028 Christi
496 1964 548 2027 sui
570 1964 830 2028 communionem
854 1964 1006 2039 inseruit,
1029 1964 1064 2027 in
1087 1985 1138 2027 ec·
1194 1964 1301 2044 Neque
1328 1968 1447 2027 toruum
1474 1964 1557 2027 nudo
1584 1965 1754 2044 spectaculo
1777 1967 1883 2044 pascit
1911 1967 2026 2043 ocutos,
2054 1968 2109 2031 sed
2131 1968 2167 2032 in

163 2050 282 2116 clesiac
304 2051 491 2114 societatem
512 2071 571 2131 per
594 2050 792 2131 baptismum
810 2051 980 2131 cooptavit,
1004 2049 1083 2113 dum
1104 2050 1139 2112 in
1191 2072 1256 2114 rem
1268 2055 1464 2129 praesentem
1483 2070 1540 2112 uos
1557 2050 1692 2128 adducit,
1715 2057 1743 2114 et
1760 2052 1840 2130 quod
1855 2052 1980 2134 simunt,
2003 2052 2167 2133 efficaciter

163 2135 289 2218 Christi
318 2135 381 2199 fide
409 2143 634 2217 perseverant,
664 2136 791 2199 etiamsi
820 2145 991 2217 apeccato
1013 2134 1139 2200 obside·
1190 2136 1286 2201 simul
1308 2136 1419 2215 inspld.
2107 2205 2109 2208 y

162 2231 280 2300 antur,
314 2230 411 2305 atque
445 2221 525 2285 adeo
558 2231 726 2303 peccatum
761 2222 796 2284 in
830 2242 864 2284 se
897 2222 1137 2299 circumferant,
1281 2226 1327 2284 15.
1371 2221 1481 2285 Huius
1504 2220 1735 2285 documentum
1759 2223 1802 2286 sit
1823 2222 1996 2289 Cornelius
2020 2224 2166 2289 centurio

163 2320 256 2372 reatu
289 2315 401 2371 tamen
430 2316 463 2370 et
492 2305 702 2371 damnatione
731 2329 801 2371 esse
828 2306 1002 2371 absolutos.
1046 2307 1139 2370 Haec
1192 2308 1280 2389 (Act.
1309 2312 1361 2383 10,
1385 2306 1456 2389 18),
1480 2308 1536 2389 qui
1559 2317 1765 2389 peccatorum
1786 2309 1990 2388 remissione,
2013 2311 2069 2391 qui
2090 2332 2166 2393 gra-

163 2397 189 2459 si
219 2394 357 2475 simplex
387 2406 437 2457 est
460 2413 496 2457 ac
519 2394 662 2476 genuina
684 2393 779 2457 Pauli
802 2393 1044 2475 interpretatio,
1071 2414 1137 2455 non
1191 2394 1246 2457 tiis
1281 2392 1414 2475 spiritus
1447 2394 1552 2456 sancti
1584 2392 1767 2457 visibilibus
1799 2394 1866 2457 iam
1902 2403 1998 2459 antea
2026 2396 2165 2461 donatus

162 2489 213 2544 est
234 2477 320 2561 quod
340 2480 532 2543 inusitatum
555 2477 677 2561 aliquid
699 2478 829 2542 tradere
851 2478 1029 2543 videamur.
1192 2479 1371 2560 baptizatus
1401 2489 1463 2556 θεῖ,
1491 2498 1558 2541 non
1585 2478 1759 2561 largiorem
1787 2481 2011 2545 remissionem
2038 2503 2056 2545 θ
2086 2482 2166 2563 bap-

254 2571 299 2629 13.
345 2565 548 2630 Confessioui
576 2574 685 2628 zeutem
713 2572 844 2629 nostrae
872 2563 958 2646 apud
989 2564 1137 2627 homines
1189 2565 1286 2629 tismo
1320 2579 1450 2645 petens,
1486 2564 1544 2628 sed
1577 2565 1747 2629 certiorem
1779 2565 1854 2629 fidei
1889 2567 2164 2647 exercitationem,

162 2654 207 2718 sic
230 2653 332 2717 servit
354 2651 535 2732 baptismus.
581 2649 751 2732 Siquidem
773 2657 850 2713 nota
872 2659 921 2715 est
943 2671 1008 2731 qua
1029 2650 1138 2731 palam
1190 2652 1254 2714 imo
1274 2651 1408 2730 fiduciae
1433 2655 1629 2731 augmentum
1655 2672 1693 2714 ec
1710 2652 1847 2732 pipnore.
1893 2650 2058 2717 Obiecerit
2082 2653 2165 2717 forte

160 2740 354 2822 profitemur
372 2758 431 2801 nos
453 2736 573 2819 populo
595 2737 658 2800 Dei
681 2737 844 2801 accenseri
867 2736 965 2811 velle;
988 2756 1052 2817 qua
1073 2743 1137 2798 tos-
1189 2737 1318 2816 aliquis:
1348 2757 1407 2801 cur
1431 2735 1533 2818 igitur
1560 2736 1665 2800 Paulo
1693 2735 1819 2802 dicebat
1846 2738 1993 2802 Ananias
2023 2739 2110 2820 (Act.
2136 2744 2164 2817 9,

160 2834 272 2888 tamin
300 2846 359 2888 nos
388 2824 423 2886 in
446 2823 544 2887 unius
566 2823 628 2887 Dei
652 2822 793 2900 cultum,
821 2823 858 2885 in
885 2843 985 2886 unam
1008 2821 1136 2904 religio-
1193 2826 1256 2912 17),
1281 2831 1320 2885 ut
1340 2829 1473 2903 peccata
1490 2843 1549 2886 sua
1566 2843 1624 2904 per
1642 2822 1838 2905 baptismum
1861 2822 2016 2901 ablueret,
2040 2825 2067 2887 si
2085 2825 2165 2906 bap·

160 2932 237 2974 nem
263 2931 337 2974 cum
360 2908 558 2973 Christianis
587 2909 737 2973 omnibus
768 2910 967 2986 consentirc;
995 2929 1059 2990 qua
1081 2906 1136 2971 de·
1189 2908 1278 2971 tismi
1294 2907 1398 2990 ipsius
1416 2908 1537 2972 virtute
1554 2914 1686 2990 peccata
1704 2930 1768 2972 nou
1782 2908 1981 2974 abluuntur?
2015 2910 2165 2992 Respon-

128 2996 134 3001 ’
160 2997 261 3077 nique
293 2994 392 3058 fidem
427 3007 574 3058 nostram
601 2993 729 3079 publice
757 2996 975 3070 affirmamus,
1005 3002 1043 3058 ut
1070 3015 1137 3058 non
1190 2994 1263 3058 deo:
1300 2991 1439 3058 dicimur
1472 2994 1632 3076 accipere,
1660 2992 1823 3071 obtinere,
1850 2995 2042 3077 impetrare,
2070 2995 2164 3077 quod,

161 3078 259 3144 modo
278 3079 407 3144 laudem
431 3078 495 3145 Dei
518 3082 644 3163 spirent
665 3080 763 3146 corda
781 3091 902 3156 nostra,
926 3080 983 3144 sed
1004 3080 1137 3163 linguae
1190 3087 1347 3162 quantum
1376 3076 1418 3141 ad
1444 3078 1521 3143 fidei
1548 3086 1677 3143 nostrae
1699 3101 1846 3157 sensum,
1869 3080 1961 3145 nobis
1980 3102 2000 3145 a
2022 3081 2165 3146 Domino

162 3167 261 3231 etiam
297 3176 331 3229 et
364 3167 474 3230 omnia
508 3168 652 3250 corporis
678 3167 826 3231 membra
853 3167 970 3249 quibus
999 3172 1138 3248 possunt
1190 3165 1373 3241 exhibetur,
1396 3166 1464 3229 sive
1487 3164 1520 3227 id
1542 3173 1613 3228 tum
1634 3166 1777 3247 primum
1801 3173 1950 3245 testatur,
1974 3167 2042 3231 sive
2064 3175 2165 3231 testa

162 3251 453 3335 significationibus
491 3262 674 3334 personent.
729 3253 782 3317 Ita
814 3253 921 3328 enim,
960 3258 996 3315 ut
1036 3250 1136 3329 decet,
1191 3261 1263 3315 tum
1281 3251 1386 3334 magis
1403 3271 1441 3315 ao
1459 3252 1580 3315 certius
1599 3252 1779 3315 confirmat.
1814 3251 1888 3316 Hoc
1909 3253 2017 3334 itaque
2034 3260 2165 3317 tantum

161 3349 273 3402 nostra
295 3337 405 3401 omnia
423 3339 458 3401 in
479 3338 670 3420 obsequium
689 3339 812 3422 gloriae
831 3338 896 3402 Dei
914 3338 1136 3414 conferuntur,
1190 3336 1294 3402 voluit
1320 3337 1479 3400 Ananias:
1509 3345 1546 3400 ut
1573 3343 1681 3401 certus
1709 3338 1767 3413 sis,
1796 3337 1914 3415 Paule,
1943 3339 2080 3404 remissa
2106 3339 2165 3402 tibi

161 3445 226 3506 qua
249 3423 331 3487 nihil
354 3443 494 3488 vacuum
517 3446 587 3488 esse
610 3423 721 3502 debet,
749 3434 782 3488 et
803 3426 923 3489 caeteri
945 3435 1058 3488 nostro
1081 3445 1138 3487 cx·
1191 3445 1261 3487 esse
1282 3431 1424 3504 peccata,
1445 3420 1626 3505 baptizere3
1649 3423 1811 3504 promittit
1834 3424 1920 3487 enim
1944 3424 2107 3490 Dominus
2128 3425 2165 3489 in
2194 3419 2197 3429 ’

151 3509 270 3591 ¹amplo
292 3508 334 3573 ad
356 3508 470 3572 eadem
493 3509 601 3574 studia
623 3511 809 3575 incitantur.
824 3511 848 3593 ¹)
889 3510 965 3575 Huc
987 3509 1138 3591 respicie-
1190 3509 1351 3589 baptismo
1373 3508 1600 3572 remissionem
1621 3515 1843 3590 peccatorum3
1871 3509 1957 3573 hanc
1979 3511 2103 3592 accipe,
2133 3519 2167 3575 et

161 3598 220 3661 bat
240 3594 379 3672 Paulus,
409 3616 510 3677 quum
530 3597 749 3679 interrogaret
766 3595 954 3661 Corinthios
975 3616 1084 3659 annon
1103 3596 1137 3658 in
1191 3614 1325 3658 securus
1348 3601 1426 3657 esto.
1476 3596 1664 3676 Quicnqucm
1690 3595 1770 3659 mibi
1793 3597 1920 3659 unimus
1942 3617 2004 3659 non
2026 3603 2070 3660 est
2091 3596 2166 3675 bap·

161 3682 288 3748 Christi
322 3702 440 3744 nomen
472 3681 626 3765 baptizati
659 3682 798 3747 fuissent
830 3681 862 3766 (1
900 3681 973 3746 Cor.
1008 3685 1040 3758 1,
1073 3680 1136 3762 13).
1190 3680 1277 3745 ticini
1298 3679 1363 3743 cim
1382 3684 1557 3758 emmurne,
1581 3682 1657 3761 quin
1674 3681 1763 3763 spiro
1785 3682 1909 3745 aecedm
1925 3701 1975 3744 res
1996 3688 2023 3744 et
2040 3683 2164 3757 cadas,

162 3770 310 3832 Innuens
332 3765 469 3842 scilicet,
494 3787 531 3831 eo
552 3768 633 3849 ipsc,
657 3767 743 3850 quod
765 3768 800 3831 in
821 3769 892 3832 eius
914 3788 1035 3831 nomen
1057 3766 1137 3830 fuis-
1190 3770 1343 3847 quotenus
1362 3784 1425 3845 per
1452 3771 1576 3830 emerim
1602 3767 1706 3831 medio
1735 3765 1825 3829 Deus
1852 3770 2004 3844 spuatur.
2049 3764 2164 3829 Caete-

162 3861 236 3920 sent
257 3852 421 3933 baptizati,
441 3873 510 3915 sese
532 3853 580 3916 illi
599 3853 776 3932 devovisse,
798 3855 833 3918 in
851 3855 920 3918 eius
943 3873 1064 3916 nomen
1084 3852 1136 3914 iu·
1190 3873 1277 3927 rum,
1307 3872 1348 3914 ex
1377 3850 1440 3914 hoc
1469 3860 1688 3926 sacramento,
1722 3848 1994 3932 quemadmodum
2023 3871 2064 3912 ex
2092 3849 2164 3912 aliis

161 3961 260 4016 rasse,
285 3946 318 4002 et
339 3937 436 4001 fidem
455 3936 503 4000 illi
526 3958 618 4002 suam
642 3938 727 4020 apud
745 3939 895 4004 homines
913 3933 1135 4017 obstrinxisse,
1190 3938 1356 4014 omnibus,
1385 3937 1468 4000 nihil
1498 3937 1704 4018 assequimur
1731 3935 1794 3998 nisi
1813 3940 1972 4015 quantum
1994 3934 2058 3998 fide
2081 3936 2163 3999 acci-
2262 3981 2265 3987 f

161 4034 198 4090 ut
219 4024 366 4090 confiteri
389 4023 530 4105 amplius
559 4024 658 4088 alium
687 4045 754 4087 non
780 4037 912 4108 possent
933 4033 1063 4109 praeter
1085 4046 1136 4089 so-
1189 4024 1307 4107 pimus.
1352 4021 1390 4087 si
1419 4022 1499 4086 fides
1522 4022 1619 4098 desit,
1643 4021 1706 4082 erit
1727 4020 1762 4082 in
1783 4019 2009 4083 testimonium
2032 4022 2165 4104 impreti-

161 4113 229 4176 lum
252 4110 437 4185 Christum,
466 4108 532 4171 nisi
559 4110 795 4175 confessionem
822 4113 985 4195 abnegare
1012 4111 1137 4175 vellent
1189 4110 1309 4175 tudinis
1330 4113 1461 4184 nostrae,
1493 4127 1552 4186 quo
1574 4107 1621 4169 rei
1643 4124 1751 4167 coram
1773 4106 1845 4169 Deo
1862 4126 2064 4187 perapomur,
2088 4108 2164 4189 quia

162 4219 261 4280 quam
283 4197 318 4259 in
338 4195 499 4276 baptismo
522 4193 698 4259 ediderant
1188 4193 1397 4278 promissioni
1426 4191 1493 4255 illic
1521 4191 1615 4255 datae
1642 4190 1801 4254 increduli
1824 4191 1992 4255 fuerimus.
2038 4191 2163 4273 Quate-

250 4288 297 4346 14.
343 4282 440 4345 Nunc
462 4286 636 4362 postquam
659 4289 846 4345 enarratum
874 4293 923 4347 est
944 4282 1023 4364 quid
1046 4303 1137 4364 spoc-
1189 4304 1252 4345 nus
1274 4299 1352 4344 vero
1375 4277 1584 4341 confessionis
1606 4283 1736 4340 nostrae
1758 4275 1945 4360 symbolum
1968 4289 2025 4355 est,
2048 4278 2163 4341 testari

162 4370 283 4435 taverit
311 4368 477 4433 Dominus
516 4373 629 4429 noster
667 4367 701 4428 in
738 4366 941 4433 institutione
974 4368 1136 4450 baptismi,
1190 4387 1228 4431 eo
1258 4364 1413 4429 debemus
1440 4361 1594 4428 fiduciam
1621 4369 1768 4426 nostram
1796 4363 1831 4426 in
1852 4362 1917 4427 Dei
1939 4362 2162 4428 misericordia

163 4477 245 4538 quae
275 4456 319 4520 sit
347 4453 440 4518 nobis
469 4451 584 4517 utendi
613 4451 854 4534 accipiendique
881 4455 964 4517 rufio
992 4453 1137 4517 iudicare
1190 4473 1269 4527 esse,
1293 4459 1326 4514 ct·
1336 4450 1514 4532 puritatem
1531 4449 1721 4513 nostramin
1740 4456 1947 4532 peccatorum
1961 4449 2160 4528 remissione,

162 4550 351 4624 promptum
379 4549 436 4605 est.
490 4538 577 4602 Nam
596 4546 767 4624 ,quatenus
795 4539 969 4620 eripcndcc,
999 4539 1136 4617 utendae,
1190 4558 1274 4619 quae
1296 4543 1395 4616 parto
1422 4537 1511 4600 ciebis
1538 4543 1589 4600 est
1615 4557 1674 4616 per
1696 4535 1807 4599 Iesum
1829 4534 2014 4614 Christum,
2038 4555 2162 4616 nosque

163 4625 469 4708 confirmandaeque
500 4623 576 4689 fidei
598 4631 730 4687 nostrae
753 4621 864 4703 detur,
893 4626 1061 4689 sumendus
1088 4634 1138 4688 cst
1189 4623 1226 4687 in
1252 4621 1420 4685 ecclesiam
1449 4622 1513 4685 Dei
1534 4620 1679 4703 ingredi,
1709 4629 1748 4684 ut
1776 4641 1841 4685 uno
1863 4618 1939 4685 fidei
1963 4628 1996 4683 et
2018 4619 2162 4685 caritatis

164 4712 293 4792 quasis
316 4732 417 4774 manu
440 4711 544 4792 ipsius
567 4711 705 4789 euteria·
731 4716 855 4774 certum
882 4729 1138 4791 persuasumque
1190 4729 1351 4773 consensu
1374 4730 1448 4772 cum
1470 4707 1619 4772 fidelibus
1637 4706 1785 4770 omnibus
1807 4708 1957 4771 vivamus
1979 4706 2159 4769 unanimes.

163 4794 285 4859 habere
308 4797 474 4876 convenit,
504 4797 612 4882 ipsum
634 4817 705 4861 esse
732 4794 788 4876 qui
809 4796 904 4860 nobis
925 4816 984 4877 per
1005 4796 1138 4878 signum
1189 4794 1264 4858 Hoc
1276 4799 1467 4874 postrenum
1493 4792 1596 4857 voluit
1612 4792 1736 4856 Paulus
1755 4790 1787 4877 (1
1809 4791 1882 4856 Cor.
1906 4796 1952 4869 12,
1977 4791 2040 4877 13),
2060 4812 2161 4874 quum

1188 4879 1304 4961 inquit,
1327 4880 1363 4942 in
1386 4901 1452 4943 uno
1474 4901 1534 4945 nos
1552 4898 1665 4942 omnes
1682 4878 1799 4960 spiritu
1821 4877 1999 4960 baptizatos
2021 4898 2101 4955 esse,
2124 4883 2162 4942 ut

1190 4986 1294 5029 unum
1316 4987 1434 5048 corpus
1457 4967 1568 5030 simus,

163 4969 336 4979 .—-———-
345 4970 367 4975 —-

233 5102 248 5154 1
285 5099 355 5154 Olim
383 5098 471 5167 (1559.
502 5104 584 5175 1661)
610 5106 706 5160 citicae
734 5104 865 5172 scriptum
895 5109 968 5159 mut:
991 5102 1137 5157 incitentur

163 5171 237 5296 W
266 5187 283 5224 c
310 5184 338 5223 se
409 5171 480 5224 tibus
508 5173 566 5228 edd.
593 5173 719 5244 deinceps
748 5181 883 5228 enectum
904 5174 999 5241 mma
1021 5173 1139 5228 correxit
1376 5241 1382 5251 ο

211 5241 314 5312 qaae
345 5245 427 5292 ateva
444 5239 520 5320 reba.
1258 5241 1288 5308 1)
1306 5239 1450 5293 multitudo
1469 5237 1544 5292 1617.
