4672 5842
160 309 223 369 465
415 306 505 371 LIB.
528 304 593 370 III.
637 307 701 373 DE
725 304 860 372 MODO
882 304 1233 371 PEROIPIENDAE
1256 304 1448 372 CHRISTI
1470 306 1688 373 aalma.
1734 308 1833 375 OAP.
1857 310 1910 377 IV
1911 363 1919 378 .
2106 317 2170 378 466

159 494 350 576 iniquitates
372 495 482 576 palam
503 495 538 558 in
561 495 683 576 templo
706 495 927 559 confiteretur.
973 491 1143 575 Siquidem
1197 496 1327 560 mitates
1355 495 1438 559 alter
1461 495 1555 560 alteri
1577 495 1780 580 detegentes,
1793 569 1795 574 ,
1810 500 1942 564 oonsilio
1971 508 2003 564 et
2029 503 2175 567 consola-
2288 504 2295 520 ‘

161 582 224 645 hoo
246 578 481 645 adminiculum
509 580 576 644 illis
604 580 826 645 necessarium
848 601 919 644 esse
942 579 1142 662 providebat,
1196 581 1283 644 tione
1310 589 1425 645 mutua
1453 603 1512 645 nos
1534 581 1693 646 iuvemus.
1741 583 1907 663 Alteram,
1935 607 2017 668 quae
2039 588 2076 650 in
2098 610 2174 670 pro·
2231 596 2233 601 '

160 688 223 750 quo
253 668 476 749 unusquisque
503 666 620 731 melius
643 665 859 731 adduceretur
884 665 926 730 ad
948 666 1070 730 iustam
1092 667 1143 730 sui
1195 666 1276 730 rimi
1299 666 1439 749 gratiam
1461 665 1609 732 facienda
1630 674 1693 747 est,
1717 668 1759 732 ad
1781 670 1889 752 ipsum
1906 671 2119 753 placandum,
2141 681 2175 738 et

159 753 426 836 recognitionem.
471 753 517 816 Et
538 773 679 835 aequum
701 761 751 817 ost
777 761 815 815 ut
841 752 991 816 miseriae
1013 759 1143 816 nostrae
1196 753 1288 817 nobis
1306 752 1595 829 reconciliandum,
1626 754 1653 818 si
1671 775 1735 836 qua
1756 754 1792 818 in
1815 778 1850 820 re
1872 765 1983 822 nostro
2005 759 2084 822 vitio
2106 760 2173 824 lae·

160 839 377 915 confessione,
409 838 589 903 bonitatem
618 859 655 902 ac
678 835 934 903 misericordiam
952 837 1017 901 Dei
1039 838 1144 902 nostri
1196 860 1251 902 sus
1272 838 1378 902 fuerit.
1423 840 1473 903 Ac
1495 839 1529 903 in
1550 839 1657 921 priore
1678 839 1808 922 quidem
1830 844 1943 923 specie,
1968 846 2096 908 tametsi
2119 844 2173 909 Ia-

161 926 248 989 inter
270 946 329 990 nos
351 936 386 988 et
407 945 518 990 coram
540 933 606 988 tcto
628 924 751 987 mundo
774 923 985 988 illustremus.
1195 926 1293 990 oobus
1332 925 1497 989 neminem
1526 925 1720 989 nominatim
1752 927 1964 1011 assignand0,
2005 931 2040 992 in
2081 932 2173 995 cuius

127 1074 130 1081 ,
251 1014 298 1074 ll.
344 1010 417 1074 Hoc
445 1032 523 1075 vero
551 1008 728 1074 confitendi
749 1032 853 1093 genus
884 1016 917 1073 et
939 1008 1142 1074 ordinarium
1194 1012 1305 1075 sinum
1327 1032 1386 1075 nos
1408 1031 1632 1089 exoneremus,
1655 1011 1795 1076 liberam
1817 1015 1979 1094 permittit
2002 1015 2172 1095 delectum,

162 1118 233 1160 esse
265 1096 302 1159 in
334 1097 469 1161 ecclesia
497 1098 665 1175 convenit,
700 1106 733 1160 θι
762 1105 841 1161 tunc
870 1103 965 1159 extra
993 1095 1142 1159 ordinem
1194 1104 1232 1160 ιιι
1265 1097 1296 1160 ei
1324 1098 1538 1160 confiteamur
1565 1097 1619 1177 qui
1648 1118 1690 1160 ex
1718 1099 1872 1164 ecclesiae
1901 1122 2000 1184 grege
2027 1102 2173 1166 maxime

161 1182 323 1264 singulari
351 1181 446 1246 modo
472 1183 638 1265 usurpari,
668 1183 696 1247 si
724 1181 853 1265 quando
876 1181 1033 1264 populum
1055 1183 1161 1245 eom-⁴
1193 1183 1330 1247 idoneus
1351 1182 1450 1246 fuerit
1472 1182 1577 1260 visus;
1600 1183 1677 1263 quia
1697 1190 1809 1248 tamen
1831 1193 1978 1266 pastores
2000 1208 2079 1268 prae
2101 1188 2173 1253 aliis

161 1270 255 1331 muni
277 1268 385 1350 aliquo
409 1268 526 1332 delicto
548 1269 708 1352 obstringi
730 1268 913 1350 contigerit.
958 1268 1068 1332 Huius
1091 1288 1141 1331 se·
1195 1280 1232 1333 ιιι
1248 1269 1428 1350 plurimum
1440 1266 1603 1333 iudicandi
1619 1276 1697 1332 sunt
1706 1268 1825 1348 idonei,
1849 1272 2055 1352 potissimum
2073 1275 2173 1338 etiam

162 1354 262 1418 cundi
295 1356 425 1437 generis
457 1355 646 1437 exemplum
675 1353 834 1418 habemus
863 1355 899 1417 in
926 1353 1053 1417 solenni
1085 1353 1142 1417 illa
1195 1356 1287 1420 nobis
1313 1353 1456 1437 eligendi
1483 1362 1589 1417 erunt.
1640 1354 1724 1418 Dico
1751 1363 1861 1419 autem
1894 1357 1965 1421 ideo
1992 1380 2071 1440 prae
2100 1360 2173 1425 aliis

163 1440 379 1518 confessione,
404 1462 469 1523 qua
490 1441 630 1522 populus
653 1440 827 1504 universus
850 1439 1003 1522 auspiciis
1025 1438 1141 1504 ductu·
1194 1442 1373 1524 appositos,
1407 1439 1494 1522 quod
1527 1440 1598 1521 ipsa
1629 1439 1802 1505 ministerii
1831 1444 1998 1507 vocatione
2027 1447 2121 1510 nobis
2154 1466 2174 1508 a

163 1548 226 1608 que
254 1525 382 1590 Esdrae
416 1534 449 1591 et
476 1527 656 1591 Nehemiae
684 1526 882 1609 defungitur.
927 1525 1014 1589 Nam
1040 1546 1141 1608 quum
1194 1528 1336 1591 Domino
1359 1527 1588 1608 designantur,
1618 1546 1756 1607 quorum
1779 1548 1820 1590 ex
1842 1549 1897 1592 ore
1920 1529 2110 1595 erudiamur
2132 1531 2174 1596 ad

162 1612 317 1677 exsilium
338 1612 420 1676 illud
438 1612 639 1690 diuturnum,
663 1611 754 1675 urbis
774 1633 812 1676 ac
834 1611 949 1693 templi
966 1611 1140 1690 excidium,
1194 1612 1375 1696 subigenda
1396 1618 1424 1676 et
1445 1611 1627 1694 corrigenda
1649 1622 1796 1694 peccata,
1826 1620 1897 1676 tum
1919 1616 2173 1681 consolationem

162 1699 331 1782 religionis
359 1698 543 1781 dissipatio,
575 1699 757 1763 communis
779 1697 928 1760 omnium
954 1697 1141 1762 defectionis
1193 1720 1232 1763 aa
1255 1700 1362 1763 veniae
1381 1697 1502 1778 fiducia
1524 1698 1740 1778 percipiamus
1771 1698 1903 1782 (Matth.
1930 1704 1984 1778 16,
2007 1706 2061 1779 1ιι;
2095 1701 2170 1766 ibid.

161 1786 278 1849 fuisset
305 1805 423 1866 poena,
457 1805 525 1848 non
551 1792 704 1866 poterant
725 1783 927 1848 liberationis
948 1783 1142 1848 beneficium
1197 1781 1617 1866 18,18;10ann.20‚23).
1669 1780 1953 1862 Quemadmodum
1983 1787 2072 1849 enim
2097 1807 2169 1851 mu·

161 1878 199 1934 ut
220 1892 282 1954 par
304 1880 377 1933 erat
397 1892 582 1953 agnoscere,
605 1870 669 1934 nisi
692 1892 726 1934 se
749 1878 825 1934 ante
845 1891 916 1933 reos
937 1876 1139 1951 peragerent.
1193 1880 1270 1936 tuae
1309 1869 1538 1934 admonitionis
1576 1877 1610 1932 et
1647 1871 1858 1951 correptionis
1897 1872 2040 1936 officium
2073 1871 2171 1937 Chri-

161 1957 276 2038 Neque
305 1957 407 2020 refert
433 1957 459 2020 si
489 1957 524 2020 in
553 1979 618 2020 una
646 1956 897 2039 congregatione
924 1956 1020 2038 pauci
1042 1955 1142 2038 aliqui
1193 1958 1307 2022 stianis
1329 1955 1461 2039 quidem
1481 1953 1632 2018 omnibus
1660 1953 1893 2019 demandatum
1918 1964 1983 2034 est,
2011 1959 2170 2024 ministris

161 2041 326 2106 interdum
349 2044 416 2107 sint
437 2043 597 2120 insontos;
625 2042 755 2123 quando
784 2042 871 2105 enim
894 2042 1043 2106 membra
1064 2048 1142 2104 sunt
1193 2051 1304 2107 tamen
1336 2040 1519 2124 specialiter
1550 2050 1599 2104 est
1626 2040 1823 2120 iniunctum,
1857 2043 1904 2106 sic
1931 2064 2031 2125 quum
2058 2065 2172 2110 omnes

162 2128 310 2212 languidi
333 2150 370 2193 ac
392 2128 477 2193 male
498 2128 606 2193 allecti
628 2128 787 2209 corporis,
816 2147 883 2191 non
912 2125 1032 2191 debent
1053 2125 1141 2192 sani-
1193 2138 1309 2193 mutuo
1331 2149 1389 2192 nos
1412 2126 1586 2191 debeamus
1608 2126 1776 2203 consolari,
1800 2128 1884 2191 etin
1902 2128 2021 2192 fiducia
2039 2128 2171 2195 divinae

163 2223 264 2278 tatem
284 2214 414 2280 iactare.
462 2214 531 2277 law
550 2215 621 2295 fieri
642 2235 704 2277 aon
726 2218 827 2293 potest
848 2215 924 2294 quia
944 2214 1054 2294 aliqua
1075 2213 1143 2277 lube
1193 2212 1432 2280 misericordiae
1460 2213 1669 2288 confirmare,
1697 2212 1846 2278 videmus
1872 2221 1982 2278 tamen
2004 2217 2171 2281 ministros

161 2305 317 2364 eontracta
343 2300 465 2380 aliquid
494 2301 559 2383 ipsi
580 2303 674 2364 etiam
695 2299 805 2380 adpce
828 2299 1008 2364 radiarent.
1051 2300 1142 2381 Ergo
1193 2303 1289 2385 ipsos,
1312 2306 1351 2365 ut
1372 2299 1411 2363 de
1430 2298 1619 2362 remissione
1637 2308 1842 2379 peecatorum
1860 2301 2014 2364 certiores
2032 2301 2172 2365 reddunt

164 2387 290 2468 quoties
311 2386 365 2450 rel
386 2395 495 2467 peste,
520 2386 574 2452 vel
596 2386 694 2463 bello,
717 2385 771 2450 vel
794 2385 977 2463 sterilitate,
1005 2384 1057 2449 vel
1078 2384 1142 2448 alia
1194 2387 1416 2462 conscientias,
1440 2392 1539 2450 testes
1564 2384 1633 2447 eius
1656 2404 1693 2448 ac
1716 2405 1889 2466 sponsores
1907 2387 2068 2466 constitui,
2092 2388 2172 2452 adeo

163 2472 307 2553 qualibet
335 2472 520 2537 calamitate
547 2473 739 2555 affligimur;
773 2472 801 2535 si
826 2470 924 2536 officii
951 2471 1054 2535 nostri
1082 2478 1140 2548 est,
1194 2484 1232 2537 ut
1251 2473 1313 2555 ipsi
1327 2471 1477 2537 dicantur
1489 2470 1657 2533 remittere
1669 2478 1811 2552 peccata,
1834 2480 1868 2535 et
1888 2473 2014 2538 animas
2035 2473 2170 2538 solvere.

164 2557 206 2621 ad
228 2557 365 2635 luctum,
394 2558 435 2622 ad
457 2558 630 2635 ieiunium,
659 2565 693 2622 et
721 2557 785 2622 alia
812 2563 924 2622 reatus
948 2557 1043 2638 signa
1064 2577 1141 2620 oon·
1195 2558 1308 2638 Quum
1339 2557 1432 2622 audis
1460 2557 1521 2619 hoo
1549 2555 1613 2619 illis
1641 2556 1755 2633 tribui,
1789 2557 1825 2620 in
1855 2579 1952 2622 usum
1980 2567 2073 2622 tuum
2102 2581 2172 2624 esse

162 2643 285 2725 fugere,
307 2645 379 2726 ipsa
400 2645 567 2722 confessio,
590 2666 631 2708 ex
654 2665 718 2726 qua
740 2643 804 2707 alia
821 2643 931 2706 omnia
948 2641 1141 2724 dependent,
1194 2645 1309 2728 cogita.
1343 2645 1434 2727 Ergo
1456 2642 1490 2706 id
1508 2642 1606 2706 officii
1628 2642 1679 2706 sui
1696 2644 1919 2726 unusquisque
1937 2643 2084 2708 fidelium
2101 2667 2172 2711 esse

162 2730 296 2794 minime
319 2741 369 2795 est
390 2729 595 2813 negligenda.
641 2729 853 2794 Ordinariam
874 2727 974 2805 illam,
997 2736 1142 2810 praeter·
1195 2731 1394 2795 meminerit:
1419 2728 1447 2794 si
1464 2729 1512 2791 ita
1529 2727 1685 2809 privatim
1703 2728 1835 2810 angitur
1852 2737 1885 2793 et
1903 2730 2080 2795 afflictatur
2096 2752 2172 2813 pec·

163 2837 261 2897 quam
290 2816 375 2899 quod
396 2838 450 2880 ore
473 2815 608 2880 Domini
631 2814 857 2880 commendata
878 2822 943 2892 ost,
971 2835 1068 2878 nemo
1091 2835 1143 2878 sa
1194 2824 1341 2881 catorum
1362 2837 1475 2891 sensu,
1502 2821 1541 2877 ut
1561 2835 1596 2876 se
1618 2813 1781 2895 explicare
1802 2815 1865 2879 nisi
1884 2815 1990 2880 alieno
2012 2816 2172 2881 adiutorio

163 2923 235 2977 nus,
258 2921 402 2984 expensa
422 2902 493 2967 eius
515 2902 666 2979 utilitate,
688 2901 872 2983 improbare
894 2899 1020 2965 audeat.
1055 2900 1143 2964 Nam
1193 2911 1349 2985 nequeat,
1362 2922 1441 2991 ,non
1463 2899 1628 2983 negligere
1650 2900 1736 2982 quod
1759 2899 1807 2963 illi
1829 2920 1849 2962 a
1870 2901 2016 2966 Domino
2036 2902 2173 2967 offertm·

165 3008 264 3069 quum
286 2989 321 3051 in
344 2989 433 3052 omni
456 3010 548 3053 sacro
567 2995 732 3054 conventu
754 2987 909 3051 sistamus
931 3006 992 3051 nos
1013 2988 1049 3050 in
1066 3007 1142 3050 con-
1194 2987 1391 3065 remedium3
1424 3007 1542 3068 nempe
1576 2995 1613 3049 ut
1645 2985 1684 3050 ad
1714 3006 1749 3050 se
1778 2986 2017 3051 sublevandum
2043 2989 2173 3070 privata

163 3083 310 3156 spectum
337 3075 401 3138 Dei
423 3081 457 3138 et
478 3075 685 3157 angelorum,
709 3071 796 3155 quod
818 3073 881 3137 erit
902 3070 989 3136 aliud
1011 3072 1143 3136 initium
1195 3075 1397 3139 confessione
1425 3071 1513 3155 apud
1534 3093 1632 3136 suum
1648 3080 1813 3162 pastorem
1836 3079 1962 3151 utatur,
1993 3095 2031 3138 ac
2057 3073 2100 3138 ad
2121 3095 2172 3140 so-

163 3160 300 3224 actionis
314 3169 454 3238 nostrae,
467 3182 565 3243 quam
576 3159 781 3244 indignitatis
792 3166 923 3223 nostrae
941 3179 1015 3224 reco
1065 3157 1141 3223 'tiol
1194 3161 1274 3225 latia
1296 3159 1359 3225 sibi
1380 3157 1565 3223 adhibenda
1587 3158 1742 3240 privatim
1764 3159 1834 3222 eius
1856 3179 1990 3241 operam
2007 3160 2171 3243 imploret,

162 3246 265 3328 Atqui
286 3245 351 3324 illa,
374 3247 511 3328 inquies,
539 3248 578 3310 fit
600 3244 744 3327 qualibet
764 3245 961 3327 precatione.
1006 3180 1143 3325 {dotes
1195 3248 1288 3312 cuius
1302 3247 1457 3311 officium
1487 3251 1537 3308 est
1561 3252 1594 3307 θι
1620 3242 1748 3327 publice
1777 3252 1810 3308 θι
1838 3245 1994 3327 privatim
2016 3246 2172 3328 populum

162 3333 250 3394 enim
272 3353 444 3412 precamur
464 3331 612 3409 veniam,
639 3338 772 3414 peccata
799 3339 912 3395 nostra
940 3331 1140 3395 confitemur.
1195 3333 1259 3397 Dei
1280 3331 1471 3416 evangelica
1497 3329 1646 3395 doctrina
1673 3330 1841 3395 consolari.
1887 3331 2013 3395 Verum
2042 3354 2081 3396 ea
2102 3353 2172 3396 mo-

162 3416 299 3492 6οι0οη
322 3431 356 3480 at
376 3419 404 3482 si
426 3416 610 3482 consideres
631 3424 755 3499 quanta
777 3416 820 3481 sit
841 3425 953 3481 nostra
975 3417 1028 3482 vel
1050 3438 1142 3482 secu·
1196 3418 1363 3483 deratione
1392 3438 1522 3499 semper
1543 3414 1702 3480 utendum
1725 3425 1791 3493 est,
1821 3437 1864 3479 ne
1890 3416 1947 3480 ubi
1968 3418 2059 3481 Deus
2088 3417 2172 3482 nihil

164 3500 260 3576 ritas,
289 3502 341 3566 vel
364 3502 594 3579 somnolentia,
618 3503 672 3567 vel
693 3502 853 3581 socordia,
883 3503 1038 3568 concedes
1060 3503 1143 3567 mihi
1194 3514 1321 3570 certum
1342 3503 1549 3586 praescribit,
1578 3503 1795 3567 conscientiae
1822 3511 1909 3566 oerto
1937 3504 2014 3585 iugo
2036 3503 2173 3586 alligen-

163 3585 308 3651 salutare
331 3588 397 3652 fore
419 3589 614 3666 institutum,
639 3589 667 3653 si
689 3589 816 3653 solenni
837 3588 946 3670 aliquo
968 3587 1143 3654 confitendi
1195 3597 1257 3654 tur.
1302 3590 1392 3654 Hinc
1414 3589 1573 3670 sequitur,
1598 3586 1758 3651 eiusmodi
1779 3588 2012 3653 confessionem
2035 3590 2172 3654 liberam

163 3673 231 3735 ritu
260 3671 438 3738 christiana
464 3673 556 3755 plebs
585 3674 628 3738 ad
658 3674 917 3739 humiliationem
940 3684 1141 3740 exerceatur.
1195 3698 1265 3742 esse
1287 3684 1451 3759 oportere,
1473 3682 1600 3738 utnon
1622 3674 1663 3738 ab
1685 3673 1835 3739 omnibus
1858 3675 2026 3757 exigatur,
2053 3675 2109 3739 sed
2131 3676 2173 3740 iis

163 3759 311 3823 rlametsi
333 3753 422 3824 enim
444 3761 647 3824 caeremonia
675 3782 774 3842 quam
796 3760 961 3826 Dominus
983 3761 1142 3826 Israelitis
1194 3769 1323 3827 tantum
1344 3760 1591 3828 commendetur
1612 3761 1668 3841 qui
1689 3781 1783 3823 ease
1805 3781 1886 3842 opus
1909 3759 2028 3824 habere
2050 3760 2172 3824 intelli·

162 3847 329 3928 praecepit
350 3868 391 3909 ex
414 3846 496 3928 legis
517 3846 719 3930 paedagogia
740 3853 826 3924 erat,
855 3867 908 3911 res
936 3855 1047 3911 tamen
1070 3848 1143 3930 ipsa
1194 3855 1281 3933 gent.
1325 3847 1454 3912 Deinde
1480 3867 1523 3911 ne
1551 3845 1586 3910 hi
1612 3847 1676 3929 ipsi
1702 3846 1759 3928 qui
1786 3845 1843 3908 illa
1865 3853 2005 3908 utuntur
2031 3865 2090 3926 pro
2113 3867 2173 3910 sua

163 3929 271 4013 aliquo
294 3930 454 3996 modoad
476 3952 535 3995 nos
552 3952 679 4013 quoquo
696 3934 847 4014 pertinet
882 3933 929 3998 Et
950 3954 1030 3998 sane
1051 3932 1142 3997 vide·
1193 3934 1396 4011 necessitate,
1419 3931 1462 3996 ad
1483 3931 1709 3997 enumeranda
1730 3931 1840 3994 omnia
1861 3938 1995 4011 peccata
2011 3932 2172 4015 velprae-

163 4038 237 4081 mus
270 4017 359 4083 hunc
389 4039 516 4082 morem
548 4018 584 4081 in
616 4017 758 4083 ecclesiis
789 4018 873 4084 bene
904 4021 1041 4085 moratis
1068 4040 1143 4084 cum
1194 4030 1286 4104 cepto
1306 4021 1414 4104 aliquo
1429 4027 1596 4102 cogantur,
1620 4017 1673 4082 vel
1693 4024 1762 4080 arte
1772 4015 1979 4095 inducantur,
1999 4017 2057 4082 sed
2067 4017 2173 4101 quoad

163 4103 273 4166 fructu
295 4104 479 4181 observari,
509 4110 548 4166 ut
576 4102 715 4187 singulis
743 4102 856 4169 diebus
886 4106 1057 4171 dominicis
1080 4107 1142 4170 mi-
1194 4107 1352 4173 interesse
1385 4127 1445 4172 sua
1482 4102 1656 4186 putabunt,
1698 4108 1736 4164 ut
1774 4100 1913 4165 solidum
1944 4103 2173 4169 consolationis

164 4188 268 4253 nister
292 4190 467 4254 formulam
490 4189 699 4254 confessionis
725 4211 783 4254 suo
812 4198 846 4255 et
872 4191 983 4274 populi
1011 4193 1143 4257 nomine
1194 4194 1339 4259 fructum
1371 4193 1523 4257 referant.
1579 4189 1677 4253 Hane
1709 4187 1854 4253 eeclesiis
1887 4188 2073 4255 libertatern
2105 4212 2170 4255 non

164 4276 332 4358 concipiat,
356 4296 422 4359 qua
443 4297 515 4341 reos
538 4296 651 4339 omnes
669 4275 851 4357 iniquitatis
872 4279 1009 4362 peragit,
1032 4287 1065 4343 et
1087 4299 1143 4343 ve·
1194 4279 1290 4344 modo
1318 4279 1518 4360 relinquere,
1549 4275 1606 4340 sed
1633 4274 1718 4338 tueri
1745 4294 1872 4356 qnoque
1899 4283 1932 4339 et
1952 4275 2079 4339 fortiter
2099 4275 2172 4338 vin·

164 4361 254 4425 niam
287 4383 306 4425 a
337 4363 481 4428 Domino
510 4368 743 4443 comprecatur.
794 4361 939 4444 Denique
971 4364 1030 4428 boo
1061 4364 1144 4429 clave
1196 4364 1305 4430 dicare
1328 4364 1447 4430 debent
1468 4360 1525 4427 fidi
1547 4368 1703 4446 pastores,
1727 4359 1755 4424 si
1773 4360 1889 4425 volunt
1910 4368 1943 4424 et
1962 4358 2172 4445 tyrannidem

163 4451 227 4510 tara
248 4448 384 4531 siapalc's
399 4449 564 4531 privatim,
588 4467 684 4529 quom
705 4447 845 4514 oamibw
857 4451 983 4532 poetice
1003 4452 1145 4532 apodur
1196 4451 1308 4516 abesse
1329 4472 1349 4515 a
1370 4471 1429 4516 suo
1447 4447 1638 4525 ministerio,
1661 4456 1695 4511 et
1715 4468 1735 4510 a
1755 4446 1875 4529 populo
1897 4446 2171 4529 superstitionem

163 4532 207 4597 ad
221 4534 415 4614 precandam
434 4535 543 4600 iaaac.
1285 4540 1332 4600 13.
1376 4538 1429 4601 De
1461 4535 1564 4599 altera
1595 4541 1705 4598 autem
1733 4532 1877 4614 loquitur
1903 4530 2057 4596 Christus
2086 4531 2173 4614 apud

254 4623 301 4683 12.
346 4621 440 4686 Duas
468 4627 639 4702 praeterea
667 4619 815 4701 privatae
838 4621 1049 4693 consessionis
1078 4623 1143 4686 for·
1195 4622 1403 4687 Matthaeum
1422 4624 1466 4708 (5,
1479 4619 1551 4701 23):
1580 4620 1609 4684 si
1632 4621 1729 4684 offers
1746 4638 1867 4682 munus
1880 4626 1974 4681 tuum
1996 4616 2038 4681 ad
2060 4618 2173 4696 altare,

164 4724 234 4768 mas
256 4706 417 4787 scriptura
437 4706 562 4789 probat.
592 4705 704 4772 Unam
726 4726 808 4789 quae
826 4714 939 4771 nostra
956 4728 1054 4772 causa
1069 4709 1141 4773 fiat:
1195 4708 1294 4774 stibi
1316 4707 1504 4774 reeordatus
1526 4707 1626 4772 lucris
1656 4703 1744 4789 quod
1770 4704 1871 4768 frater
1892 4712 1969 4767 tuus
1993 4703 2092 4768 habet
2114 4703 2173 4768 ali·

164 4810 227 4871 quo
257 4793 400 4873 pertinet
429 4791 512 4857 illud
541 4791 651 4858 Iaeobi
679 4792 729 4870 (5,
761 4791 830 4877 16),
864 4802 903 4856 ut
934 4793 1018 4858 alter
1049 4793 1144 4859 alteri
1194 4795 1274 4878 quid
1294 4796 1469 4861 adversum
1491 4799 1533 4869 te,
1556 4792 1704 4873 relinque
1726 4790 1771 4855 ibi
1792 4811 1911 4854 munus
1929 4797 2033 4868 tuum,
2060 4797 2094 4855 et
2110 4790 2172 4869 abi,

165 4885 296 4956 peccata
318 4879 541 4944 confiteamur.
587 4875 699 4944 Sentit
727 4879 816 4944 enim
842 4885 881 4943 ut
903 4885 1032 4946 nostras
1049 4880 1141 4944 infir·
1195 4883 1350 4966 priusque
1383 4878 1592 4946 reconciliare
1625 4878 1721 4941 fratri
1753 4884 1824 4953 tuo;
1858 4883 1892 4940 et
1925 4884 2005 4942 tunc
2038 4876 2173 4942 veniens

1114 5018 1119 5032 .
1196 4968 1313 5034 offeres
1330 4988 1451 5032 munus
1470 4973 1573 5029 tuum.
1607 4961 1664 5028 Sic
1682 4962 1772 5028 enim
1791 4959 1962 5027 sarcienda
1983 4971 2034 5028 est
2055 4964 2174 5029 caritas

1195 5075 1280 5136 quae
1301 5061 1415 5119 nostra
1437 5051 1534 5132 culpa
1556 5048 1737 5128 dissiliet-it,
1767 5047 1898 5132 culpam
1918 5070 2020 5131 quam
2041 5048 2173 5115 admisi·

164 5164 289 5241 Merope
309 5175 445 5222 amcam
459 5168 1143 5239 reemtmcrderuncpaetni(eaee1585-1606
1195 5159 1271 5205 mm
1303 5135 1510 5291 ῧῖὓθὸῳῦἀο
1543 5143 1576 5200 et
1604 5134 1816 5235 deprfflaqdll·
1861 5133 1936 5235 §ub
1964 5135 2026 5200 11⁰⁰
2053 5157 2173 5236 6009Υο

164 5240 190 5287 et
214 5235 310 5305 Ὶιοι).
1195 5246 1326 5309 compre
1351 5223 1484 5290 endrtur
1501 5243 1615 5288 eorum
1631 5222 1790 5288 confessio
1813 5243 1870 5304 qm
1892 5242 1995 5303 usque
2014 5221 2056 5287 ad
2072 5229 2174 5288 totius

165 5049 369 5059 ————

269 5319 381 5377 0010606
392 5337 484 5392 opera
524 5321 582 5378 Vol
598 5321 643 5378 11.
1575 5355 1579 5364 «
1934 5321 1969 5376 30
