4672 5842
97 313 136 374 81
505 310 645 376 LIB.L
691 309 754 372 DE
777 306 1065 373 OOGNITIONE
1086 308 1169 372 DEI
1192 307 1466 377 OREATORIS.
1511 312 1611 380 OAP.
1635 314 1696 380 XI.
2064 317 2108 379 82

96 499 138 563 lis
145 522 154 577 ;
181 497 238 562 sed
260 499 480 580 propinquum
502 498 564 562 sibi
583 519 654 563 esse
676 518 743 562 non
765 495 988 575 confidebant,
1011 497 1075 561 nisi
1127 517 1208 578 quas
1231 495 1271 561 ab
1293 497 1473 563 idololatris
1500 503 1551 566 sui
1580 503 1700 568 saeculi
1722 503 1823 566 fuisse
1845 511 2031 583 praetextas
2054 525 2106 568 re-

96 584 198 650 oculis
225 591 397 649 cernerent
426 605 616 665 corporeum
642 583 755 647 vultus
783 584 853 647 eius
881 583 1074 667 symbolum,
1126 583 1191 646 fert
1201 583 1422 666 Augustinus:
1437 585 1461 669 ¹)
1485 607 1602 670 nempe
1614 610 1715 671 quum
1726 597 1952 670 arguerentur,
1971 610 2107 672 respon-

96 669 181 753 quod
209 671 271 735 sibi
299 670 522 735 testimonium
555 677 641 734 esset
674 670 887 752 gubernantis
920 667 993 733 Dei.
1043 669 1075 733 A
1127 668 1249 733 debant
1277 669 1444 751 vulgaros,
1473 681 1508 735 se
1536 696 1603 737 non
1629 674 1758 740 visibile
1785 672 1867 737 illud
1895 675 2013 749 colere,
2048 674 2106 739 sed

95 766 273 840 praeeunte
295 777 372 838 ergo
394 755 538 839 imagine
560 756 713 821 volebant
740 775 942 836 cognoscere,
966 755 1075 818 Deum
1128 775 1252 818 numen
1279 756 1365 836 quod
1395 757 1461 822 illic
1486 759 1694 824 invisibiliter
1716 759 1894 823 habitabat.
1939 758 2006 840 Qui
2028 781 2107 825 vero

95 843 223 907 itineris
246 843 307 907 sibi
329 863 399 906 esse
423 840 547 906 ducem.
593 840 633 905 Id
659 841 849 922 quotidiana
871 841 1075 922 experientia
1127 841 1339 923 purgatioris,
1372 849 1410 905 ut
1436 844 1506 926 ipse
1527 844 1684 927 loquitur,
1713 845 1882 927 religionis
1904 854 2013 924 crant,
2044 867 2105 911 nec

96 929 204 1005 docet,
238 929 417 1010 inquietam
445 949 573 1009 semper
601 949 672 991 osse
699 947 846 1004 carnem,
882 926 985 991 donec
1012 927 1074 991 sibi
1128 925 1354 1004 simulacrum,
1377 949 1437 992 nec
1459 928 1667 995 daemonium
1692 953 1727 996 se
1750 931 1854 996 colore
1877 932 2021 1009 aiebant3
2048 931 2103 996 sed

95 1015 201 1080 simile
222 1015 417 1097 figmentum
441 1022 537 1077 nacta
558 1021 609 1077 est
629 1014 664 1076 in
684 1034 748 1095 quo
770 1034 805 1077 se
827 1034 885 1095 pro
907 1012 971 1076 Dei
993 1014 1075 1076 ima-
1127 1033 1186 1094 per
1203 1013 1345 1096 effigiem
1362 1034 1550 1096 corpoream
1567 1017 1688 1081 intueri
1708 1017 1778 1082 eius
1795 1017 1844 1080 rei
1862 1017 1993 1099 signum
2007 1038 2105 1100 quam

94 1101 171 1184 gine
188 1101 332 1163 inaniter
349 1099 480 1163 soletur.
512 1096 676 1163 Omnibus
693 1099 760 1162 fere
778 1098 938 1181 &condito
952 1098 1075 1162 mundo
1128 1098 1231 1162 colere
1264 1097 1427 1164 deberent.
1479 1099 1569 1181 Quid
1602 1102 1701 1185 ergo?
1749 1100 1874 1167 Omnes
1906 1102 2105 1181 idololatrae,

95 1186 248 1264 saeculis,
289 1185 366 1250 huic
400 1206 514 1250 caecae
547 1185 717 1266 cupiditati
751 1194 788 1248 ut
819 1184 1075 1266 obsequerentur
1128 1185 1196 1249 sive
1219 1206 1259 1248 ex
1282 1183 1426 1262 Iudaeis,
1450 1187 1520 1251 sive
1541 1208 1583 1251 ex
1604 1190 1770 1270 gentibus,
1800 1209 1867 1252 uon
1889 1188 1985 1251 aliter
2005 1210 2103 1270 quam

94 1273 254 1351 homines,
277 1276 453 1335 erexerunt
474 1271 569 1353 signa
590 1272 626 1334 in
648 1270 765 1352 quibus
783 1271 891 1334 Deum
912 1270 974 1334 sibi
995 1292 1074 1352 prae
1126 1268 1250 1334 dictum
1278 1281 1328 1334 est
1354 1271 1489 1335 fuerunt
1516 1273 1666 1337 animati:
1701 1274 1861 1357 spirituali
1890 1274 2107 1356 intelligentia

95 1359 197 1424 oculis
220 1358 405 1423 carnalibus
427 1357 593 1421 obversari
616 1356 800 1421 credebaut.
1126 1376 1193 1418 non
1215 1357 1373 1433 contenti,
1401 1358 1573 1422 certiorem
1595 1380 1632 1423 ac
1651 1361 1836 1441 propiorem
1859 1382 1901 1424 ex
1922 1360 2107 1425 simulacris

182 1448 212 1507 9.
253 1443 333 1506 'Pale
353 1445 548 1525 figmentum
570 1444 718 1525 sequitur
739 1442 888 1524 protinus
911 1440 1072 1506 adoratio:
1125 1442 1323 1524 impressum
1345 1442 1387 1504 iri
1409 1443 1470 1506 sibi
1492 1443 1659 1525 putabant.
1704 1447 1885 1526 Postquam
1912 1446 2013 1509 semel
2036 1446 2105 1527 pla-

93 1552 196 1613 quum
218 1530 306 1594 enim
328 1530 437 1593 Deum
459 1549 494 1591 se
517 1528 665 1592 homines
689 1529 723 1591 in
746 1527 930 1591 simulacris
952 1528 1073 1591 intueri
1126 1529 1193 1591 cuit
1221 1535 1431 1609 praepostera
1462 1529 1525 1594 ista
1552 1530 1616 1593 Dei
1643 1531 1857 1606 assimulatio,
1893 1531 2004 1595 nullus
2029 1533 2106 1596 finis

93 1617 343 1691 arbitrarentur,
367 1626 400 1678 et
420 1615 528 1696 ipsum
546 1635 673 1696 quoque
690 1614 757 1677 illic
775 1614 952 1677 coluemut
986 1615 1073 1677 Tan·
1125 1614 1244 1690 factus,
1278 1613 1380 1678 donec
1407 1616 1502 1680 novis
1530 1615 1667 1680 subinde
1697 1617 1883 1698 praestigiis
1915 1616 2036 1696 delusi,
2070 1618 2106 1681 in

93 1703 169 1767 dem
199 1702 258 1764 toti
286 1710 319 1764 et
344 1701 463 1764 animis
491 1707 523 1762 et
547 1701 646 1764 oculis
668 1700 735 1764 illic
754 1700 858 1772 affixi,
888 1700 994 1781 magis
1016 1700 1073 1764 ob·
1125 1699 1324 1781 imaginibus
1352 1700 1460 1763 Deum
1488 1701 1557 1763 vim
1584 1722 1678 1765 suam
1705 1722 1855 1766 exserere
1880 1702 2105 1784 opinarentur.

93 1789 282 1854 brutesecre
314 1794 502 1868 coeperrmt,
538 1794 584 1863 et,
618 1787 711 1867 quasi
738 1784 862 1866 aliquid
892 1784 1074 1850 divinitatis
1124 1783 1346 1849 Nihilominus
1374 1796 1409 1847 et
1430 1786 1540 1850 Deum
1568 1796 1738 1851 aetornum
1759 1787 1890 1860 Iudaei,
1921 1809 2026 1851 unum
2049 1810 2106 1853 ve-

92 1876 225 1950 incsset,
249 1872 475 1954 obstupescere
498 1879 530 1935 et
553 1871 717 1935 admirari.
761 1871 834 1934 Iam
856 1879 992 1947 constat,
1015 1871 1073 1935 ho-
1124 1892 1261 1951 rumque
1283 1869 1364 1934 coeli
1387 1892 1425 1936 ac
1444 1880 1550 1936 terrae
1575 1872 1758 1951 dominum,
1787 1874 1847 1937 sub
1866 1873 1984 1937 talibus
2003 1874 2104 1937 simu-

93 1963 201 2025 mines
230 1959 272 2023 ad
300 1957 549 2023 simulacrorum
576 1957 702 2021 cultum
730 1979 796 2021 uon
823 1965 898 2020 ante
924 1978 1073 2038 prorum·
1124 1955 1222 2020 lacris
1244 1958 1390 2037 persuasi
1409 1966 1503 2021 erant
1525 1980 1560 2022 se
1583 1959 1703 2037 colere;
1724 1967 1757 2023 et
1779 1968 1901 2042 gentes,
1925 1979 2000 2022 suos
2029 1959 2106 2023 licet

93 2067 187 2130 pere,
216 2065 315 2127 quam
343 2045 499 2108 crassiore
526 2042 635 2124 aliqua
663 2044 815 2124 opinione
849 2043 915 2106 sint
942 2044 1071 2122 imbuti;
1125 2042 1223 2107 falsos
1250 2042 1335 2117 deos,
1359 2065 1441 2125 quos
1461 2051 1572 2108 tamen
1594 2044 1629 2108 in
1651 2045 1739 2109 coelo
1763 2045 1911 2109 habitare
1933 2046 2107 2128 fingerent.

93 2154 161 2196 non
193 2130 325 2212 quidem
346 2139 385 2192 ιιι
405 2129 482 2192 deos
505 2129 709 2206 existiment,
739 2128 796 2192 scd
821 2129 898 2210 quia
922 2129 990 2192 vim
1013 2129 1073 2192 ali·
1215 2132 1262 2190 10.
1307 2128 1381 2192 Hoc
1411 2129 1468 2210 qui
1488 2130 1628 2195 antehac
1649 2131 1789 2207 factum,
1815 2141 1848 2194 et
1869 2139 1983 2194 nostra
2004 2132 2104 2194 etiam

94 2237 194 2300 quam
221 2216 404 2280 divinitatis
433 2214 500 2278 illic
518 2213 703 2278 inhabitare
726 2214 958 2297 imaginantur.
1003 2215 1072 2278 Ita·
1125 2214 1283 2277 memoria
1304 2215 1375 2278 fieri
1398 2223 1530 2297 negant,
1551 2216 1760 2299 impudenter
1781 2216 1997 2280 mentiuntur.
2033 2215 2104 2280 Oui·

94 2325 158 2386 que
185 2303 254 2368 sive
281 2303 405 2378 Deum,
438 2301 507 2366 sive
539 2314 723 2364 creaturam
750 2299 809 2362 tibi
837 2299 872 2362 in
899 2300 1072 2365 simulacro
1125 2300 1214 2363 enim
1241 2320 1352 2364 coram
1379 2300 1454 2382 illis,
1472 2301 1748 2384 prosternuntur?
1794 2301 1864 2366 Gur
1891 2322 1961 2365 seso
1983 2301 2025 2364 ad
2045 2301 2104 2366 illa

93 2394 328 2471 repraesentes,
352 2386 406 2451 ubi
429 2385 471 2449 ad
493 2386 738 2450 venerationem
760 2387 985 2468 prosterneris,
1007 2386 1073 2450 iam
1125 2387 1306 2468 precaturi,
1336 2395 1492 2468 tanquam
1511 2387 1551 2451 ad
1574 2387 1639 2451 Dei
1660 2408 1771 2465 aures,
1800 2386 2017 2451 convertunt?
2063 2385 2102 2452 Si

93 2475 324 2557 superstitione
347 2472 456 2555 aliqua
476 2473 655 2537 fascinatus
673 2494 716 2536 es.
751 2471 826 2535 Hae
846 2473 980 2550 ratione,
1004 2473 1072 2537 Do·
1125 2471 1256 2553 quidem
1273 2493 1391 2536 verum
1408 2471 1561 2553 estquod
1579 2473 1626 2537 ait
1643 2474 1903 2556 Augustinus:·²)
1936 2473 2103 2537 neminem

92 2561 204 2625 minus
236 2581 302 2624 non
335 2567 462 2623 statuas
494 2556 590 2621 modo
619 2558 699 2641 erigi
729 2558 769 2622 ad
798 2579 832 2621 se
860 2557 1072 2641 effigiandum
1125 2577 1218 2620 orare
1252 2557 1305 2621 vel
1336 2556 1470 2622 adorare
1493 2559 1539 2623 sic
1571 2560 1753 2623 intuentem
1784 2559 2010 2632 simulacrum,
2045 2559 2102 2641 qui

92 2647 303 2721 fabrefactas,
337 2644 393 2709 sed
423 2643 536 2708 titulos
563 2645 662 2707 etiam
689 2643 851 2726 quoslibet
883 2654 916 2706 et
947 2644 1072 2726 lapides
1125 2664 1193 2706 non
1220 2644 1267 2707 sic
1294 2643 1457 2708 afficiatur
1482 2654 1520 2708 ut
1549 2644 1589 2708 ab
1617 2665 1655 2709 eo
1676 2643 1825 2709 exaudiri
1853 2665 1888 2708 se
1910 2654 2019 2727 putet,
2049 2645 2104 2708 vel

92 2732 277 2798 consecrari
318 2732 422 2796 vetuit
460 2731 514 2811 qui
554 2730 591 2792 in
623 2729 845 2793 adorationem
876 2739 1069 2812 prostarent.
1125 2729 1185 2794 sibi
1207 2731 1376 2810 praestari,
1411 2729 1498 2811 quod
1531 2729 1709 2806 desiderat,
1744 2738 1863 2811 speret.
1913 2729 1983 2794 Cur
2015 2730 2103 2793 inter

91 2818 220 2883 Eadem
241 2838 369 2900 quoquc
391 2817 517 2880 ratione
541 2816 574 2878 in
592 2826 764 2898 praecepto
787 2815 870 2896 legis
881 2815 984 2880 altera
995 2838 1072 2899 pars
1124 2813 1271 2878 eiusdem
1293 2816 1356 2879 Dei
1381 2816 1556 2880 simulacra
1577 2824 1707 2880 tantum
1731 2814 1913 2893 discrimen,
1938 2825 1976 2878 ut
1998 2816 2102 2879 altero

94 2903 134 2968 de
156 2902 344 2968 adoratione
362 2902 540 2967 subiicitur.
563 2901 648 2965 Nam
672 2902 877 2982 simulatque
895 2901 1003 2967 efficta
1022 2911 1073 2967 est
1123 2901 1313 2982 praeterito,
1342 2909 1399 2964 aut
1427 2902 1608 2985 vulgariter
1636 2902 1812 2977 honorato,
1844 2901 1984 2964 alterum
2012 2902 2103 2964 omni

92 2990 165 3055 Deo
182 2989 321 3055 visibilis
342 2990 456 3066 forma,
482 2987 558 3052 huic
580 3009 706 3069 quoque
729 2987 885 3070 alligatur
906 2987 1071 3055 illiusvir-
1124 2986 1250 3050 solenni
1277 2987 1400 3051 honore
1429 2986 1689 3069 prosequantur?
1735 2987 1805 3052 Our
1832 2987 1868 3050 in
1890 2985 2035 3051 visendis
2058 2988 2102 3051 si-

92 3084 156 3141 tus.
202 3075 256 3139 Ita
288 3074 410 3157 stupidi
443 3081 521 3138 sunt
553 3074 703 3138 homines
736 3080 773 3137 ut
799 3074 909 3137 Deum
935 3075 1073 3158 affigant
1123 3073 1287 3150 mulaeris,
1311 3094 1452 3154 quorum
1473 3073 1594 3137 similia
1616 3073 1702 3137 domi
1724 3093 1802 3138 suae
1824 3073 1955 3150 habeut,
1981 3072 2101 3136 votivis

92 3163 278 3243 ubicunque
296 3161 468 3242 affingunt,
488 3181 525 3225 oc
536 3159 672 3241 prande
693 3160 765 3223 fieri
782 3181 850 3223 non
866 3167 974 3241 potest
990 3162 1072 3243 quin
1123 3159 1442 3241 peregrinationibus
1470 3181 1504 3224 se
1526 3158 1689 3242 fatigant?
1735 3159 1803 3223 Cur
1824 3180 1883 3240 pro
1905 3158 1971 3223 illis
1993 3157 2099 3236 hodie,

94 3247 239 3311 adorent.
285 3247 399 3328 Neque
428 3248 566 3310 interest
597 3245 764 3310 idolumne
793 3246 986 3327 simphciter
1017 3267 1071 3313 co·
1122 3253 1280 3325 tanquam
1301 3265 1361 3327 pro
1384 3245 1450 3309 aris
1472 3253 1505 3308 et
1525 3245 1613 3322 focis,
1636 3244 1677 3309 ad
1699 3244 1813 3310 caedes
1835 3266 1939 3327 usque
1962 3254 1996 3308 et
2017 3251 2102 3308 stra-

91 3333 172 3410 lant,
196 3354 239 3396 an
257 3333 365 3396 Deum
386 3331 422 3395 in
442 3331 543 3396 idolo:
574 3331 653 3396 haee
672 3353 801 3414 semper
817 3330 1000 3396 idololatria
1021 3340 1072 3397 est
1123 3351 1180 3412 ges
1202 3328 1434 3413 digladiantur,
1457 3337 1496 3394 ut
1516 3331 1644 3394 facihus
1664 3331 1764 3395 laturi
1787 3331 1854 3394 sint
1875 3331 2010 3395 unicum
2032 3330 2101 3394 De·

93 3439 197 3502 quum
219 3416 320 3494 idolo,
354 3418 568 3499 qualicunque
598 3417 713 3496 colore,
742 3417 940 3481 exhibentur
966 3418 1071 3482 divini
1124 3438 1181 3479 um
1209 3417 1271 3480 sibi
1293 3416 1375 3499 eripi
1397 3437 1495 3498 quam
1519 3438 1580 3481 sua
1600 3416 1708 3481 idola?
1753 3417 1799 3480 Ilt
1820 3424 1930 3480 tamen
1952 3414 2100 3481 nondum

91 3505 246 3570 honores.
290 3503 336 3565 Et
356 3504 432 3583 quia
453 3505 677 3586 superstitiose
705 3502 766 3568 coli
788 3525 853 3567 non
875 3503 948 3568 vult
970 3505 1069 3582 Deus,
1123 3522 1248 3567 crassos
1281 3502 1373 3585 vulgi
1405 3523 1532 3567 errores
1561 3502 1630 3585 (qui
1659 3522 1761 3585 paene
1791 3502 1913 3566 infiniti
1941 3509 2033 3579 sunt,
2068 3509 2102 3565 et

92 3590 143 3654 illi
166 3587 304 3671 eripitur
332 3587 488 3669 quidquid
514 3590 682 3654 confertur
704 3591 738 3652 in
760 3588 854 3653 idola.
898 3590 976 3655 Huc
999 3592 1070 3654 arri-
1124 3588 1271 3651 omniurn
1292 3588 1359 3652 fere
1382 3589 1481 3652 corda
1498 3590 1673 3671 occupant)
1702 3609 1871 3664 enumero;
1902 3597 2032 3651 tautum
2048 3587 2101 3650 in·

92 3696 187 3740 mum
224 3672 397 3737 advertant
435 3676 491 3756 qui
528 3674 571 3738 ad
608 3675 828 3739 defensionem
863 3677 1071 3741 exsecrabilis
1124 3672 1195 3739 dico
1218 3673 1304 3756 quod
1323 3675 1387 3757 ipsi
1409 3676 1613 3756 profitentur,
1636 3696 1741 3756 quum
1759 3695 1793 3739 so
1812 3675 1955 3737 maxime
1967 3674 2006 3738 ab
2028 3673 2100 3747 ido·

94 3760 317 3835 idololatriae,
346 3780 411 3840 qua
437 3760 550 3824 multis
580 3761 720 3824 antchac
747 3761 885 3826 saeculis
913 3783 992 3826 vera
1020 3784 1070 3826 ro·
1122 3759 1252 3823 lolatria
1284 3781 1425 3842 purgare
1457 3761 1580 3824 volunt
1626 3761 1702 3824 Non
1734 3781 1901 3836 vocamus,
1935 3759 2099 3841 inquiunt,

94 3847 172 3930 ligio
194 3846 366 3912 submersa
385 3845 601 3928 subversaque
622 3847 698 3923 fuit,
722 3847 859 3915 miseros
879 3856 1071 3928 praetextus
1123 3853 1253 3910 nostros
1281 3845 1366 3909 deos.
1411 3846 1526 3928 Neque
1556 3846 1604 3908 illi
1634 3854 1692 3910 aut
1718 3845 1848 3921 Iudaei,
1879 3854 1935 3908 aut
1962 3845 2102 3926 gentilos

95 3941 311 4014 aucupantur.
367 3930 444 3994 Non
475 3940 684 4013 reputantur,
715 3933 881 4015 inquiunt,
913 3955 973 4017 pro
1009 3933 1072 3999 diis
1124 3931 1202 3994 olim
1218 3930 1390 4010 vocabant;
1420 3940 1453 3996 et
1474 3944 1585 3995 tamen
1604 3932 1784 4014 prophetae
1805 3930 1927 4012 passim
1949 3929 2014 3993 illis
2036 3931 2102 3994 for-

94 4019 265 4102 imagines.
306 4018 376 4082 Nee
402 4025 470 4079 tam
497 4038 630 4098 prorsus
656 4020 875 4102 incogitantes
902 4027 996 4083 eraut
1018 4020 1072 4083 Iu·
1125 4017 1303 4081 uicatioues
1333 4038 1409 4082 eum
1437 4017 1526 4099 ligno
1555 4028 1588 4081 et
1609 4016 1716 4099 lapide
1739 4018 1935 4099 exprobrare
1959 4038 2024 4080 nou
2047 4015 2103 4079 do·

96 4104 177 4181 daei,
200 4112 326 4168 utnon
348 4102 576 4167 meminissent
599 4104 707 4168 Deum
733 4106 833 4169 fuisse
856 4104 950 4170 cuius
971 4127 1071 4169 manu
1124 4104 1291 4180 sinebant,
1319 4111 1449 4166 tantum.
1478 4103 1518 4167 ob
1546 4124 1585 4166 ea
1612 4124 1695 4184 quac
1722 4102 1866 4185 quotidie
1894 4104 1934 4167 ab
1957 4104 1997 4167 iis
2018 4105 2104 4166 fiunt

95 4190 206 4255 educti
228 4198 338 4254 essent
359 4210 400 4253 ex
422 4191 583 4272 Aegypto,
610 4199 786 4272 rantequam
803 4190 1002 4256 fabricarent
1023 4194 1072 4256 vi·
1125 4190 1181 4270 qui
1203 4188 1384 4254 Christiani
1407 4188 1520 4252 haberi
1539 4189 1667 4253 volunt:
1692 4211 1808 4270 nempe
1830 4187 1918 4270 quod
1935 4190 2045 4252 Deum
2068 4188 2103 4250 in

95 4276 211 4339 tulum
256 4274 348 4356 Quin
370 4275 495 4338 Aaroni
517 4273 653 4352 dicenti,
675 4276 747 4340 illos
770 4297 841 4341 esse
863 4275 940 4341 deos
962 4298 981 4340 a
1001 4278 1072 4359 qui·
1124 4274 1213 4358 ligno
1236 4285 1269 4339 et
1289 4274 1396 4357 lapide
1418 4275 1592 4339 carnaliter
1612 4275 1863 4339 venerabantur.

95 4361 157 4427 bus
185 4362 316 4426 liberati
342 4369 453 4426 essent
480 4382 497 4425 e
524 4369 614 4423 terra
636 4361 794 4445 Aegypti,
821 4364 985 4446 intrepide
1014 4387 1072 4427 an·
1216 4367 1262 4424 ll.
1296 4359 1496 4442 Quanquam
1513 4381 1579 4424 non
1597 4362 1721 4444 ignoro,
1744 4383 1804 4425 nee
1827 4356 2102 4423 dissimulandum

95 4449 255 4525 nuebant,
288 4468 356 4511 non
375 4446 472 4511 dubia
492 4447 743 4529 significatione,
777 4449 860 4512 velle
878 4471 913 4513 se
932 4450 1072 4514 retinere
1125 4455 1184 4524 est,
1207 4445 1414 4511 distinctione
1436 4448 1525 4529 ipsos
1539 4447 1622 4510 elabi
1635 4447 1741 4529 magis
1755 4456 1882 4528 arguta,
1903 4442 2102 4522 cartrepcalo

95 4533 190 4597 illum
211 4534 323 4597 Deum
350 4534 571 4611 liberatorem,
601 4531 698 4597 modo
724 4544 934 4616 praeeuntem
960 4538 995 4598 in
1022 4537 1072 4599 vi-
1118 4539 1192 4614 post
1219 4534 1332 4596 iterem
1347 4533 1473 4613 pleuier
1497 4533 1550 4613 liet
1573 4533 1693 4596 cardiu.
1737 4531 1872 4595 Cultum
1895 4528 1984 4593 enim
2005 4549 2102 4609 quem

96 4619 164 4685 tulo
196 4620 429 4701 conspicerent.
479 4619 549 4684 Nec
580 4619 629 4682 ita
659 4617 780 4701 stupidi
814 4621 912 4686 fuisse
949 4610 1072 4686 ethnici
1125 4619 1308 4683 simulacris
1330 4618 1399 4682 suis
1415 4618 1618 4701 impendunt,
1642 4615 1888 4679 eldulodoclslar
1906 4637 1975 4678 esse
1988 4613 2120 4678 obtens

96 4703 249 4770 credendi
272 4713 359 4780 sunt,
382 4713 501 4768 utnon
518 4704 741 4787 intelligerent
756 4707 865 4771 Deum
883 4708 984 4771 alium
1002 4728 1072 4771 esse
1125 4705 1217 4781 dunt,
1241 4703 1487 4788 εἰδωλολατρείαν
1516 4727 1586 4769 osse
1608 4713 1738 4786 negant.
1784 4701 1841 4767 Sic
1863 4701 2102 4782 enimloquun-

96 4811 193 4873 quam
224 4790 314 4873 ligna
342 4800 376 4854 et
401 4789 533 4872 lapides.
578 4791 757 4856 Mutabant
782 4794 871 4857 enim
899 4813 959 4875 pro
986 4794 1071 4857 arbi·
1124 4798 1192 4869 tur,
1221 4789 1301 4854 dum
1325 4791 1460 4867 cultum,
1480 4812 1577 4873 quem
1600 4789 1768 4872 appellant
1790 4787 1915 4863 duliae,
1945 4788 2014 4851 sine
2036 4787 2103 4851 Dei

96 4878 159 4941 trio
188 4876 377 4955 simulacra,
407 4875 483 4941 deos
507 4897 637 4958 semper
658 4878 789 4943 eosdem
811 4879 921 4943 auimo
950 4879 1071 4942 retine·
1123 4877 1245 4941 iniuria
1267 4877 1384 4940 statuis
1404 4884 1438 4940 et
1455 4877 1591 4958 picturis
1608 4896 1704 4959 posse
1723 4875 1957 4939 communicari
1974 4873 2100 4938 docent.

97 4958 190 5042 bunt;
224 4970 258 5026 et
283 4962 388 5026 multa
416 4970 511 5026 erant
536 4964 594 5026 uni
624 4962 684 5028 deo
710 4965 900 5041 simulacra,
929 4986 989 5029 nec
1011 4985 1071 5047 pro
1124 4964 1214 5047 Ergo
1244 4964 1395 5026 innoxios
1417 4984 1452 5027 se
1479 4962 1693 5035 arbitrantur,
1716 4962 1743 5025 si
1766 4959 1992 5025 tantummodo
2015 4959 2104 5024 servi

97 5048 306 5112 multitudine
338 5048 522 5131 complures
553 5058 665 5112 tamen
698 5049 774 5115 deos
801 5051 862 5115 sibi
890 5051 1071 5132 fingebant3

96 5142 267 5216 praeterea
287 5154 374 5198 nova
394 5132 537 5216 quotidie
558 5136 806 5215 consecrabant,
829 5157 888 5201 nec
911 5136 1073 5218 putabant

97 5227 208 5286 tamen
229 5241 265 5285 se
286 5240 387 5286 novos
406 5221 514 5286 facere
535 5219 621 5285 deos.
655 5222 829 5304 Legantur
844 5222 1072 5287 excusationes
1196 5236 1275 5303 1)1n
1295 5238 1365 5290 Psal.
1385 5236 1443 5291 113.
1464 5238 1549 5290 serm.
1569 5235 1637 5289 aa
1709 5237 1879 5302 2)1nPsal.
1899 5232 1957 5286 113.
1976 5233 2032 5285 tc.
2051 5231 2077 5284 5.

211 5322 322 5376 Gelani
337 5338 429 5390 opera.
469 5321 528 5376 Vol.
547 5321 590 5375 11.
1755 5369 1758 5374 ,
1882 5318 1899 5371 6
