4672 5842
160 275 244 336 1079
810 260 1077 327 Hismario
1099 261 1204 328 ΗΕΒ.
1228 260 1408 328 euulsa.
1435 265 1526 327 1559.
1558 302 1561 306 ι
2092 262 2164 324 1080

1189 451 1311 515 frustm
1329 471 1427 532 quam
1449 450 1568 515 unctio.
1587 448 1657 515 Cur
1675 469 1742 513 non
1752 449 1892 514 mortuis
1902 446 2076 526 incubant,
2094 469 2164 531 que-

1190 537 1279 600 niam
1314 558 1454 619 puerum
1489 543 1657 601 mortuum
1689 535 1738 598 illi
1770 534 1961 601 incubando
2001 535 2165 600 suscitavit

251 633 299 692 18.
344 627 493 691 Tertium
532 624 685 689 fictitium
725 631 967 688 sacramentum
995 629 1046 687 θεῖ
1081 644 1138 686 er·
1190 622 1338 687 Paulus?
1384 621 1453 686 Cur
1484 643 1551 686 non
1583 622 1689 686 lutum
1717 643 1759 686 ex
1786 629 1883 704 sputo
1906 628 1941 686 et
1962 620 2101 703 pulvere
2121 640 2164 684 sa-

160 724 267 780 trema
288 713 412 778 unctio:
443 733 526 794 quae
549 732 616 774 non
637 710 702 774 nisi
724 730 744 772 a
766 707 932 773 sacerdote
962 710 1138 790 perficitur,
1192 718 1397 773 crementum
1418 708 1488 773 est?
1533 706 1601 773 Sed
1624 707 1689 772 alia
1710 707 1891 791 singularia
1923 706 2080 788 exempla
2104 706 2165 770 fue-

160 801 256 883 idque
278 801 314 863 in
337 799 491 864 extremis
504 798 564 875 (sic
581 795 774 878 loquuntur)
797 802 830 858 θῖ
848 795 917 858 οΙθο
934 795 974 858 ab
991 795 1139 876 episcopo
1191 804 1281 874 runt,
1303 795 1366 860 hoe
1388 802 1499 859 autem
1517 794 1558 859 ab
1579 794 1697 858 Iacobo
1718 794 1925 876 praecipitur.
1963 792 2094 874 Nempe
2114 813 2165 875 pro

160 893 362 963 consecrato,
391 891 488 966 atque
516 882 578 946 hac
607 882 778 946 verborum
812 881 930 944 forma:
960 902 1019 962 per
1042 881 1140 943 istam
1192 902 1230 944 θο
1248 887 1394 962 tempore
1412 878 1759 963 loquebaturlacobus,
1778 902 1841 963 quo
1859 878 1968 944 adhue
1986 878 2166 944 huiusmodi

160 979 309 1038 sanctam
341 971 541 1046 unctionem,
569 975 603 1032 et
631 968 812 1049 piissimam
837 987 931 1030 suam
957 967 1140 1031 misericor-
1193 965 1257 1030 Dei
1279 965 1501 1031 benedictione
1523 967 1691 1031 fruebatur
1709 965 1853 1031 ecclesia
1897 966 2084 1030 Affirmant
2104 966 2166 1047 qni-

160 1059 258 1136 diam,
269 1057 441 1140 indulgeat
457 1056 516 1120 tibi
526 1055 617 1119 Deus
631 1052 789 1135 quidquid
798 1053 938 1134 peccasti
947 1072 1007 1134 per
1024 1053 1140 1129 visum,
1195 1053 1269 1116 dem
1297 1051 1434 1117 eandem
1462 1054 1641 1116 etiamnum
1670 1052 1738 1116 vim
1767 1072 1845 1117 suae
1872 1052 2025 1116 unctioni
2052 1051 2164 1116 inesse:

160 1167 221 1229 per
243 1141 401 1218 auditum,
425 1141 608 1217 odoratum,
631 1147 763 1216 tactum,
788 1146 928 1222 gustum.
958 1139 1042 1202 Eius
1060 1136 1141 1200 duae
1195 1137 1252 1203 sed
1273 1138 1367 1202 aliter
1388 1141 1586 1220 experimur.
1630 1138 1735 1202 Nemo
1757 1138 1824 1202 iam
1845 1138 1986 1202 miretur
2013 1136 2166 1219 quomodo

161 1253 233 1296 esse
262 1231 400 1296 virtutes
425 1229 569 1310 fingimt,
598 1234 806 1307 peecatorum
835 1223 1078 1295 remissionem,
1108 1229 1142 1286 et
1196 1226 1336 1302 animas,
1359 1245 1439 1306 quas
1466 1223 1566 1288 verbo
1594 1225 1674 1302 Dei,
1705 1224 1767 1288 hoc
1789 1232 1839 1288 est
1865 1224 1936 1289 vita
1958 1230 1992 1286 et
2015 1222 2089 1288 lucc
2115 1245 2168 1287 sua

165 1315 341 1399 corporalis
359 1312 463 1377 morbi
480 1313 639 1387 levamen,
659 1312 685 1375 si
703 1313 750 1374 ita
768 1310 934 1393 expediat;
953 1309 1004 1372 sin
1021 1310 1140 1387 minus,
1195 1310 1365 1393 spoliatas,
1400 1310 1548 1393 stupidas
1581 1331 1652 1375 esse
1685 1321 1718 1374 et
1739 1331 1851 1375 caecas
1885 1309 2051 1387 sciebant,
2085 1317 2169 1373 tanta

166 1404 296 1465 animae
317 1400 463 1464 salutem.
504 1399 609 1461 Aiunt
633 1405 743 1461 autem
766 1397 1003 1460 institutionem
1026 1397 1066 1460 ab
1087 1395 1143 1459 Ia·
1195 1396 1393 1460 confidentia
1424 1395 1584 1461 ludificati
1609 1397 1693 1473 sint,
1716 1417 1819 1478 quum
1846 1395 1930 1460 nihil
1958 1417 2017 1459 eos
2046 1395 2167 1478 pudeat,

167 1487 245 1552 eobo
265 1487 405 1568 positam
436 1505 522 1562 esse,
546 1483 639 1548 euius
667 1481 766 1547 verba
788 1490 865 1546 sunt
885 1483 934 1564 (5,
957 1479 1026 1564 14):
1050 1482 1142 1545 infir·
1195 1503 1232 1548 co
1273 1483 1339 1546 oris
1368 1503 1499 1561 sensus,
1532 1483 1625 1555 vivos
1651 1503 1689 1546 ac
1717 1482 1906 1560 sentientes,
1936 1480 2027 1546 velle
2054 1481 2166 1546 fallere

166 1580 276 1637 matur
296 1571 368 1653 quis
387 1569 569 1634 intervos?
592 1567 728 1633 inducat
748 1569 955 1651 presbyteros
977 1566 1141 1644 eeclesiae,
1194 1568 1239 1632 Β]
1264 1568 1364 1632 ὀθΙοε
1391 1586 1469 1651 ergo
1498 1590 1532 1632 se
1560 1569 1700 1643 faciunt,
1730 1565 1810 1631 dum
1830 1567 1939 1650 gratia
1966 1569 2168 1632 curationum

166 1666 200 1722 et
218 1668 313 1720 orent
335 1676 434 1737 super
455 1677 546 1733 oum,
576 1662 737 1737 ungentes
763 1675 838 1718 eum
860 1653 929 1716 oleo
951 1653 986 1716 in
1009 1653 1142 1717 nomine
1193 1653 1359 1736 praeditos
1392 1675 1463 1719 sese
1491 1655 1622 1719 iactant
1673 1651 1779 1717 Adest
1806 1674 1885 1718 sane
1914 1653 1985 1718 suis
2011 1653 2166 1718 Dominus

165 1742 301 1807 Domini
308 1766 316 1821 ;
337 1739 478 1824 fideique
500 1741 678 1805 obsecratio
705 1740 833 1804 salvum
856 1738 970 1803 reddet
990 1738 1142 1802 laboran-
1194 1739 1344 1804 omnibus
1378 1740 1532 1818 saeculis,
1567 1748 1600 1802 θῖ
1631 1760 1744 1803 eorum
1785 1739 2020 1823 languoribus,
2052 1741 2167 1821 quoties

166 1839 243 1906 tem,
266 1849 303 1892 ac
325 1827 430 1910 eriget
451 1847 526 1889 eum
547 1827 710 1890 Dominus
717 1850 725 1903 ;
749 1835 781 1890 et
804 1826 831 1890 si
853 1825 1050 1907 inpeccatis
1072 1824 1142 1888 fue-
1195 1847 1277 1907 opus
1299 1834 1357 1903 est,
1380 1824 1546 1903 medetur,
1569 1847 1635 1889 θοθ
1658 1826 1767 1890 minus
1792 1846 1893 1908 quam
1914 1824 2017 1904 olim;
2040 1825 2167 1889 manife-

165 1917 219 1992 rit‚
242 1914 452 1979 remittentur
474 1914 512 1976 ei.
556 1911 713 1977 Eiusdem
747 1911 883 1975 rationis
905 1919 955 1975 est
975 1910 1040 1975 ista
1062 1932 1142 1975 unc-
1196 1921 1263 1975 stas
1284 1917 1388 1976 tomen
1415 1911 1488 1975 illas
1518 1911 1656 1976 virtutes
1686 1932 1753 1975 non
1774 1912 1821 1975 ita
1843 1910 1976 1988 exserit,
2000 1932 2056 1977 aee
2075 1911 2167 1974 mira·

165 2003 220 2079 tio,
240 2000 333 2065 euius
354 2020 424 2063 esse
445 2020 603 2063 manuum
625 1998 865 2079 impositionem
887 2017 986 2078 supra
1008 1996 1143 2060 demon·
1196 1997 1270 2063 cula
1290 2019 1348 2079 per
1371 1997 1590 2080 apostolorum
1612 2019 1730 2062 manus
1753 1997 1930 2079 dispensat,
1952 1998 2037 2078 quic
2057 2002 2084 2061 d
2105 2001 2168 2060 terre

167 2087 357 2151 stravimus:
387 2106 503 2166 nempe
533 2083 725 2149 histrionice
754 2083 951 2167 hypocrisis,
975 2103 1040 2164 qua
1061 2083 1143 2146 citra
1190 2083 1301 2164 percle
1320 2084 1384 2165 suit
1405 2083 1487 2146 illud
1507 2085 1636 2161 donum,
1653 2088 1682 2146 et
1701 2083 1809 2164 οἰὶοοο
1836 2084 1931 2147 etiem
1952 2103 1994 2146 cx
2010 2088 2106 2164 purte
2124 2082 2169 2145 lo

166 2173 341 2247 rationem,
370 2176 403 2234 et
423 2171 493 2233 sine
515 2171 638 2247 fructu,
668 2170 830 2251 apostolos
863 2169 984 2232 referre
1017 2168 1141 2232 volunt.
1195 2171 1316 2232 micum
1338 2170 1563 2252 ingratitudine
1583 2170 1688 2232 stetim
1709 2169 1874 2234 intercidit.

164 2258 281 2323 Refert
301 2257 436 2320 Marcus
458 2256 503 2338 (6,
527 2255 593 2338 13),
617 2255 777 2337 apostdos
798 2256 834 2317 in
855 2255 962 2337 prima
983 2275 1044 2318 sua
1063 2254 1143 2317 mis-
1282 2258 1332 2319 20.
1377 2255 1502 2338 Itaque,
1522 2263 1558 2319 ut
1575 2276 1641 2319 non
1663 2255 1721 2320 abs
1743 2277 1779 2319 re
1800 2254 1939 2337 apostoli
1961 2256 2102 2338 gratiam
2118 2275 2168 2318 cu·

167 2345 273 2420 sione,
296 2342 389 2405 iuxta
410 2341 604 2405 mandatum
625 2340 712 2422 quod
734 2363 753 2405 a
774 2339 918 2404 Domino
940 2348 1142 2421 acceperant,
1196 2341 1359 2424 rationum
1388 2339 1451 2405 sibi
1477 2339 1725 2419 demandatam,
1765 2340 1829 2405 olei
1863 2341 2028 2424 symbolo,
2063 2340 2170 2422 ροῑοῖο

165 2437 312 2494 mortuos
334 2428 516 2503 suscitasse,
539 2426 709 2491 daemonia
727 2426 868 2504 eiecisse,
886 2425 1029 2508 leprosos
1046 2447 1144 2489 muu-
1196 2427 1297 2490 testati
1318 2432 1391 2491 sunt
1412 2449 1478 2491 non
1498 2448 1602 2506 suam,
1625 2425 1683 2491 sed
1700 2426 1836 2509 spiritus
1858 2427 1964 2492 sancti
1982 2448 2055 2492 esse
2071 2426 2169 2490 virtu·

167 2514 271 2591 dasse,
293 2513 440 2578 infirmos
464 2534 612 2591 sanasse,
635 2513 672 2576 in
694 2513 861 2577 curatione
890 2519 1001 2576 autem
1030 2532 1143 2594 aegro-
1196 2521 1272 2591 tem,
1295 2514 1341 2576 ita
1358 2534 1490 2577 rursum
1513 2512 1643 2595 spiritui
1663 2520 1775 2578 saneto
1797 2521 1877 2576 sunt
1898 2513 2021 2590 iniurii,
2040 2513 2097 2594 qui
2112 2534 2169 2594 pn·

166 2621 242 2664 rum
262 2599 370 2663 oleum
392 2596 586 2662 adhibuisse.
624 2599 811 2681 Ungebant,
830 2598 946 2679 inquit,
969 2598 1039 2661 oleo
1058 2597 1143 2661 mul·
1195 2597 1301 2662 tidum
1323 2605 1357 2663 et
1378 2598 1500 2662 nullius
1522 2598 1674 2682 energiae
1701 2598 1808 2663 oleum
1828 2599 1956 2663 faciunt
1976 2599 2045 2663 eius
2067 2597 2169 2662 virtu·

166 2694 217 2751 tos
239 2686 395 2762 infirmos,
418 2692 452 2748 et
474 2684 685 2748 sanabantur.
729 2684 805 2747 Huc
827 2684 973 2766 respexit
994 2683 1142 2760 Iacobus,
1195 2691 1270 2749 tem.
1304 2684 1448 2748 Perinde
1465 2682 1499 2748 id
1517 2692 1575 2760 ost,
1598 2706 1636 2749 ac
1654 2685 1771 2766 siquis
1793 2683 1926 2762 diceret,
1947 2704 2039 2748 omne
2059 2683 2169 2747 oleum

165 2792 270 2855 quum
291 2771 388 2835 iussit
410 2771 531 2835 accersi
552 2768 758 2868 presbyteros
779 2769 822 2834 ad
839 2768 1030 2852 ungendum
1051 2770 1143 2833 infir·
1195 2770 1352 2835 virtutem
1382 2791 1452 2834 esse
1486 2771 1621 2853 spiritus
1650 2771 1770 2849 saneti,
1799 2769 1887 2852 quod
1916 2791 1951 2835 co
1972 2768 2103 2833 nomine
2131 2767 2169 2832 in

164 2879 267 2922 mum.
313 2856 447 2921 Talibus
474 2857 688 2920 eaeremomis
720 2855 850 2919 nullum
879 2855 979 2920 altius
1009 2856 1142 2919 subesse
1195 2857 1357 2938 scriptura
1378 2863 1602 2939 nuncupetur;
1625 2876 1757 2920 omnem
1778 2856 1963 2922 columbam
1982 2876 2053 2920 esse
2074 2854 2169 2936 spiri·

164 2944 359 3027 mysterium
382 2942 475 3008 facile
497 2941 687 3006 iudicabunt
708 2943 764 3024 qui
785 2941 998 3017 observarint,
1020 2948 1143 3023 quanta
1194 2953 1267 3005 tum
1294 2949 1457 3019 sanetum,
1486 2940 1572 3024 quod
1599 2962 1638 3006 ea
1659 2943 1766 3025 specie
1797 2942 1996 3025 apparuerit
2044 2941 2169 3005 Verum

164 3028 317 3094 libertate
339 3037 373 3092 et
394 3029 558 3093 Dominus
576 3036 609 3093 ct
630 3028 700 3092 eius
721 3027 858 3110 apostoli
877 3026 1001 3091 versati
1023 3026 1142 3091 sintin
1195 3026 1235 3092 de
1257 3028 1296 3091 iis
1315 3026 1465 3093 viderint
1510 3026 1609 3109 Quod
1640 3029 1735 3093 nobis
1762 3029 1797 3091 in
1823 3028 2014 3111 praesentia
2045 3025 2168 3091 abunde

164 3112 263 3179 rebus
284 3114 356 3178 istis
376 3114 531 3178 externis.
576 3112 740 3178 Dominus
761 3135 855 3178 caeco
882 3111 1070 3177 redditurus
1093 3113 1142 3175 vi·
1195 3122 1253 3190 est,
1276 3124 1365 3179 certo
1388 3114 1508 3179 certius
1525 3114 1749 3197 perspicimus,
1770 3135 1886 3178 eorum
1910 3115 2101 3180 unctionem
2120 3133 2169 3176 sa-

166 3220 240 3265 sum
269 3220 311 3263 ex
343 3199 479 3281 pulvere
511 3207 544 3263 et
571 3210 666 3281 sputo
697 3199 805 3264 lutum
838 3198 1027 3281 composuit,
1061 3198 1142 3263 alios
1194 3208 1398 3264 crementum
1429 3221 1497 3263 θοθ
1523 3220 1609 3264 θεεο;
1638 3220 1721 3282 quae
1747 3221 1809 3264 nec
1842 3201 2050 3265 caeremonia
2078 3207 2168 3264 esta

165 3292 255 3349 tactu
272 3285 411 3363 sanant,
434 3285 514 3349 alios
531 3285 639 3349 verbo.
668 3284 722 3350 Ad
740 3285 828 3350 hune
848 3283 984 3348 modum
1005 3284 1142 3367 apostoli
1194 3284 1266 3349 Deo
1287 3286 1454 3363 instituta,
1478 3305 1539 3349 nec
1560 3284 1663 3349 ullam
1690 3286 1941 3367 promissionem
1967 3285 2076 3351 habet
2120 3282 2167 3351 si-

166 3371 247 3435 alios
258 3370 389 3435 morbos
406 3370 473 3435 solo
485 3371 593 3448 verbo,
608 3370 688 3434 alios
702 3378 807 3448 tactu,
823 3371 903 3435 alios
920 3370 1075 3435 unctione
1085 3392 1142 3435 eu·
1194 3371 1340 3453 quidem,
1364 3392 1467 3453 quum
1486 3370 1550 3436 duo
1571 3372 1636 3437 ista
1656 3373 1691 3435 in
1713 3380 1918 3438 sacramento
1940 3373 2116 3455 exigimus,
2136 3377 2167 3434 ut

77 3469 84 3481 ’
166 3463 292 3519 rerunt.
322 3457 370 3519 At
380 3455 557 3521 verisimile
569 3464 618 3520 est
628 3458 817 3521 unctionem
828 3457 926 3521 ἱεῖθθ]
942 3477 1008 3520 θοθ
1019 3463 1142 3520 temere
1193 3456 1400 3522 caeremonia
1426 3457 1510 3522 sita
1531 3457 1604 3521 Deo
1634 3457 1801 3536 instituta,
1831 3466 1870 3522 ut
1891 3459 1958 3522 Dei
1985 3457 2165 3541 promissio

168 3539 222 3624 (ut
234 3562 294 3604 nec
305 3542 414 3604 omnia
426 3540 503 3626 alia)
521 3541 620 3606 fuisse
632 3552 832 3624 usurpatam.
860 3541 996 3620 Fateor;
1013 3549 1141 3608 nonta-
1193 3564 1272 3607 nem
1298 3541 1431 3621 habeat,
1460 3542 1560 3608 simul
1592 3543 1795 3626 postulamus
1819 3553 1856 3608 ut
1882 3545 2094 3610 caeremonia
2118 3541 2165 3607 illa

166 3647 245 3692 men
256 3633 296 3690 ut
306 3635 392 3691 esset
410 3627 587 3691 curationis
602 3648 776 3711 organum,
794 3628 851 3693 scd
861 3626 1044 3712 symbolum
1057 3627 1141 3692 dun·
1193 3627 1287 3693 nobis
1315 3627 1436 3694 tradita
1458 3629 1510 3707 sit,
1529 3635 1562 3691 et
1583 3630 1754 3712 promissio
1772 3630 1813 3694 ad
1835 3651 1896 3696 nos
1918 3638 2056 3712 spectet
2099 3628 2165 3693 Non

166 3718 274 3791 taxat,
297 3733 361 3794 quo
380 3712 606 3794 imperitorum
633 3713 759 3778 ruditas
794 3713 1025 3778 admoneretur
1052 3713 1141 3778 unde
1194 3715 1283 3779 enim
1311 3715 1592 3781 circumcisionem
1615 3715 1681 3779 iarn
1704 3724 1946 3781 sacramentum
1975 3715 2164 3781 christianae

165 3804 259 3862 tanta
272 3798 378 3864 virtus
388 3798 550 3881 prodiret:
570 3820 612 3863 nc
629 3800 752 3865 scilicet
762 3801 831 3865 eius
842 3799 971 3864 laudem
986 3799 1142 3883 apostolis
1193 3800 1347 3867 ccclesiae
1373 3802 1545 3884 quisquam
1575 3822 1646 3866 esse
1674 3802 1857 3880 contendit,
1890 3802 2028 3867 tametsi
2057 3808 2091 3867 et
2109 3799 2164 3864 Dei

165 3885 355 3949 tribuerent.
391 3882 474 3950 Oleo
492 3893 603 3949 autem
620 3886 797 3969 significari
816 3887 969 3969 spiritum
990 3894 1142 3951 sanctum
1193 3888 1383 3952 institutum
1405 3897 1476 3952 erat
1497 3892 1531 3950 et
1550 3887 1799 3969 promissionem
1822 3907 1991 3952 annexam
2012 3887 2162 3952 habebat:

166 3969 299 4052 eiusque
322 3970 416 4048 dona,
436 3971 573 4055 vulgare
590 3992 627 4037 ac
645 3973 761 4037 tritum
778 3981 835 4037 est
872 3971 1046 4036 Caetemm
1064 3993 1140 4036 eva-
1192 3973 1268 4054 quia
1297 3995 1357 4037 nec
1380 3973 1473 4039 nobis
1499 3972 1655 4036 mandata
1680 3973 1756 4051 fnit,
1783 3995 1844 4039 nce
1875 3974 2164 4056 promissioque

165 4056 239 4118 nuit
261 4057 367 4138 gratia
396 4056 452 4119 illa
480 4058 699 4136 curationum,
728 4054 1001 4140 quemadmodum
1028 4065 1061 4120 et
1088 4078 1140 4121 re·
1192 4058 1241 4121 illi
1268 4058 1423 4123 adiuncta
1451 4059 1570 4136 fuerat,
1599 4057 1693 4124 nobis
1721 4057 1834 4124 eadem
1867 4058 2055 4124 conditione
2084 4056 2162 4121 data

165 4140 255 4222 liqna
275 4142 432 4207 miracula
453 4163 536 4224 quae
558 4143 599 4207 ad
620 4151 750 4226 tempus
772 4144 824 4208 edi
847 4144 951 4209 voluit
968 4143 1139 4221 Dominus,
1191 4144 1448 4209 Promissionem
1477 4165 1576 4226 quam
1602 4145 1638 4207 in
1661 4146 1815 4210 unctione
1847 4145 2003 4211 ferociter
2037 4145 2163 4219 iactant

166 4247 230 4309 quo
261 4248 383 4293 novem
410 4228 573 4311 evangelii
603 4229 880 4317 praedicationem
905 4230 942 4292 in
969 4239 1140 4293 aeternum
1192 4229 1285 4294 nobis
1306 4251 1373 4295 non
1395 4251 1466 4295 esse
1488 4230 1600 4295 datam
1622 4228 1790 4296 evidenter
1811 4230 2120 4308 demonstravimus,
2136 4236 2164 4291 et

165 4312 390 4377 admirabilem
425 4313 585 4378 redderet.
634 4315 682 4380 Ut
708 4316 810 4399 igitur
844 4316 987 4380 maxime
1016 4314 1139 4394 demus,
1192 4316 1255 4398 ipsi
1288 4316 1492 4398 experientia
1530 4314 1706 4380 declarant
1763 4315 1985 4382 anremouia
2019 4313 2163 4398 usurpari

164 4399 351 4464 unctionem
372 4407 615 4464 sacramentum
632 4402 732 4466 fuisse
749 4422 861 4466 earum
878 4402 1040 4467 virtutum
1057 4422 1140 4485 quae
1191 4424 1257 4467 θοθ
1279 4401 1400 4479 debuit,
1423 4402 1486 4467 nisi
1504 4400 1546 4465 ab
1562 4402 1603 4466 iis
1625 4403 1679 4484 qui
1707 4404 1912 4468 curationum
1945 4404 2058 4487 gratia
2076 4421 2163 4485 prae·

165 4491 236 4549 tum
258 4506 318 4569 per
335 4507 453 4550 manus
475 4487 693 4568 apostolorum
716 4486 1037 4564 administrabantur,
1056 4487 1140 4552 nihil
1193 4489 1253 4553 diti
1274 4490 1417 4566 fuerans
1438 4509 1504 4552 non
1522 4486 1563 4551 ab
1584 4488 1656 4552 istis
1677 4489 1892 4568 carnificibus,
1916 4491 1975 4571 qui
1993 4490 2069 4572 plus
2083 4507 2163 4552 mac·

164 4591 253 4635 nunc
270 4571 312 4635 ad
329 4593 388 4635 nos
406 4573 557 4654 pertinet,
580 4573 697 4655 quibus
719 4575 878 4639 virtmum
900 4572 1139 4638 administratio
1191 4575 1291 4640 tando
1311 4596 1348 4639 ac
1369 4574 1563 4639 trucidando
1584 4573 1705 4653 valent,
1723 4596 1823 4657 quam
1840 4573 1998 4640 sanando.

164 4658 339 4723 commissa
356 4677 424 4721 non
446 4665 503 4721 est.
1279 4665 1328 4725 21.
1375 4659 1574 4742 Quanquam
1595 4660 1724 4724 etiamsi
1746 4659 1955 4739 obtinuerint,
1976 4661 2056 4726 huic
2074 4660 2163 4727 aetati

254 4748 301 4807 19.
347 4743 394 4806 Εῖ
423 4764 488 4826 qua
520 4745 635 4824 maiori
665 4746 796 4809 ratione
829 4752 1069 4810 sacramentum
1097 4765 1139 4808 ex
1191 4749 1365 4812 convenire
1392 4745 1479 4829 quod
1509 4746 1549 4809 de
1572 4746 1724 4811 unctione
1752 4747 1792 4811 ab
1821 4747 1941 4812 Iacobo
1969 4749 2164 4830 praecipitur

165 4829 226 4895 hac
248 4829 402 4894 unctione
424 4830 560 4907 taciunt,
583 4850 680 4912 quam
703 4852 744 4894 ex
767 4831 839 4895 aliis
861 4829 1029 4912 quibusvis
1051 4853 1140 4916 sym·
1193 4832 1228 4918 (a
1252 4854 1316 4916 quo
1350 4832 1539 4916 longissime
1568 4831 1716 4916 absunt),
1744 4854 1786 4897 ne
1814 4834 1860 4898 sic
1892 4833 2029 4916 quidem
2064 4833 2164 4899 adhuc

164 4915 256 4993 bolis,
276 4935 360 4996 quae
377 4913 470 4978 nobis
487 4916 522 4979 in
540 4916 702 4998 scriptura
719 4915 1037 4981 commemorantur?
1072 4917 1141 4982 Cur
1191 4920 1333 4983 multum
1365 4918 1590 5000 promoverint
1614 4917 1650 4980 in
1678 4918 1889 5001 approbanda
1915 4941 1979 4984 sua
2005 4921 2164 4993 unctione,

164 5022 231 5065 non
252 5002 394 5082 aliquam
416 5002 615 5067 natatoriam
640 4999 755 5067 Siloah
783 5002 962 5081 destinant,
985 4999 1140 5086 inquam
1192 5027 1256 5088 qua
1278 5006 1437 5071 haetenus
1459 5025 1518 5070 nos
1539 5003 1722 5069 illeverunt
1767 5004 1906 5070 Iacobus
1933 5027 2051 5072 omnes
2079 5007 2164 5070 infir·

165 5088 262 5150 certis
279 5095 466 5168 temporum
484 5088 608 5153 vicibus
630 5111 665 5153 se
686 5089 885 5174 immergant
909 5088 995 5154 male
1017 5089 1140 5155 haben·
1191 5113 1263 5156 mos
1284 5093 1358 5158 vult
1380 5092 1511 5175 inungi:
1532 5089 1588 5155 isti
1609 5111 1674 5154 non
1690 5090 1855 5170 infirmos,
1876 5089 1937 5157 sed
1956 5094 2166 5158 semimortua

164 5171 241 5236 ῖθεῬ1
275 5173 425 5252 Frustra,
446 5175 608 5257 inquiunt,
629 5173 665 5239 id
688 5176 789 5241 ficret.
831 5174 929 5242 Certe
945 5196 1012 5240 θοθ
1033 5177 1140 5262 magis
1192 5178 1352 5244 cadavera
1379 5197 1439 5244 sua
1462 5173 1661 5260 pinguedine
1695 5177 1860 5258 inficiunt;
1894 5199 2000 5262 quum
2036 5180 2167 5246 iamiam

220 510 284 574 DE
305 506 496 584 UL'PIMA,
520 505 582 570 UT
603 501 807 581 VOOANT,
830 501 1075 568 UNOTIONE.
