4672 5842
258 297 320 358 aso
894 284 1160 358 msrrrunro
1181 288 1286 354 nnn.
1309 286 1490 354 suumn
1516 291 1606 352 nas.
1871 368 1874 375 ¹
2191 288 2266 351 seo,

344 486 372 545 8,
416 481 506 562 Ergo
532 479 560 544 si
583 478 707 543 Christi
730 477 893 543 vocationi
911 477 1018 543 locum
1041 477 1119 542 dare
1139 476 1228 556 libet,
1280 476 1513 541 demonstratio
1543 474 1726 559 subiungit:
1761 497 1878 559 nempe
1907 477 1935 541 si
1963 475 2050 541 solus
2072 475 2128 539 ille
2150 475 2252 539 iustus

257 568 394 632 facessat
420 565 534 648 procul
556 565 662 629 omnis
684 587 703 629 a
725 564 817 628 uobis
839 572 909 627 tum
932 564 1134 646 arrogantia,
1159 575 1229 627 tum
1280 574 1501 645 cognoscatur,
1525 582 1563 626 ac
1584 562 1763 626 iustificans
1785 584 1861 626 eum
1883 562 1940 645 qui
1962 572 2012 626 est
2033 584 2076 626 or
2097 558 2162 625 fide
2179 560 2254 625 Iesu

256 653 420 717 securitas,
465 650 529 715 Illa
556 673 598 715 er
626 651 726 715 stulta
747 649 898 732 propriae
924 650 1068 713 iustitiae
1093 670 1229 798 persua·
1282 647 1414 713 Christi.
1466 647 1569 712 Vides
1601 649 1758 712 iustitiam
1790 646 1854 712 Dei
1889 670 1954 713 non
1987 649 2065 713 satis
2097 646 2256 711 illustrari

256 738 346 802 sione
375 736 535 815 nascitur,
570 736 627 800 ubi
656 736 753 799 homo
780 734 900 799 habore
928 756 962 799 se
991 735 1092 817 aliqui
1135 742 1230 817 putat
1281 735 1346 798 nisi
1368 745 1400 798 et
1417 734 1504 799 solus
1524 742 1694 799 censeatur
1711 736 1825 812 iustus,
1848 740 1882 797 et
1898 732 2146 798 immerentibus
2164 732 2255 796 iusti·

255 824 347 888 cuius
369 822 487 886 merito
510 820 597 904 apud
614 821 723 885 Deum
744 819 1003 898 commendetur;
1026 821 1108 885 haec
1130 822 1229 885 etiam
1282 821 1347 884 tiae
1370 821 1510 902 gratiam
1533 819 1770 885 communicet?
1814 819 1888 884 Hac
1915 820 2039 885 rationo
2063 819 2137 882 vult
2160 839 2255 883 omne

255 909 326 972 sinc
358 907 426 971 ulla
458 930 593 990 operum
626 907 834 990 persuasione
867 927 937 971 esse
970 914 1084 987 potest
1130 907 1229 970 Multi
1281 928 1317 970 os
1338 906 1492 983 obturari,
1516 914 1549 969 ot
1567 906 1743 970 obnoxium
1763 904 1823 968 sibi
1842 905 1935 969 reddi
1952 906 2142 970 universum
2160 926 2255 968 mun-

255 995 343 1058 enim
365 1002 566 1076 peccatores,
596 995 671 1076 quia
701 993 854 1057 vitiorum
880 989 1051 1056 dulcedine
1078 992 1230 1057 inebriati
1282 990 1373 1069 dum;
1406 991 1484 1074 quia
1516 992 1708 1074 quantisper
1735 991 1835 1076 habet
1861 991 1958 1055 homo
1985 991 2072 1072 quod
2099 992 2135 1054 in
2163 1011 2257 1054 suam

255 1079 320 1143 Dci
342 1079 497 1143 iudicium
518 1102 583 1143 non
596 1079 749 1160 cogitant,
773 1085 928 1159 tanquam
940 1086 1074 1142 veterno
1088 1078 1229 1160 quodam
1282 1077 1502 1142 defensionem
1525 1077 1691 1160 loquatur,
1720 1077 1783 1141 Dei
1806 1077 1928 1160 gloriae
1946 1076 2097 1141 nonnihil
2120 1075 2255 1141 decedit

254 1165 468 1247 obstupefacti
487 1167 601 1242 iacent,
621 1186 662 1228 ne
681 1165 825 1246 aspirent
844 1163 885 1226 ad
899 1162 1041 1228 oblatam
1059 1163 1120 1228 sibi
1132 1166 1228 1229 mise·
1283 1160 1339 1228 Sic
1361 1162 1449 1246 apud
1471 1162 1677 1228 Ezechielem
1700 1164 1766 1247 (20,
1787 1164 1844 1245 43)
1867 1162 1968 1241 docet,
1991 1170 2193 1246 quantopere
2213 1183 2257 1225 ex

255 1250 439 1316 ricordiam.
473 1252 519 1316 At
535 1272 611 1315 vero
627 1271 691 1314 non
709 1250 818 1313 minus
836 1249 1052 1314 excutiendus
1071 1250 1146 1314 talis
1163 1260 1229 1314 tor·
1282 1251 1501 1332 recognitione
1529 1256 1658 1313 nostrae
1686 1248 1867 1331 iniquitatis
1895 1270 2013 1313 nomon
2037 1271 2134 1314 suum
2153 1248 2256 1331 glori·

255 1358 324 1419 por,
347 1358 444 1418 quam
466 1334 646 1401 abiicienda
667 1337 800 1418 quaevis
822 1337 925 1400 nostri
943 1335 1146 1413 confidentia,
1167 1358 1230 1419 quo
1282 1335 1423 1399 ficamus.
1468 1333 1743 1413 Recordabimini‚
1767 1335 1882 1417 inquit,
1904 1337 2033 1399 viarum
2055 1342 2088 1399 et
2109 1334 2258 1397 omnium

256 1422 399 1504 expediti
427 1421 468 1486 ad
491 1421 662 1487 Christum
689 1422 893 1499 festinemus,
922 1442 986 1503 quo
1010 1423 1104 1486 vacui
1130 1430 1163 1485 ot
1184 1423 1229 1486 is-
1281 1421 1440 1485 scolcrum
1463 1420 1579 1502 quibus
1600 1420 1718 1502 polluti
1744 1421 1836 1498 estis,
1865 1435 1898 1485 et
1926 1420 2137 1502 displicebitis
2165 1420 2258 1484 vobis

256 1507 326 1571 iuni
346 1507 475 1589 impleri
495 1509 597 1589 ipsius
618 1508 712 1571 bonis
733 1527 899 1589 queamus,
944 1507 1122 1589 Nunquam
1143 1508 1230 1571 enim
1281 1507 1316 1570 in
1334 1519 1506 1588 conspectu
1531 1516 1652 1583 restro,
1681 1507 1717 1569 in
1740 1505 1891 1571 omnibus
1911 1506 2044 1571 malitiis
2067 1527 2146 1590 quas
2169 1526 2259 1570 com-

255 1593 303 1657 illi
326 1593 405 1655 satis
432 1591 646 1670 confidemus,
681 1593 744 1656 nisi
772 1592 812 1655 de
839 1593 932 1657 nobis
960 1594 1090 1674 ponitus
1117 1591 1229 1672 diffisi;
1281 1592 1432 1670 misistis,
1461 1599 1494 1656 ct
1515 1592 1622 1656 scietis
1644 1592 1721 1673 quia
1742 1613 1803 1675 ego
1824 1591 2005 1670 Dominus,
2033 1614 2134 1675 quum
2158 1592 2259 1656 bene·

255 1700 423 1760 nunquam
444 1680 479 1742 in
502 1679 571 1761 ipso
594 1679 673 1743 satis
695 1677 820 1742 animos
843 1679 1023 1762 erigemus,
1052 1679 1114 1742 nisi
1139 1680 1229 1760 prius
1281 1678 1386 1743 fecero
1408 1678 1500 1742 vobis
1521 1685 1654 1759 propter
1665 1698 1782 1741 nomen
1793 1699 1912 1756 meum,
1935 1689 1969 1743 et
1989 1700 2056 1742 non
2077 1676 2261 1743 secundum

254 1764 288 1828 in
317 1763 410 1828 nobis
432 1763 587 1843 deiectos;
616 1785 784 1847 nunquam
813 1764 847 1826 in
870 1765 940 1845 ipso
963 1784 1022 1827 nos
1044 1765 1122 1828 satis
1144 1765 1229 1829 sola·
1282 1764 1405 1828 scelera
1432 1771 1541 1827 vestra
1568 1763 1716 1844 pessima
1762 1762 1818 1828 Sic
1847 1764 1927 1830 haec
1956 1764 1991 1828 in
2013 1785 2091 1829 vera
2113 1762 2178 1828 Dei
2198 1784 2259 1827 no-

255 1849 373 1926 bimur,
396 1851 460 1914 nisi
482 1852 518 1914 in
541 1849 632 1914 nobis
654 1848 797 1915 desolati.
833 1849 968 1914 Gratiae
990 1870 1068 1933 ergo
1087 1849 1150 1914 Dei
1173 1872 1229 1933 ap·
1282 1850 1354 1913 titia
1376 1850 1597 1926 continentur,
1622 1857 1661 1912 ut
1682 1850 1831 1931 propriae
1852 1849 2036 1932 iniquitatis
2057 1848 2259 1915 conscientia

255 1933 507 2018 prehendendae
525 1957 562 2000 ac
580 1935 783 2011 obtinendae,
807 1935 932 1999 abiecta
949 1934 1079 2017 quidem
1097 1951 1229 2017 prorsus
1282 1936 1399 2013 attriti,
1430 1935 1523 1999 nobis
1553 1935 1742 2000 benefacere
1769 1934 1913 2019 indignis
1941 1935 2035 2000 illum
2057 1944 2257 2017 reputemus,

254 2021 359 2084 nostri
380 2020 514 2098 fiducia,
543 2022 616 2085 freti
641 2043 717 2086 vcro
739 2021 807 2086 sola
828 2021 982 2085 bonitatis
1005 2021 1074 2085 cius
1096 2022 1228 2085 certitu·
1281 2020 1361 2103 quid
1382 2042 1501 2103 magno
1523 2029 1634 2084 nostro
1662 2020 1747 2084 malo
1769 2030 1933 2086 tentamus
1955 2022 2007 2087 vel
2029 2022 2131 2086 ullam
2153 2021 2257 2103 parti·

253 2105 338 2184 dine,
357 2106 466 2171 idonei
479 2129 600 2182 sumus,
619 2107 697 2170 dum
712 2108 764 2191 (ut
775 2108 821 2171 ait
832 2106 1054 2189 Augustinus)
1070 2108 1093 2191 ¹)
1116 2116 1230 2172 nostra
1282 2106 1389 2171 culam
1416 2127 1457 2170 ex
1483 2107 1548 2175 ista
1576 2107 1739 2189 gratuitae
1761 2105 1974 2190 benignitatis
1995 2107 2092 2172 laude
2114 2107 2257 2171 Domino

253 2193 371 2256 merita
398 2192 490 2256 obliti
514 2192 639 2257 Christi
666 2191 752 2257 dona
774 2192 1015 2274 amplectimur,
1044 2194 1121 2273 quic
1143 2194 1173 2256 si
1194 2194 1229 2257 in
1282 2191 1459 2256 suffurari?
1505 2190 1666 2256 Similiter
1687 2192 1843 2257 Ieremias
1865 2193 1910 2275 (9,
1931 2194 1996 2276 23),
2020 2194 2098 2257 dum
2122 2193 2256 2257 clamat:

254 2277 666 2360 acernaacerna,
696 2300 757 2342 non
782 2279 956 2342 veniremus
983 2278 1025 2341 ud
1050 2279 1117 2342 eius
1139 2279 1227 2342 duro.
1281 2299 1323 2342 ne
1345 2278 1502 2362 glorietur
1524 2278 1656 2361 sapiens
1678 2279 1713 2340 in
1736 2279 1897 2360 sapientia
1918 2302 1992 2356 sua,
2024 2287 2081 2345 aut
2107 2277 2200 2343 dives
2221 2279 2258 2342 in

257 2361 318 2426 Cui
333 2363 463 2444 pulchre
484 2366 614 2428 succinit
635 2363 876 2448 Bernardus,²)
900 2365 1001 2427 servis
1021 2363 1131 2445 infidis
1152 2385 1230 2429 curr-
1282 2363 1404 2428 divitiis
1432 2364 1514 2442 suis,
1544 2372 1602 2428 aut
1627 2365 1719 2428 fortis
1746 2365 1780 2428 in
1800 2365 1992 2430 fortitudine
2015 2387 2088 2443 sna,
2122 2364 2181 2429 sed
2201 2365 2258 2447 qui

249 2469 375 2529 parans
395 2450 557 2530 superdea,
580 2452 634 2531 qui
655 2451 776 2515 meritis
796 2450 866 2514 suis
887 2451 934 2514 cet
954 2450 1121 2513 minimum
1142 2471 1229 2516 erro
1281 2450 1448 2533 gloriatur,
1471 2451 1505 2513 in
1523 2450 1665 2514 Domino
1683 2450 1849 2533 glorietur,
1873 2472 1983 2516 annon
2004 2452 2112 2516 innuit
2129 2449 2169 2515 de
2187 2450 2258 2534 glo-

252 2539 345 2616 9ant5
373 2536 449 2615 quio
469 2535 593 2600 taudem
609 2537 732 2619 gratioe
747 2557 808 2618 per
828 2557 861 2600 se
881 2537 1073 2600 transeuntis
1094 2536 1230 2616 inprobe
1282 2537 1332 2600 ria
1353 2534 1417 2600 Dei
1445 2536 1596 2600 nonnihil
1622 2535 1784 2618 deperire,
1818 2536 1846 2601 si
1873 2538 1909 2601 in
1938 2545 2042 2602 semet
2067 2537 2137 2619 ipso
2159 2535 2259 2599 homo

253 2621 392 2699 retinent,
409 2623 542 2702 perinde
563 2643 599 2686 oc
621 2623 651 2686 si
666 2623 780 2702 paries
801 2621 930 2685 rodium
947 2641 980 2686 se
996 2622 1162 2703 parturire
1182 2623 1229 2688 di·
1281 2621 1462 2706 gloriatur?
1494 2620 1535 2684 In
1556 2621 1637 2686 hurrc
1659 2626 1736 2686 certe
1754 2642 1846 2685 usum
1867 2622 1991 2687 Pontus
2009 2622 2041 2707 (1
2056 2622 2127 2687 Cor.
2151 2627 2176 2699 l,
2197 2619 2256 2703 31)

254 2710 303 2769 cut
324 2726 414 2786 quem
435 2709 568 2788 suscipit
585 2729 644 2790 per
663 2709 840 2789 frustrum.
873 2707 923 2770 Ne
945 2706 1076 2790 longius
1095 2707 1149 2772 hie
1166 2708 1228 2771 im·
1280 2708 1373 2771 cerba
1401 2708 1460 2772 itta
1486 2707 1703 2785 omnnmodct,
1733 2728 1829 2789 quum
1855 2729 1959 2774 ornrres
1991 2709 2102 2774 surdis
2132 2711 2259 2771 nostrae

253 2813 426 2872 moremur,
451 2794 629 2858 habeamus
648 2794 781 2858 brcvem
804 2792 861 2857 sed
880 2793 1068 2877 generalem
1090 2800 1229 2858 certam·
1275 2798 1386 2875 portes
1403 2793 1491 2874 apud
1504 2791 1665 2857 Christum
1685 2794 1842 2875 depositos
1864 2793 2257 2872 ascomannorum

253 2899 316 2960 que
339 2880 500 2962 regulam,
526 2902 602 2944 eum
623 2878 664 2943 ad
685 2879 926 2961 participandos
949 2879 1080 2943 divinae
1102 2879 1229 2944 miseri·
1282 2880 1316 2943 in
1339 2878 1474 2944 Domino
1498 2879 1674 2962 gloriemur.
1720 2878 1884 2961 Significat
1911 2882 1994 2945 enim
2019 2884 2123 2945 murtro
2151 2877 2258 2943 Deum

253 2962 382 3028 cordiae
403 2965 530 3030 fructus
552 2972 785 3048 comparatum,
808 2967 864 3047 qui
885 2986 919 3029 se
941 2965 1049 3047 ipsum
1071 2985 1139 3028 non
1159 2965 1230 3030 dico
1281 2966 1440 3048 insurgere
1472 2971 1500 3029 et
1530 2964 1669 3029 tnwbrm
1701 2965 1847 3030 amnne
1870 2967 1990 3050 pieriae
2017 2967 2086 3031 cius
2112 2965 2259 3047 quisquis

254 3049 378 3112 iustitia
400 3048 497 3133 (qua-e
520 3051 611 3115 nulla
633 3051 697 3136 est)
727 3051 784 3116 scd
808 3070 895 3115 vana
916 3058 1114 3132 ventosaque
1136 3051 1230 3115 iusti·
1281 3050 1328 3115 vet
1349 3050 1508 3115 torrtitturn
1529 3051 1566 3115 de
1587 3071 1644 3115 suo
1664 3072 1697 3116 se
1717 3049 1828 3116 bobus
1842 3057 1946 3132 putot.

254 3132 320 3196 tiae
343 3135 484 3218 imagine
506 3138 635 3219 penitus
659 3137 854 3216 exinanivit;
883 3137 960 3218 quia
988 3143 1118 3200 tantum
1143 3137 1230 3220 quis·
1370 3139 1396 3201 2.
1432 3136 1485 3201 Ita
1506 3144 1557 3200 est
1583 3156 1675 3201 sane:
1701 3157 1869 3218 nunquam
1890 3139 1925 3202 in
1946 3138 1958 3202 i
1981 3160 2016 3202 so
2037 3157 2116 3202 vere
2161 3135 2259 3200 loria-

254 3239 317 3300 que
339 3219 449 3285 obiicit
471 3222 695 3304 impedimenti
717 3222 782 3286 Dei
803 3221 1046 3300 beneficentiae,
1071 3232 1230 3304 quantum
1283 3243 1373 3300 mur,
1407 3223 1472 3287 nisi
1505 3229 1617 3287 nostra
1644 3222 1749 3306 gloria
1776 3225 1908 3306 penitus
1939 3245 1959 3287 a
2004 3223 2089 3288 ‘cati
2134 3158 2256 3287 Contra

254 3304 288 3368 in
311 3326 346 3368 se
368 3306 438 3388 ipso
461 3308 642 3389 acquiescit.
1284 3307 1345 3372 hoc
1366 3307 1553 3372 habendum
1584 3319 1633 3372 est
1660 3308 1856 3374 catholicum
1884 3309 2065 3373 theorema:
2100 3305 2256 3373 adversus

1283 3392 1394 3457 Deum
1422 3392 1555 3475 gloriari
1584 3395 1767 3476 quicunque
1795 3396 1829 3458 in
1853 3417 1888 3460 se
1910 3394 2100 3479 gloriantur.
2147 3391 2257 3476 Siqui-

1012 3535 1020 3554 ,
1228 3499 1232 3509 ’
1284 3478 1360 3542 dom
1380 3479 1427 3543 ita
1449 3478 1580 3543 demum
1602 3478 1695 3544 reddi
1716 3479 1893 3545 obnoxium
1911 3482 1983 3545 Deo
2001 3478 2164 3544 mundum
2182 3501 2257 3546 oen-

589 3613 742 3682 0an
761 3615 899 3701 rme
1283 3564 1478 3715 iiiiii&
1497 3564 2256 3736 ,titfsttsttttaffitttttft

260 3775 419 3898 ,ouo
575 3775 617 3855 ι
648 3776 840 3886 aaut
870 3776 1166 3860 tasas
1282 3737 1551 3901 ιιιιιιιις
1573 3737 2105 3905 austrasianis
2123 3736 2256 3899 atsi

604 3896 875 3978 observanda.
1281 3910 1317 3973 in
1345 3908 1432 3975 hunc
1459 3911 1557 3972 finem
1588 3910 1771 3973 aDomino
1799 3909 1967 3974 iustificari
1995 3908 2129 3983 eleetos,
2158 3914 2196 3970 ιιι
2218 3907 2254 3970 in

1280 3996 1368 4077 ipso,
1395 4016 1462 4059 non
1489 3995 1566 4059 alibi
1587 3995 1776 4079 glorientur.
1821 3994 1972 4075 Qualiter
1995 4002 2103 4059 autem
2124 3990 2256 4056 laudari

341 4083 367 4141 l.
413 4080 523 4160 Atque
555 4079 687 4143 omnino
721 4078 851 4162 quidem
884 4081 948 4145 duo
978 4081 1031 4146 hio
1056 4082 1228 4164 praecipue
1280 4102 1341 4146 nos
1362 4081 1398 4143 in
1420 4079 1563 4145 Domino
1585 4082 1772 4159 conveniat,
1801 4082 1949 4163 proximo
1972 4099 2067 4145 versu
2088 4077 2254 4156 docuerat,

250 4163 427 4248 spectanda
449 4175 542 4241 sunt,
575 4185 693 4247 nempe
721 4173 759 4228 ιιι
784 4164 926 4231 Domino
952 4166 1078 4232 illibata
1101 4175 1229 4232 constet
1281 4187 1397 4248 nempe
1420 4175 1457 4230 ιιι
1477 4168 1625 4232 iuremus
1649 4189 1720 4231 esse
1741 4169 1776 4231 in
1799 4165 1942 4231 Domino
1964 4165 2102 4231 iustitias
2124 4175 2256 4229 nostras

250 4272 287 4316 ac
316 4249 419 4314 veluti
447 4258 536 4314 sarta
563 4259 651 4314 tecta
679 4272 739 4315 sua
765 4250 882 4335 gloria,
917 4254 1121 4319 conscientiis
1149 4275 1228 4317 vero
1280 4261 1314 4317 et
1341 4252 1565 4317 fortitudinem
1593 4260 1746 4317 nostram
1792 4250 1940 4318 Observa
1967 4273 2033 4318 non
2057 4251 2146 4335 exigi
2178 4252 2256 4316 sim-

249 4337 372 4401 nostris
393 4357 502 4401 coram
524 4337 626 4418 ipsius
648 4336 767 4401 iudicio
788 4337 917 4419 placida
938 4340 1030 4421 quies
1052 4361 1090 4405 ac
1112 4360 1227 4404 serena
1279 4338 1397 4420 plioem
1429 4339 1676 4419 confessionem,
1715 4337 1772 4404 sed
1803 4340 1987 4402 iuramento
2019 4339 2255 4411 confirmatam,

250 4422 477 4505 tranquillitas.
534 4421 694 4486 Videmus
726 4423 852 4504 quoties
891 4445 928 4490 ao
961 4446 1060 4507 quam
1092 4425 1226 4491 sollicite
1279 4446 1321 4489 ne
1347 4427 1425 4490 ficta
1451 4425 1559 4490 nescio
1588 4447 1653 4508 qua
1677 4425 1861 4489 humilitate
1883 4423 2129 4507 defungendum
2150 4433 2254 4507 putes.

250 4510 412 4590 scriptura
441 4530 501 4572 nos
524 4508 672 4572 hortetur
694 4509 735 4573 ad
756 4507 956 4574 reddendam
978 4511 1039 4575 sofi
1061 4511 1133 4576 Deo
1155 4511 1226 4576 lau·
1279 4511 1393 4594 Neque
1410 4510 1464 4575 hic
1482 4519 1634 4577 causetur
1650 4511 1811 4593 quispiam
1832 4531 1867 4574 se
1887 4531 2094 4593 nequaquam
2111 4509 2255 4594 gloriari,

249 4592 300 4659 dis
323 4595 567 4673 confessionem,
592 4594 646 4657 ubi
669 4594 709 4658 de
731 4596 856 4660 iustitia
873 4597 989 4680 agitur.
1019 4598 1128 4680 Atque
1146 4598 1226 4662 odeo
1280 4596 1359 4661 dum
1386 4598 1468 4662 citra
1500 4598 1721 4681 arrogantiam
1753 4596 1919 4680 propriam
1950 4597 2110 4661 iustitiam
2142 4617 2256 4679 recog·

249 4680 339 4744 hunc
360 4682 460 4745 finem
483 4678 624 4744 Domino
646 4681 746 4745 fuisse
769 4690 910 4746 testatur
929 4683 1094 4766 apostolus
1115 4683 1224 4768 (Rom.
1279 4684 1398 4761 noscit;
1427 4683 1502 4748 talis
1525 4685 1614 4747 enim
1641 4682 1822 4747 aestimatio
1850 4703 1920 4746 esse
1947 4703 2014 4746 non
2042 4689 2150 4764 potest
2176 4683 2255 4764 quin

252 4770 286 4845 3,
306 4766 362 4848 25)
394 4765 608 4831 conferendae
641 4767 735 4832 nobis
767 4767 802 4830 in
831 4767 964 4834 Christo
995 4770 1155 4847 iustitiae,
1189 4778 1227 4833 ut
1279 4769 1433 4833 fiduciam
1458 4779 1606 4853 generet,
1635 4790 1694 4833 nec
1722 4767 1841 4832 fiducia
1868 4768 1947 4849 quin
1974 4767 2113 4852 gloriam
2139 4769 2255 4850 pariat

251 4873 345 4917 suam
372 4852 440 4934 ipse
467 4852 715 4917 demonstraret
760 4853 841 4917 Mox
864 4876 941 4919 vero
968 4855 1074 4938 qualis
1101 4855 1157 4919 illa
1184 4856 1227 4919 sit
1281 4855 1530 4919 Meminerimus
1569 4876 1646 4937 ergo
1684 4855 1721 4916 in
1759 4861 1827 4917 tota
1860 4853 2003 4918 iustitiae
2036 4852 2256 4937 disputatione

1280 4943 1380 5006 finem
1409 4941 1497 5005 huno
1526 4961 1596 5004 esse
1624 4938 1850 5021 spectandum,
1880 4944 1918 5001 ut
1945 4939 2034 5002 illius
2061 4939 2134 5004 laus
2156 4961 2256 5022 penes

1280 5026 1459 5091 Dominum
1478 5019 1581 5089 solida
1598 5026 1790 5109 integraque
1807 5029 1947 5088 maneat.
1982 5023 2257 5109 Quandoquidem

320 5139 349 5204 1)
367 5142 407 5194 De
425 5130 504 5194 verbs
520 5144 653 5210 Apostoli,
674 5144 760 5197 Serm.
778 5144 795 5197 8
813 5143 897 5212 (114).
985 5146 1015 5213 2)
1034 5148 1119 5200 Serm.
1139 5146 1180 5200 13.
1199 5149 1227 5200 in
1279 5113 1314 5177 in
1345 5109 1653 5176 d⁰m⁰n⁸tmti⁰nem
1684 5109 1828 5214 maitiae
1844 5195 1850 5208 ,
1867 5130 1945 5174 ⁸⁰³⁰
1978 5110 2120 5210 ssmtiffm
2153 5134 2255 5210 ⁸an

249 5208 328 5263 Cant.
397 5210 427 5279 3)
448 5209 548 5276 Confer
566 5213 684 5265 amum
704 5212 769 5280 Gap.
791 5212 825 5265 Χ.
844 5215 868 5279 ξ.
886 5212 998 5268 23-26.
1279 5206 1362 5262 teste
1389 5195 1532 5279 apostolo
1545 5193 1665 5278 ’(Rom
1687 5199 1721 5272 3,
1746 5195 1818 5277 fit),
1842 5218 1876 5259 m
1894 5216 1953 5260 nos
1974 5195 2103 5277 effudit,
2128 5220 2193 5281 quo
2215 5207 2258 5263 sit
