4672 5842
50 5310 89 5509 l

151 288 216 351 887
797 279 1064 349 maturatio
1085 281 1190 347 Rau
1213 279 1395 347 olimst.
1419 284 1512 344 1559.
2097 280 2168 343 888

155 472 329 540 necessarii
352 477 444 549 sunt;
467 470 564 534 multi
591 471 713 554 quippe
735 470 770 534 in
794 471 938 547 eeclesia,
961 469 1130 535 commoda
1156 474 1159 493 '
1183 471 1440 546 observationes,
1469 469 1496 533 si
1520 468 1572 532 his
1600 469 1847 533 meminerimus
1869 469 2009 533 alterum
2032 488 2166 550 semper

156 572 288 624 terrena
315 565 485 633 sectantes,
514 556 686 622 Christum
714 556 913 640 praedicant,
943 568 976 621 et
996 577 1055 638 per
1077 578 1131 621 eos
1183 579 1226 621 ex
1258 557 1384 621 duobus
1413 576 1484 619 esse
1511 556 1728 636 propositum,
1759 564 1816 618 aut
1843 564 2019 637 utrumque
2048 553 2164 618 simul:

156 667 219 710 vox
242 642 369 708 Christi
391 643 532 721 auditur,
555 652 589 707 et
611 653 795 725 sequuntur
816 664 893 706 oves
915 664 980 706 non
1006 663 1131 706 merce-
1184 655 1221 706 ut-
1243 645 1276 707 in
1299 664 1391 707 sacro
1412 640 1558 705 fidelium
1581 650 1674 705 coetu
1695 639 1850 705 decenter
1871 648 2078 724 peragantur
2095 660 2167 703 om·

156 731 300 807 narium,
335 728 392 794 scd
426 736 590 812 pastorem
624 751 682 811 per
709 730 957 794 mercenarium.
1010 728 1131 792 Audite
1184 730 1241 793 nia
1273 739 1305 792 et
1338 750 1402 809 qua
1432 728 1587 791 convenit
1613 726 1786 809 dignitate3
1818 734 1856 790 ut
1885 728 1958 810 ipsa
1991 727 2166 790 hominum

155 815 374 881 mercenarios
396 815 437 879 ab
460 817 529 898 ipso
551 815 694 879 Domino
716 815 968 878 demonstratos:
997 814 1131 892 scribae,
1185 815 1402 879 communitas
1424 813 1515 878 velut
1536 812 1732 894 quibusdam
1757 812 1971 877 humanitatis
1995 822 2031 876 et
2053 811 2166 876 mode-

155 903 271 984 inquit,
291 910 325 964 et
343 901 514 966 Pharisaei
534 900 723 965 cathedram
742 901 845 965 Masis
867 900 1026 978 insident;
1050 923 1132 982 quae
1185 902 1321 964 rationis
1350 900 1491 963 vinculis
1524 900 1558 962 in
1585 897 1698 962 ordine
1730 900 1920 962 retineatur.
1975 897 2043 964 Ubi
2075 900 2165 961 enim

155 987 286 1067 dicunt,
320 988 433 1065 facite3
464 1008 547 1069 quac
574 999 684 1051 autem
711 988 852 1064 faciunt,
887 988 993 1050 facere
1021 987 1131 1050 nolite.
1186 986 1285 1051 semel
1310 985 1461 1068 publicae
1492 984 1672 1049 honestatis
1699 1006 1799 1049 causa
1825 987 1931 1067 posita
1956 985 2012 1049 lex
2042 984 2165 1048 intelli-

156 1072 246 1154 Quid
274 1073 363 1137 aliud
392 1073 490 1149 dixit,
520 1074 584 1136 nisi
613 1095 671 1154 per
699 1075 916 1137 mercenarios
939 1093 1053 1136 rocem
1075 1094 1132 1155 pa·
1185 1075 1284 1156 gitur,
1306 1074 1372 1136 iam
1395 1070 1524 1135 sublata
1545 1083 1595 1135 est
1617 1071 1815 1153 superstitio,
1835 1072 1870 1135 in
1892 1092 1991 1153 quam
2012 1069 2166 1135 incidunt

155 1160 256 1224 storis
273 1157 404 1222 audite?
431 1156 571 1223 sedendo
589 1160 676 1222 enim
699 1160 734 1221 in
756 1158 913 1223 cathedra
940 1159 1046 1242 legem
1068 1158 1133 1222 Dei
1185 1161 1241 1240 qui
1263 1158 1416 1222 humanis
1438 1157 1582 1221 inventis
1604 1157 1668 1221 Dei
1691 1157 1813 1220 cultum
1836 1158 2028 1222 metiuntur.
2074 1157 2164 1220 Rur-

157 1245 287 1310 docent:
317 1266 394 1343 ergo
422 1267 480 1327 per
503 1243 575 1309 illos
596 1245 688 1309 Deus
716 1245 822 1322 docet;
851 1266 911 1309 sua
937 1246 1062 1313 verosi
1085 1244 1133 1308 illi
1186 1267 1269 1321 sum,
1288 1245 1344 1309 ubi
1367 1243 1407 1307 ad
1430 1264 1637 1307 communem
1661 1264 1756 1307 usum
1778 1243 2164 1326 spectarecognoscitur,

157 1331 272 1396 docere
307 1329 417 1408 velint,
450 1330 550 1394 nolite
583 1331 706 1406 audire,
740 1331 842 1394 nolite
875 1333 989 1395 facere.
1041 1330 1133 1393 Haeo
1185 1352 1300 1395 eversa
1322 1338 1372 1394 est
1393 1329 1476 1393 falsa
1497 1328 1554 1392 illa
1575 1329 1783 1411 obligationis
1812 1338 1846 1393 et
1866 1330 2073 1394 necessitatis
2095 1329 2164 1412 opi-

157 1417 374 1500 Augustinus.
1186 1417 1250 1493 nio,
1272 1438 1354 1498 quae
1381 1417 1550 1498 ingentem
1579 1424 1737 1479 torrorem
1760 1415 1965 1480 conscientiis
1986 1413 2164 1492 iniieiebat,

245 1506 294 1565 27.
340 1499 482 1581 Quando
509 1523 586 1566 vero
615 1502 761 1585 imperiti
790 1502 945 1585 plerique,
969 1501 1049 1565 dum
1073 1502 1133 1565 hu·
1207 1524 1286 1566 uum
1309 1508 1503 1584 putarentur
1520 1500 1712 1564 traditiones
1733 1500 1775 1564 ad
1792 1502 1930 1565 salutem
1948 1502 2163 1566 necessariae.

157 1589 264 1652 manis
311 1586 543 1652 traditionibus
578 1588 677 1669 impie
718 1589 815 1671 ligari
850 1588 1021 1651 hominum
1057 1609 1135 1652 con·
1185 1524 1357 1670 {iquidem
1380 1587 1434 1651 hie
1455 1586 1540 1650 nihil
1562 1587 1740 1668 quaeritur,
1763 1588 1825 1650 nisi
1849 1599 1887 1650 ut
1907 1589 2074 1652 communi
2094 1587 2164 1651 offi-

157 1673 310 1739 seientias
328 1682 362 1736 et
380 1674 502 1737 frustra
524 1674 633 1737 Deum
656 1675 718 1738 coli
735 1674 882 1751 audiunt,
901 1674 1014 1738 eadem
1034 1675 1134 1736 litura
1186 1677 1234 1737 cio
1268 1674 1376 1738 alatur
1401 1675 1487 1737 inter
1521 1694 1580 1736 nos
1613 1674 1740 1736 caritas.
1785 1671 1853 1748 Sed
1874 1694 1992 1755 operae
2020 1675 2164 1754 pretium

156 1759 245 1842 leges
267 1760 380 1823 cinnes
407 1757 568 1823 inducunt
597 1759 714 1842 quibus
737 1760 890 1824 eeclesiae
912 1759 990 1825 ordo
1014 1761 1134 1823 consti·
1186 1770 1237 1824 est
1254 1760 1374 1824 clarius
1393 1758 1499 1823 adhuc
1522 1757 1658 1822 definire
1680 1757 1757 1840 quid
1781 1760 1841 1823 sub
1863 1758 1918 1823 illo
1936 1758 2056 1824 decoro
2078 1758 2164 1841 quod

157 1847 276 1923 tuitur,
309 1845 441 1909 illorum
468 1866 595 1927 quoque
629 1847 733 1910 errori
762 1845 966 1910 commodum
995 1846 1049 1910 hic
1081 1865 1133 1909 oc·
1186 1846 1313 1910 Paulus
1341 1843 1560 1922 commendat,
1590 1844 1667 1925 quid
1696 1845 1773 1907 item
1796 1845 1856 1909 sub
1879 1845 1992 1909 ordine
2015 1865 2164 1928 compre-

157 1931 357 1995 currendum
386 1942 444 1995 est.
490 1931 578 1995 Falli
607 1930 660 1994 hic
673 1932 696 2014 ¹)
726 1953 802 1995 sane
831 1953 989 2014 perquam
1012 1944 1062 1996 est
1083 1931 1133 1994 lu·
1187 1930 1358 1996 heudatur.
1410 1933 1459 1996 Ac
1489 1929 1596 1995 decori
1626 1930 1757 2012 quidem
1786 1932 1862 1994 finis
1885 1941 1949 2008 est,
1973 1932 2098 2014 partim
2122 1940 2164 2006 ut,

155 2018 293 2094 brieum,
314 2018 390 2099 quia
413 2038 478 2080 non
500 2017 608 2099 prima
630 2019 741 2081 statim
764 2019 845 2082 facie
872 2029 1007 2099 apparet
1028 2038 1133 2099 quan·
1186 2016 1265 2080 dum
1288 2016 1487 2081 adhibentur
1508 2017 1591 2080 ritus
1609 2019 1664 2098 qui
1682 2017 1924 2080 venerationem
1944 2015 2043 2081 rebus
2064 2019 2166 2082 sacris

157 2114 229 2168 tum
251 2105 338 2165 inter
356 2103 428 2166 illas
446 2112 480 2166 ct
498 2102 558 2166 has
580 2104 718 2167 intersit.
756 2101 823 2168 Sed
842 2126 902 2186 ego
924 2104 970 2166 ita
992 2101 1132 2168 dilucide
1186 2103 1373 2180 concilient,
1407 2103 1527 2167 talibus
1555 2102 1762 2166 adminiculis
1789 2101 1830 2166 ad
1858 2103 2016 2185 pietatem
2043 2105 2164 2167 excite-

155 2210 226 2252 rem
246 2198 347 2252 totam
370 2189 481 2269 paucis
499 2188 680 2270 expediam,
704 2211 745 2252 ne
775 2191 826 2254 cui
848 2191 996 2272 imponat
1017 2189 1132 2252 simili·
1185 2212 1275 2266 mur;
1298 2189 1418 2270 partim
1439 2189 1538 2252 etiam
1561 2201 1597 2251 ut
1614 2188 1775 2252 modestia
1796 2197 1829 2252 et
1846 2189 2002 2271 gravitas,
2024 2211 2110 2271 quae
2132 2191 2164 2253 in

155 2275 243 2339 tude.
280 2274 514 2355 Hocprimum
533 2274 725 2340 habeamus:
749 2276 830 2340 siin
849 2275 937 2340 omni
962 2276 1133 2339 hominum
1185 2276 1334 2339 omnibus
1374 2275 1520 2338 honestis
1559 2274 1740 2338 actionibus
1777 2275 1918 2356 spectari
1951 2274 2063 2351 debet,
2100 2276 2165 2340 illic

155 2362 309 2425 societate
327 2361 543 2424 necessariam
561 2382 631 2425 esse
648 2362 794 2443 politium
812 2362 954 2444 aliquam
973 2360 1133 2438 videmus,
1185 2362 1328 2425 maxime
1360 2360 1494 2424 eluceat
1550 2360 1591 2423 In
1624 2359 1738 2424 ordine
1771 2360 1832 2425 hoc
1861 2362 2004 2443 primum
2034 2369 2100 2438 est,
2129 2376 2165 2425 ιιι

155 2467 239 2528 quae
262 2444 302 2508 ad
325 2445 476 2509 alendam
494 2467 701 2511 communem
724 2468 846 2530 pacem,
870 2457 904 2511 et
926 2446 1133 2511 retinendam
1185 2448 1243 2530 qui
1264 2445 1615 2530 praesunt,⁸regulam
1637 2466 1674 2511 ac
1703 2446 1810 2529 legem
1837 2446 1920 2510 bene
1948 2447 2085 2529 regendi
2108 2470 2164 2512 no-

155 2530 361 2596 concerdiam
389 2532 513 2610 valeat;
540 2533 568 2595 si
589 2534 624 2595 in
646 2532 745 2598 rebus
767 2533 902 2616 agendis
930 2535 1031 2616 cipere
1057 2553 1139 2598 sent—
1185 2535 1309 2612 verint;
1330 2532 1422 2615 plebs
1444 2554 1521 2597 vero
1544 2553 1627 2613 quac
1644 2532 1778 2616 regitur,
1801 2531 1843 2595 ad
1861 2532 2079 2597 obedientiam
2101 2533 2166 2598 Dei

148 2639 211 2698 per
228 2617 368 2699 aliquem
387 2619 497 2694 ritum,
519 2639 608 2698 qaam
626 2639 686 2682 stoa
707 2621 815 2700 respui
831 2619 978 2701 poeticae
995 2619 1134 2683 ltoaesta-
1186 2631 1371 2701 rectamque
1405 2618 1610 2700 disciplinam
1637 2620 1800 2683 assuefiat.
1851 2617 1977 2682 Deinde
2008 2627 2046 2681 ut
2080 2619 2166 2682 bene

155 2704 196 2767 tis
218 2705 350 2781 interest,
373 2709 464 2784 atque
486 2705 561 2768 adeo
590 2703 799 2770 honestitatis
826 2707 945 2786 ipsas:
968 2703 1001 2767 id
1024 2706 1058 2768 in
1081 2726 1133 2768 ee·
1185 2708 1361 2786 composito
1384 2705 1537 2770 ecclesiae
1563 2712 1651 2768 statu
1678 2705 1750 2788 paci
1772 2714 1807 2768 et
1834 2703 2056 2786 tranquillitati
2079 2724 2164 2767 eon-

155 2788 262 2854 olosiis
280 2791 474 2872 praesertim
493 2789 734 2854 observandum
753 2812 833 2865 esse,
852 2812 935 2873 quae
954 2812 1029 2854 cum
1049 2791 1133 2855 bene
1186 2791 1322 2856 sulatur.

154 2876 333 2958 composita
355 2897 467 2940 rerum
490 2877 637 2940 omnium
661 2877 896 2941 constitutione
918 2878 1039 2959 optime
1062 2899 1133 2942 sus-
1273 2881 1322 2941 29.
1367 2877 1533 2942 Decorum
1553 2896 1631 2959 ergo
1654 2897 1720 2940 non
1738 2875 1922 2940 vocabimus
1939 2874 1975 2937 in
1991 2894 2057 2955 quo
2075 2873 2166 2937 nihil

154 2962 317 3038 tinentur,
336 2971 406 3026 tum
431 2983 509 3026 vero
533 2962 604 3026 sinc
626 2961 799 3028 concordia
817 2963 926 3027 nuhaa
945 2975 1023 3027 sunt
1040 2985 1133 3046 pror·
1185 2973 1316 3046 praeter
1349 2964 1446 3027 inane
1478 2962 1752 3026 oblectamentum
1780 2961 1891 3039 inerit,
1924 2959 2019 3042 quale
2049 2981 2165 3024 exem·

155 3069 220 3111 sus.
257 3045 479 3127 Quamobrem
497 3048 525 3113 si
547 3049 700 3113 ecclesiae
719 3049 935 3113 incolumitati
953 3050 1035 3114 benc
1058 3069 1132 3131 pro-
1185 3049 1278 3131 plum
1300 3048 1449 3114 videmus
1471 3049 1506 3111 in
1528 3047 1583 3112 illo
1606 3047 1766 3111 theatrico
1795 3055 2039 3131 apparatuque
2062 3055 2163 3110 utun·

155 3139 303 3214 spectum
325 3133 485 3211 volumus,
514 3133 689 3217 diligenter
716 3136 850 3199 omnino
878 3133 1060 3200 curandum
1083 3145 1133 3199 est
1185 3143 1240 3199 tur
1262 3136 1408 3218 papistae
1430 3135 1466 3197 in
1494 3135 1562 3198 suis
1584 3133 1700 3210 sacris,
1729 3131 1786 3196 ubi
1809 3131 1895 3197 nihil
1915 3152 2014 3214 quam
2037 3131 2165 3196 inutilis

155 3218 243 3300 quod
261 3218 386 3283 Paulus
409 3219 508 3298 iubet,
533 3229 570 3283 ut
591 3220 744 3285 docenter
765 3222 877 3286 omnia
898 3230 932 3284 et
954 3221 1133 3286 seeundum
1186 3221 1368 3305 elegantiae
1389 3220 1482 3285 larva
1503 3228 1538 3285 et
1558 3219 1657 3283 luxus
1680 3221 1749 3283 sine
1773 3220 1883 3284 fructu
1900 3227 2050 3301 apparet
2100 3216 2163 3282 Sed

155 3304 305 3368 ordinem
326 3306 409 3368 fiant
431 3305 461 3388 (l
489 3304 563 3370 Cor.
591 3311 638 3384 14,
662 3309 728 3392 40).
773 3309 820 3371 At
841 3328 943 3390 quum
969 3309 1004 3370 in
1028 3307 1133 3371 homi·
1185 3307 1267 3371 illud
1288 3307 1381 3371 nobis
1401 3306 1554 3370 decorum
1575 3306 1647 3382 crit,
1669 3303 1757 3387 quod
1778 3306 1825 3369 ita
1846 3305 1910 3368 crit
1931 3303 1974 3368 ad
1996 3324 2164 3368 sacrorum

157 3413 237 3454 num
260 3391 404 3455 moribus
426 3399 519 3455 tanta
536 3392 616 3456 insit
636 3392 818 3466 diversitas,
842 3400 936 3458 tanta
956 3394 992 3458 in
1014 3393 1133 3458 animis
1186 3395 1419 3476 mysteriorum
1437 3392 1654 3456 reverentiam
1678 3401 1800 3473 aptum,
1823 3398 1862 3454 ut
1881 3392 1924 3455 sit
1944 3389 2104 3454 idoneum
2125 3389 2163 3454 ad

158 3476 308 3553 varietas,
332 3483 426 3540 tanta
447 3478 481 3540 in
504 3477 632 3542 iudiciis
654 3480 859 3561 ingeniisque
880 3501 1002 3561 pugna:
1029 3501 1133 3561 neque
1186 3480 1340 3562 pietatem
1368 3479 1576 3553 exercitium,
1605 3477 1658 3542 vel
1685 3477 1801 3541 saltem
1829 3476 1915 3559 quod
1943 3474 1985 3540 ad
2013 3485 2163 3540 ornatum

156 3561 271 3643 politia
293 3561 362 3625 ulla
384 3564 464 3627 satis
487 3565 582 3627 firma
611 3573 670 3642 cst,
701 3566 764 3629 nisi
786 3567 884 3631 certis
905 3565 1034 3649 legibus
1056 3587 1133 3631 eon·
1186 3566 1284 3631 faciet
1317 3566 1436 3631 actioni
1471 3572 1705 3647 congruentem
1712 3588 1720 3641 ;
1754 3583 1860 3644 neque
1892 3561 1926 3626 id
1957 3563 2069 3644 ipsum
2097 3563 2163 3627 sine

156 3648 290 3726 stituta3
313 3669 373 3713 nec
403 3650 473 3713 sine
495 3657 581 3715 stata
609 3650 750 3732 quadam
777 3651 882 3716 forma
904 3653 1029 3717 servari
1051 3652 1133 3715 ritus
1187 3652 1310 3716 huctu:
1341 3650 1398 3716 sed
1427 3659 1465 3713 ut
1492 3648 1604 3713 fideles
1634 3648 1807 3712 admoneat
1838 3655 1962 3730 quanta
1995 3648 2161 3723 modestia,

155 3735 315 3817 quispiam
344 3744 458 3816 potest.
503 3736 581 3800 Huc
610 3758 687 3819 ergo
714 3757 798 3818 quac
827 3737 1013 3803 conducunt
1035 3738 1132 3820 leges,
1187 3738 1352 3821 religione,
1372 3736 1587 3813 observantia,
1607 3755 1699 3800 sacra
1717 3743 1859 3799 tractare
1876 3734 2026 3799 debcant
2062 3734 2162 3799 Porro

155 3831 285 3885 tantum
308 3821 399 3885 abest
427 3833 464 3884 ut
492 3820 693 3900 damnemus,
722 3832 759 3887 ut
787 3824 839 3888 his
861 3823 977 3888 ablatis
1001 3822 1134 3887 dissolvi
1187 3834 1224 3886 ut
1244 3825 1372 3905 pietatis
1401 3823 1556 3887 exercitia
1574 3822 1641 3886 sint
1662 3821 1901 3899 caeremoniae,
1924 3817 1966 3885 ad
1989 3819 2163 3886 Christum

156 3906 224 3970 suis
251 3907 362 3972 nervis
396 3907 548 3972 ecelesias
584 3917 731 3991 totasque
764 3909 939 3974 deformari
974 3931 1012 3974 ac
1039 3907 1133 3973 dissi·
1186 3920 1276 3974 recta
1304 3931 1363 3974 nos
1385 3908 1547 3973 deducant
1575 3928 1707 3972 necesse
1729 3916 1787 3971 est
1833 3904 1994 3971 Similiter
2016 3905 2163 3971 ordinem

156 3992 228 4073 pari
250 3992 492 4070 contendamus.
538 3994 651 4076 Neque
674 3996 762 4059 enim
786 3995 899 4060 haberi
921 4004 1028 4077 potest
1048 3992 1135 4077 qaod
1186 4017 1251 4058 non
1284 3996 1518 4060 constituemus
1552 3993 1588 4055 in
1621 3993 1687 4057 illis
1710 3993 1890 4075 nugatoriis
1912 3994 2059 4076 pompis,
2081 4013 2162 4075 quae

155 4076 280 4141 Paulus
307 4079 424 4161 exigit,
458 4091 495 4142 ut
523 4079 676 4144 decenter
704 4081 814 4145 omnia
842 4088 875 4146 et
902 4080 1015 4144 ordine
1041 4082 1132 4158 fiant,
1186 4081 1270 4144 nihil
1298 4079 1419 4144 habent
1447 4087 1576 4161 praeter
1597 4078 1777 4144 evanidam
1799 4077 2021 4160 splendorem,
2050 4078 2109 4142 sed
2129 4079 2164 4141 in

155 4163 218 4228 nisi
249 4162 369 4228 additis
397 4165 685 4244 observationibus,
719 4176 877 4249 tanquam
899 4167 1039 4232 vinculis
1061 4167 1133 4248 qui·
1186 4167 1220 4230 in
1248 4188 1287 4230 ea
1309 4166 1540 4248 compositione
1562 4185 1646 4246 quae
1668 4185 1799 4228 omnem
1821 4162 2059 4241 confusionem,
2088 4163 2164 4228 bar-

154 4247 302 4328 busdam,
321 4249 400 4314 ordo
419 4251 489 4333 ipsc
510 4262 544 4315 et
565 4251 717 4317 decorum
740 4255 904 4319 consistat
939 4253 979 4317 Id
1001 4261 1133 4316 tantum
1185 4253 1325 4331 bariem,
1347 4252 1598 4327 contumaciam,
1620 4251 1734 4314 turbas
1756 4271 1868 4314 omnes
1889 4258 1923 4312 et
1944 4247 2081 4314 dissidia
2100 4248 2163 4312 tol·

154 4357 283 4418 semper
305 4337 339 4399 in
362 4337 434 4401 istis
456 4336 736 4402 observationibus
759 4339 986 4422 excipiendum
1009 4347 1067 4415 est,
1091 4360 1132 4402 ne
1185 4338 1241 4403 lat.
1291 4339 1416 4403 Prioris
1449 4338 1578 4420 generis
1610 4335 1761 4419 exempla
1789 4344 1868 4400 sunt
1894 4334 1988 4417 apud
2019 4335 2163 4400 Paulum

155 4430 212 4485 aut
234 4421 276 4485 ad
294 4422 435 4487 salutem
454 4421 632 4487 credantur
650 4426 861 4502 necessariae,
882 4433 980 4507 atque
997 4425 1132 4490 itacon-
1186 4426 1218 4509 (l
1240 4424 1314 4490 Cor.
1344 4429 1415 4508 ll),
1447 4438 1485 4488 ut
1516 4445 1558 4487 ne
1596 4422 1733 4505 profana
1764 4421 1929 4506 symposia
1962 4442 2039 4485 cum
2072 4441 2164 4486 sacra

155 4509 307 4573 scientias
335 4509 492 4592 religione
515 4509 724 4592 obstringant
731 4533 739 4587 ;
768 4519 825 4574 aut
853 4512 894 4575 ad
923 4511 989 4576 Dei
1009 4512 1131 4577 cultum
1185 4512 1319 4575 Domini
1342 4531 1442 4576 coena
1460 4509 1748 4586 commisceantur;
1770 4529 1812 4572 ne
1829 4507 1984 4570 mulieres
2002 4508 2040 4570 in
2058 4506 2163 4591 publi·

154 4594 377 4673 conferantur,
400 4603 497 4676 atque
521 4596 567 4658 ita
587 4596 622 4657 in
644 4595 711 4659 illis
733 4605 911 4677 reponatur
933 4599 1045 4678 pietas.
1185 4619 1260 4662 cum
1286 4593 1356 4662 'nisi
1391 4597 1516 4662 velatae
1544 4594 1731 4678 procedant.
1781 4593 1828 4658 Et
1856 4592 1918 4656 alia
1950 4592 2095 4676 plurima
2127 4594 2163 4656 in

243 4682 292 4743 28.
338 4680 509 4744 Habemus
542 4702 619 4763 ergo
653 4682 809 4763 optimam
843 4692 877 4747 et
908 4682 1133 4747 fidelissimam
1184 4682 1373 4765 quotidiano
1395 4705 1458 4747 usu
1480 4682 1653 4747 habemus:
1676 4679 1772 4763 quale
1794 4690 1856 4757 est,
1878 4677 1966 4761 quod
1989 4680 2085 4745 flexis
2107 4700 2164 4762 gc-

155 4772 275 4844 notam,
299 4786 382 4847 quac
403 4767 490 4830 inter
512 4766 630 4848 impias
647 4766 722 4831 illas
744 4769 993 4833 constitutiones
1017 4767 1132 4832 distin·
1184 4770 1281 4834 nibus
1303 4768 1454 4851 nudoque
1476 4768 1582 4850 capite
1611 4788 1758 4845 oramus;
1786 4763 1873 4847 qnod
1893 4763 2035 4829 Domini
2055 4786 2163 4831 saera·

155 4863 235 4932 guat
266 4850 400 4933 (quibus
427 4873 541 4916 veram
570 4852 736 4918 obscurari
765 4854 957 4938 religionem
990 4861 1023 4919 et
1055 4875 1133 4919 con·
1184 4863 1296 4920 menta
1317 4877 1386 4920 non
1408 4854 1545 4931 sordide,
1570 4853 1628 4917 sed
1649 4874 1724 4918 cum
1746 4851 1855 4934 aliqua
1876 4851 2040 4934 dignitate
2059 4850 2163 4915 admi·

154 4935 308 5002 scientias
330 4938 476 5003 subverti
498 4938 622 5003 dictum
642 4939 707 5022 est)
737 4947 771 5004 et
791 4940 956 5024 legitimas
978 4939 1132 5027 ccclesiae
1185 4942 1379 5021 nistramus;
1408 4940 1495 5025 quod
1527 4940 1564 5002 in
1597 4937 1793 5023 sepeliendis
1825 4937 1963 5002 mortuis
1995 4936 2163 5020 quandam

1185 5026 1387 5092 honestatem
1416 5025 1623 5103 adhibemus,
1658 5032 1801 5107 atquae
1828 5023 1894 5087 alia
1918 5022 2036 5090 codem
2063 5022 2164 5107 perh'·

1184 5119 1272 5177 nent
1317 5113 1360 5177 In
1388 5112 1490 5177 altero
1536 5129 1634 5174 encre
1661 5119 1739 5176 sunt
1760 5110 1859 5175 horae
1886 5107 2027 5191 publicis
2049 5131 2164 5194 preca·

225 5207 253 5274 1)
270 5210 314 5263 no
332 5212 414 5264 omae.
436 5207 504 5263 toea
531 5211 614 5265 rost.
1184 5197 1343 5279 tionibus,
1371 5134 1582 5265 concionibus
1613 5189 1649 5261 ot
1672 5196 1821 5282 mystias
1847 5195 2034 5262 actionibus
2064 5196 2164 5264 desti·
