4672 5842
162 286 224 349 939
799 272 1064 342 INSTITU'PIO
1088 275 1194 340 REL.
1217 273 1399 342 euulsa.
1424 278 1515 338 1559.
2102 277 2167 337 940

162 471 312 537 lascivire
339 469 373 531 in
401 466 572 531 Christum
599 487 654 530 eas
682 463 768 530 dicit
812 464 933 528 Postea
960 485 1038 528 vero
1065 485 1134 527 am·
1185 485 1280 528 nosse
1309 464 1490 546 potuerint,
1520 462 1572 528 vel
1606 462 1711 527 ullum
1738 462 1790 527 sni
1818 463 2083 545 experimentum
2112 485 2165 527 ea·

162 554 328 641 plificandi
350 573 448 617 causa
466 553 647 635 subiungit,
670 550 750 614 adeo
768 551 855 633 ipsas
874 549 959 631 qnod
982 549 1134 614 eeclesiae
1186 570 1272 631 pere,
1296 560 1333 613 ut
1354 551 1390 613 in
1411 549 1484 613 illos
1506 548 1694 614 maledictos
1715 549 1847 631 laqueos
1869 570 1904 613 se
1926 547 2075 625 induant,
2100 570 2165 613 non

161 641 322 725 pollicitae
355 650 432 701 sunt
466 660 531 702 non
559 645 739 720 praestare,
775 645 812 699 nt
838 637 979 718 primam
1007 656 1134 718 quoque
1186 644 1314 699 tantum
1337 633 1452 699 fraude
1477 633 1684 711 inducuntur,
1708 634 1766 699 sed
1787 635 1821 698 vi
1843 655 1880 700 ac
1901 634 2002 698 minis
2022 635 2165 718 compel-

160 727 260 792 fidem
280 727 315 793 in
338 725 500 806 baptismo
520 723 629 788 datam
653 721 829 786 violentae
851 722 979 786 irritam
999 722 1134 799 iaciant3
1186 721 1308 786 luntur.
1353 720 1395 785 In
1422 721 1555 803 reliquis
1583 719 1709 784 duobus
1732 721 1816 785 votis
1842 719 2076 804 impugnandis
2100 742 2165 786 non

161 811 197 878 in
229 831 293 893 qua
326 810 386 874 hoc
418 808 706 892 comprehenditur
739 817 776 871 ut
808 808 969 872 vocationi
999 809 1135 889 quisque
1185 807 1344 873 insistam.
1379 807 1450 870 Hcc
1471 813 1599 871 tantum
1624 806 1709 871 dico:
1734 807 2076 889 praeterquamquod
2100 828 2165 873 non

161 920 240 964 suae
266 894 471 978 respondeat.
516 895 586 958 Nisi
613 895 695 958 forte
721 894 783 958 hoo
810 894 915 957 mavis
943 893 1135 976 intelligere,
1188 895 1301 976 paucis
1324 892 1611 975 superstitionibus
1633 903 1712 956 sunt
1733 892 1905 974 implicita,
1929 899 1968 956 ut
1990 891 2091 956 hodie
2114 915 2165 958 res

162 983 257 1067 quod,
278 983 377 1046 veluti
397 983 515 1045 amisso
529 980 661 1062 pudore,
680 1001 809 1042 omnem
822 979 938 1043 deindo
956 979 1136 1043 honestatis
1188 977 1326 1054 habent,
1354 980 1389 1042 in
1412 979 1473 1042 hoe
1495 979 1673 1059 composita
1695 999 1766 1043 esse
1787 977 1956 1056 videntur,
1987 988 2027 1042 ut
2048 980 2106 1061 qui
2128 1000 2165 1043 ea

162 1091 274 1135 cruam
303 1067 492 1144 abiicerent‚
521 1065 562 1129 ad
589 1087 720 1129 omnem
742 1064 908 1129 lasciviam
931 1075 964 1128 et
986 1066 1135 1148 petulan-
1187 1073 1387 1146 nuncupant,
1410 1063 1482 1128 Deo
1503 1062 1644 1128 illudant
1665 1074 1699 1128 et
1721 1065 1916 1130 hominihus
1958 1061 2028 1129 Sed
2049 1087 2094 1129 ne
2116 1066 2164 1128 vi·

162 1155 244 1219 tiam
278 1176 313 1218 so
341 1154 587 1236 prostituerent,
621 1151 791 1216 licentiosa
819 1150 1039 1234 dissolutaque
1067 1152 1136 1215 vita
1160 1210 1162 1227 ,
1188 1150 1323 1215 deamur
1345 1149 1491 1232 singulas
1509 1150 1685 1231 particulas
1707 1151 1805 1214 nimis
1823 1150 1966 1232 maligne
1984 1151 2164 1233 exagitare,

160 1240 244 1307 nihil
267 1241 376 1304 minus
397 1259 494 1320 quam
516 1236 712 1302 christianas
738 1235 892 1300 mulieres
914 1258 992 1318 prae
1015 1259 1049 1301 se
1072 1237 1135 1301 fer·
1160 1240 1162 1251 '
1187 1236 1244 1300 illa
1264 1235 1423 1318 generali,
1447 1258 1529 1317 quac
1552 1236 1702 1317 superius
1730 1237 1835 1319 posita
1856 1245 1919 1314 est,
1942 1236 2164 1302 confutatione

161 1335 249 1392 rent:
267 1327 322 1407 qui
341 1345 455 1388 sensus
473 1322 554 1386 mihi
573 1323 745 1406 perplacet.
782 1322 1031 1404 Respondemus
1048 1344 1134 1405 ergo,
1187 1323 1333 1387 contenti
1355 1323 1485 1387 erimus.

162 1434 245 1495 quae
278 1421 356 1474 tunc
384 1409 425 1473 ad
454 1408 618 1491 publicum
647 1409 864 1472 ministerium
899 1409 1136 1490 recipiebantur
1274 1411 1323 1471 20.
1376 1406 1570 1471 Cuiusmodi
1595 1407 1741 1489 legitima
1768 1408 1836 1471 sint
1867 1416 1900 1471 et
1931 1415 2065 1490 accepta
2093 1409 2165 1473 Dec

161 1498 288 1574 viduae,
312 1517 366 1559 eas
389 1494 448 1558 sibi
472 1494 619 1576 perpetui
637 1495 814 1559 caelibatus
836 1493 1054 1558 conditionem
1075 1496 1136 1558 im·
1159 1484 1162 1573 1
1188 1505 1279 1571 vota,
1314 1494 1393 1558 satis
1427 1494 1611 1574 expositum
1638 1513 1708 1557 esse
1738 1494 1886 1557 arbitror.
1937 1491 2027 1573 Quia
2052 1502 2165 1559 tamen

161 1584 321 1669 posuisse;
345 1581 371 1644 si
397 1592 508 1662 postea
528 1581 704 1657 nuberent,
727 1580 820 1644 facilc
844 1579 1059 1662 intelligimus
1082 1603 1134 1645 ao-
1159 1582 1162 1647 ἔ
1187 1578 1355 1643 interdum
1384 1579 1480 1643 rudes
1508 1600 1546 1643 ac
1568 1578 1701 1642 timidae
1723 1579 1951 1654 conscientiae,
1980 1580 2086 1643 etiam
2109 1581 2165 1645 ubi

160 1669 278 1734 cidisse
296 1664 382 1749 quod
405 1665 484 1730 dicit
503 1666 638 1743 Paulus,
661 1678 706 1741 ut,
731 1667 871 1747 proiecto
893 1665 1025 1747 pudore,
1048 1666 1135 1730 insc-
1188 1674 1302 1729 votum
1329 1664 1459 1746 aliquod
1487 1663 1635 1746 displicet
1663 1686 1700 1729 ac
1722 1664 1939 1747 improbatur,
1969 1663 2010 1729 dc
2038 1666 2163 1750 obliga·

161 1754 315 1819 lentiores
336 1754 453 1816 tierent
473 1773 572 1834 quam
601 1751 730 1816 deceret
756 1753 908 1825 mulieres
930 1752 1133 1816 christianas.
1187 1752 1275 1815 tione
1304 1751 1518 1815 nihilominus
1547 1749 1712 1828 dubitant,
1741 1765 1774 1815 et
1803 1752 1947 1834 graviter
1969 1753 2163 1817 excrucian-

86 1848 94 1865 ‘
160 1839 214 1904 Ita
242 1861 308 1903 non
330 1837 435 1902 solum
457 1859 622 1920 peccasse,
647 1837 745 1901 tidem
767 1837 919 1902 ecelesiae
941 1837 1054 1902 datam
1074 1838 1135 1901 fal·
1188 1847 1257 1914 tur,
1285 1858 1386 1918 quum
1409 1845 1442 1900 et
1464 1836 1585 1900 violare
1606 1836 1716 1900 datam
1738 1838 1810 1901 Deo
1837 1835 1934 1901 fidem
1957 1836 2112 1916 horrent,
2133 1845 2166 1902 et

160 1925 274 2001 lende,
302 1922 360 1989 sed
388 1944 408 1985 a
430 1923 595 1987 communi
624 1924 751 2005 piarum
775 1923 951 1987 mulierum
981 1922 1053 2007 lego
1080 1922 1136 1986 de·
1188 1932 1346 1986 verentur
1378 1945 1395 1986 e
1428 1943 1585 1988 converso
1613 1943 1655 1985 nc
1684 1922 1844 1987 servando
1878 1922 1983 2006 magis
2017 1934 2165 2005 peccent

160 2012 302 2077 scivisse.
349 2007 416 2073 Sed
439 2011 583 2090 primum
606 2030 703 2091 nego,
732 2007 796 2072 alia
823 2009 948 2073 ratione
976 2009 1136 2091 professas
1189 2009 1241 2073 hic
1270 2006 1526 2074 succurrendum
1553 2007 1618 2072 illis
1651 2018 1714 2085 est,
1741 2030 1803 2090 quo
1826 2030 1860 2072 se
1891 2010 2017 2091 possint
2039 2008 2082 2072 ab
2105 2010 2165 2075 hac

161 2118 232 2162 csse
255 2096 457 2169 caelibatum,
481 2094 545 2158 nisi
573 2096 649 2177 qnia
671 2094 857 2177 coniugium
880 2117 954 2159 cum
977 2117 1016 2159 ea
1037 2117 1137 2177 quam
1189 2094 1379 2159 difficultate
1402 2095 1534 2175 eripere.
1580 2094 1627 2159 Ut
1655 2104 1764 2159 antem
1793 2095 1893 2159 semel
1918 2116 2052 2159 omnem
2074 2118 2165 2162 sern-

162 2182 315 2249 subibant
336 2181 499 2245 functione
522 2181 874 2258 minimoeonvoniret;
898 2202 935 2246 ac
950 2182 1083 2245 omnino
1102 2203 1136 2246 se
1189 2180 1304 2263 pulum
1334 2179 1462 2257 tellam,
1499 2179 1570 2244 dico
1598 2181 1708 2244 omnia
1737 2201 1804 2245 non
1837 2180 1983 2264 legitima
2014 2203 2076 2246 nec
2106 2184 2167 2246 rite

162 2269 203 2334 ad
226 2268 420 2332 caelibatum
449 2266 656 2343 astrinxisse,
686 2267 748 2330 nisi
777 2275 939 2348 quatenus
960 2268 1060 2331 ferret
1080 2290 1137 2332 vo-
1189 2279 1342 2347 oonccpta
1365 2272 1449 2342 vota,
1471 2275 1509 2329 ut
1530 2265 1617 2347 apud
1639 2266 1749 2330 Deum
1772 2266 1867 2330 nihili
1888 2275 1977 2344 sunt,
2005 2268 2051 2331 sic
2074 2267 2167 2333 nobis

162 2355 300 2422 cationis
327 2372 405 2416 snae
433 2352 616 2417 necessitas.
661 2352 789 2416 Deinde
816 2353 863 2415 ita
890 2351 1050 2435 obligatas
1071 2374 1137 2416 non
1189 2353 1283 2415 irrita
1310 2373 1381 2417 esse
1410 2350 1535 2416 debere.
1585 2351 1671 2416 Nam
1699 2353 1789 2417 siin
1817 2353 1970 2416 humanis
1992 2354 2167 2418 contracti·

163 2439 302 2506 concedo
331 2439 445 2512 trisse,
468 2439 547 2519 quin
576 2437 640 2502 illis
670 2449 747 2502 tunc
776 2459 903 2520 quoque
930 2440 1031 2502 satius
1052 2448 1138 2506 esset
1190 2438 1250 2502 bus
1274 2459 1312 2502 ea
1335 2445 1463 2502 tantum
1486 2438 1904 2521 promissanoscbligant,
1927 2439 2105 2520 inquibus
2129 2441 2167 2518 is,

162 2526 287 2591 nubere
305 2544 401 2605 qumn
421 2522 473 2586 vel
490 2524 598 2587 carnis
616 2524 738 2589 aculeis
756 2523 931 2601 sollicitari,
951 2525 1004 2588 vel
1025 2525 1059 2589 in
1078 2525 1137 2589 ali·
1190 2546 1264 2590 cum
1291 2545 1354 2604 quc
1381 2524 1620 2597 contrahimus,
1654 2525 1726 2589 vult
1752 2544 1813 2590 nos
1846 2523 1966 2589 habere
1993 2524 2167 2607 obligatos,

185 2633 261 2675 uam
284 2610 409 2692 prolabi
440 2610 701 2674 obscoenitatem.
746 2610 873 2687 Tertio,
903 2632 975 2673 eam
997 2619 1138 2675 aetatem
1189 2609 1366 2675 absurdum
1390 2618 1455 2686 cst,
1479 2609 1520 2672 ad
1543 2632 1582 2674 ea
1608 2609 1803 2691 praestanda
1831 2632 1891 2674 nos
1913 2610 2013 2693 adigi,
2035 2631 2120 2690 quae
2144 2632 2167 2673 a

162 2634 233 2762 dico
256 2719 275 2760 a
297 2695 401 2760 Paulo
423 2694 610 2779 praescribi,
639 2716 722 2776 quac
741 2695 785 2759 sit
807 2697 1023 2761 communiter
1045 2705 1139 2761 extra
1189 2697 1281 2761 nobis
1308 2697 1443 2760 minime
1471 2697 1563 2759 Deus
1586 2697 1736 2778 requirit;
1760 2696 1948 2779 praesertim
1970 2705 2068 2776 quum
2093 2714 2164 2759 non

202 2782 354 2858 riculum;
383 2781 577 2864 praesertim
607 2802 708 2863 qnmn
736 2803 791 2845 eas
819 2789 946 2846 tantum
969 2781 1068 2865 deligi
1086 2784 1137 2847 iu·
1190 2782 1286 2847 aliter
1304 2789 1394 2847 reeta
1414 2781 1479 2844 sint
1498 2801 1597 2863 opera
1619 2790 1739 2860 nestra,
1763 2783 1828 2847 nisi
1850 2782 1902 2847 ubi
1923 2781 1993 2846 Deo
2016 2779 2161 2862 placent,

159 2805 244 2946 liat,
263 2890 345 2949 quac
365 2869 460 2932 unico
479 2867 686 2930 matrimonio
709 2877 893 2944 contentae,
917 2869 1137 2934 continentiae
1189 2878 1223 2932 et
1250 2867 1311 2933 hoc
1338 2867 1554 2933 eonscientiae
1582 2869 1803 2932 testimoninm
1832 2867 1950 2933 habent
1976 2865 2063 2950 quod
2089 2866 2165 2948 pla-

160 2955 325 3037 specimen
353 2955 417 3018 iarn
436 2963 513 3018 ante
534 2952 752 3034 praebuerint
793 2953 918 3017 Votum
936 2960 1047 3018 autem
1065 2976 1137 3020 cae-
1189 2963 1293 3020 ccant
1338 2953 1452 3018 Manet
1474 2955 1562 3018 enim
1590 2953 1672 3018 illud
1694 2956 1813 3041 fixum:
1844 2951 1998 3037 quidquid
2020 2972 2091 3016 nen
2114 2963 2169 3017 est

160 3039 282 3104 libatus
316 3061 380 3104 non
414 3040 479 3103 ulia
512 3039 636 3103 ratione
663 3039 894 3120 improbamus,
917 3039 981 3103 nisi
1006 3041 1083 3121 quia
1104 3048 1137 3105 et
1189 3063 1230 3105 ex
1258 3038 1337 3117 tide,
1366 3046 1535 3121 peccatum
1556 3049 1607 3104 cst
1635 3040 1745 3122 (Rom.
1769 3045 1815 3119 14,
1836 3040 1901 3124 23).
1947 3037 2021 3119 Quo
2041 3039 2167 3104 intelli-

161 3145 221 3208 prc
255 3125 345 3189 cultu
378 3145 548 3208 perperam
577 3125 782 3202 aestimatur,
816 3132 850 3188 ct
878 3134 1000 3189 temere
1028 3127 1068 3190 ab
1097 3127 1137 3192 iis
1190 3127 1239 3209 git
1269 3126 1410 3202 Paulus,
1444 3124 1530 3207 quod
1562 3146 1638 3190 cum
1666 3125 1870 3190 dubitatione
1897 3135 2089 3207 susceptum
2117 3133 2168 3189 est

160 3219 369 3290 nuncupatur
389 3209 506 3292 quibus
523 3210 709 3274 continendi
727 3220 871 3293 potestas
891 3210 976 3275 faeta
993 3223 1136 3277 nonest
1189 3233 1280 3295 opus,
1303 3219 1476 3294 propterea
1498 3211 1652 3276 vitiosum
1676 3234 1760 3290 esso,
1785 3210 1872 3294 quod
1894 3211 2041 3276 omnium
2063 3209 2166 3276 bono-

252 3300 299 3360 lt.
344 3296 398 3359 Ad
419 3295 574 3360 moniales
598 3317 675 3360 vcro
698 3298 754 3378 qui
782 3296 913 3360 trahere
935 3297 1028 3362 licuit
1050 3299 1136 3364 hune
1189 3320 1262 3362 rum
1291 3318 1425 3379 operum
1453 3296 1547 3361 radix
1569 3306 1619 3363 ost
1640 3297 1736 3376 fides,
1770 3320 1834 3380 qua
1856 3299 1937 3363 certi
1966 3318 2081 3362 sumus
2109 3297 2169 3360 illa

161 3381 258 3445 Pauli
291 3380 418 3445 locum?
469 3381 675 3445 Oreabantur
708 3383 796 3445 enim
826 3381 1041 3462 diaconissae,
1070 3407 1136 3449 non
1189 3383 1261 3447 Deo
1289 3389 1422 3465 accepta
1449 3405 1528 3448 esse.
1574 3384 1665 3467 Ergo
1688 3385 1715 3450 si
1739 3384 1830 3460 nihil,
1856 3384 1921 3447 nisi
1944 3383 2006 3448 hac
2028 3384 2166 3449 certitu-

162 3475 200 3531 ut
226 3467 432 3531 cantionibus
460 3477 517 3530 aut
550 3488 718 3531 murmure
748 3490 814 3531 non
841 3467 1005 3533 intellecto
1028 3470 1137 3535 Deum
1189 3468 1274 3547 dine,
1298 3468 1434 3552 aggredi
1467 3468 1544 3534 licet
1576 3470 1702 3534 homini
1724 3470 1919 3547 christiano,
1944 3492 2002 3535 cur
2024 3490 2110 3546 non,
2138 3470 2166 3534 si

163 3550 401 3630 demulcerent,
436 3553 594 3634 reliquum
631 3554 786 3634 temporis
819 3555 969 3619 viverent
1001 3557 1136 3635 otiosam
1189 3555 1267 3639 quid
1281 3555 1305 3639 ¹)
1323 3565 1446 3620 temere
1467 3557 1678 3640 susceperint,
1702 3557 1914 3639 ignorationis
1937 3557 2027 3632 vitio,
2052 3554 2095 3619 ab
2117 3577 2167 3620 er-

162 3636 220 3702 sed
249 3645 286 3701 ut
314 3637 441 3719 publico
471 3637 624 3703 ecclesiae
651 3639 834 3703 ministerio
867 3662 946 3724 erga
978 3663 1136 3724 pauperes
1189 3663 1261 3707 rore
1283 3652 1398 3724 postea
1419 3642 1547 3707 liberati
1570 3642 1749 3707 desistant?
1783 3641 1954 3706 Eiusmodi
1975 3663 2080 3725 quum
2102 3641 2168 3706 sint

162 3723 437 3807 defungerentur,
468 3736 505 3787 nt
527 3725 616 3788 omni
638 3723 761 3801 studio,
785 3724 973 3805 sedulitate,
997 3727 1136 3812 diligen·
1188 3736 1265 3794 vota
1295 3727 1534 3793 inconsiderate
1561 3735 1725 3810 suscepta,
1755 3750 1820 3792 non
1848 3727 1945 3791 modo
1972 3727 2059 3792 nihil
2086 3727 2165 3791 obli-

161 3810 216 3887 tia,
241 3812 273 3873 in
297 3811 403 3874 officia
426 3811 570 3874 caritatis
593 3811 826 3876 incumberent.
877 3813 951 3875 Non
974 3815 1137 3879 vovebant
1188 3822 1278 3898 gant,
1301 3814 1359 3879 sed
1381 3815 1562 3880 necessario
1585 3824 1662 3878 sunt
1683 3813 1905 3879 rescindenda
1934 3811 2026 3893 Quid
2046 3822 2165 3891 autem,

161 3894 363 3973 caelibatum,
386 3907 424 3959 ut
446 3896 570 3960 cultum
588 3896 664 3960 inde
685 3896 827 3978 aliquem
850 3897 1044 3962 exhiberent
1064 3901 1136 3964 Dec
1189 3900 1276 3982 qnod
1309 3922 1374 3964 non
1408 3907 1536 3964 tantum
1565 3921 1625 3982 pro
1658 3899 1762 3964 nihilo
1790 3901 2006 3965 aestimantur
2031 3899 2067 3963 in
2091 3920 2166 3962 eon-

162 3979 288 4062 quoda
310 3983 432 4062 nuptiis
456 3983 671 4061 abstinerent;
694 3982 750 4046 sed
774 3991 901 4047 tantum
924 3983 1012 4065 quod
1029 3995 1137 4050 essent
1189 3995 1301 4068 speetu
1322 3985 1395 4064 Dei,
1419 3985 1475 4049 sed
1498 3985 1730 4050 abominationi
1750 4008 1877 4068 quoque
1895 3985 1995 4050 sunt?
2019 3993 2057 4051 nt
2073 3985 2166 4067 prius

162 4065 204 4130 ad
227 4067 468 4148 exsequendmn
491 4091 587 4132 suum
614 4091 733 4133 munus
763 4069 987 4151 expeditiores.
1032 4073 1136 4136 Deni-
1189 4070 1449 4136 demonstratum
1471 4079 1529 4136 est.
1564 4070 1813 4153 Supervacuum
1832 4079 1882 4137 est
1904 4070 2000 4136 dere
2022 4092 2086 4135 non
2104 4092 2165 4134 ne-

183 4173 225 4216 ue
246 4173 310 4214 non
332 4153 494 4217 vovebant
515 4154 569 4218 vel
589 4155 724 4219 ineunte
744 4154 973 4233 adulescentia,
997 4157 1048 4222 vel
1068 4180 1136 4222 mo·
1188 4158 1330 4222 cessaria
1351 4156 1481 4240 longius
1505 4157 1670 4223 disserere.
1716 4158 1788 4224 Hoc
1811 4180 1913 4223 unum
1931 4164 2167 4240 argumentum

187 4239 216 4301 'o
240 4237 346 4302 adhuc
369 4240 484 4304 uetans
507 4242 601 4316 floro,
626 4252 661 4304 ut
684 4263 757 4305 sero
779 4249 891 4323 postea
912 4245 1135 4324 experimenta
1188 4243 1229 4307 ad
1257 4241 1420 4324 pacandas
1443 4251 1476 4306 et
1497 4244 1586 4307 omni
1608 4244 1760 4326 scrupulo
1785 4240 1970 4309 liberandas
1996 4244 2067 4325 pias
2089 4264 2166 4307 eon-

162 4324 325 4389 discerent
346 4332 508 4406 quantum
526 4348 560 4390 se
579 4327 613 4389 in
630 4327 859 4410 praecipitium
878 4325 1042 4394 dedissent
1048 4354 1056 4408 ;
1078 4330 1136 4395 sed
1186 4329 1340 4395 scientias
1357 4327 1486 4393 abunde
1509 4351 1579 4395 esse
1600 4330 1683 4394 mihi
1695 4330 1835 4395 videtur:
1860 4351 2075 4412 quaeeunque
2098 4351 2164 4393 non

161 4431 261 4492 quum
296 4432 391 4474 omne
420 4411 600 4493 periculum
628 4434 798 4493 superasse
828 4414 1033 4494 viderentur,
1069 4438 1136 4481 non
1188 4438 1230 4481 ex
1251 4437 1332 4498 puro
1349 4416 1437 4480 fonte
1455 4424 1614 4480 emanant
1628 4436 1736 4498 opera
1755 4428 1789 4479 et
1807 4417 1842 4480 in
1859 4416 2046 4498 legitimum
2066 4417 2167 4480 finem

160 4497 271 4560 minus
303 4504 410 4560 tntum
438 4518 536 4579 quam
571 4507 718 4562 sanctum
748 4510 860 4563 votum
892 4503 1134 4584 nuncupabant
1188 4501 1384 4585 dirigrmtur,
1407 4523 1427 4564 a
1448 4502 1519 4566 Dec
1537 4502 1711 4585 repudiari,
1735 4511 1768 4567 et
1788 4503 1836 4566 ita
1856 4501 2025 4583 repudiari
2043 4513 2168 4566 utnon

160 4581 297 4660 Verum,
318 4592 353 4645 ut
375 4582 440 4645 dno
460 4583 569 4664 priora
585 4606 650 4648 non
669 4606 812 4667 urgeam,
833 4584 904 4649 dico
922 4588 1013 4652 nefas
1035 4589 1136 4653 flasse
1189 4589 1297 4653 minus
1319 4586 1442 4652 inillis
1464 4609 1616 4673 pergere,
1640 4610 1738 4670 quam
1756 4589 1828 4671 ipsa
1849 4587 2004 4653 inchoare
2026 4610 2087 4653 nos
2111 4609 2166 4652 ve·

162 4666 204 4732 ad
226 4666 409 4734 vovendam
431 4669 664 4733 continentiam
687 4671 785 4752 recipi
809 4670 961 4737 mulieres
980 4684 1055 4738 ante
1078 4696 1136 4738 an·
1188 4681 1244 4738 tet
1281 4674 1364 4739 Inde
1385 4675 1474 4738 enim
1495 4675 1673 4751 conficitur,
1696 4696 1779 4756 qnae
1802 4675 1841 4738 ab
1864 4695 1973 4738 errore
1997 4687 2030 4739 et
2054 4697 2169 4758 super·

160 4776 241 4818 num
270 4754 525 4836 sexagesimum
559 4777 661 4837 quum
689 4756 853 4838 apostolus
883 4758 967 4823 solas
1000 4781 1136 4843 sexage-
1189 4761 1320 4825 stitione
1352 4761 1496 4842 profecta
1529 4768 1607 4825 sunt
1633 4768 1722 4839 vota,
1758 4770 1791 4825 et
1819 4760 1942 4825 nullius
1974 4783 2046 4827 esse
2081 4760 2169 4845 apud

160 4840 271 4904 narius
298 4839 465 4919 admittat,
495 4841 639 4905 iuniores
668 4841 790 4906 nubere
812 4856 846 4906 et
874 4843 993 4910 liberos
1022 4866 1136 4926 parere
1189 4845 1301 4911 Deum
1322 4846 1488 4925 momenti,
1512 4858 1545 4911 et
1567 4869 1586 4911 a
1608 4847 1700 4912 nobis
1723 4845 1909 4912 deserenda

161 4924 280 4990 iubeat
327 4925 417 5009 Ergo
438 4949 498 4990 noc
515 4926 572 4992 illa
593 4927 736 5010 primum
754 4926 933 5008 duodecim,
954 4930 1070 4995 deinde
1087 4934 1136 4997 vi·
1190 4987 1393 4995 --,-...

161 5009 261 5092 ginti,
290 5018 403 5093 postea
431 5013 567 5095 triginta
594 5034 754 5076 annorum
776 5014 862 5080 faeta
888 5015 1046 5081 relaxatio
1069 5018 1136 5082 ullo
1160 4996 1164 5126 ἰ
1258 5069 1273 5120 1

160 5094 257 5159 medo
277 5098 425 5161 excusari
447 5106 567 5181 potest;
588 5108 621 5160 et
643 5098 745 5162 mvrlto
774 5103 883 5166 minus
902 5102 1069 5168 tolerabile
1087 5113 1137 5168 est
1161 5144 1163 5185 ;
1188 5152 1249 5201 m,
1272 5144 1297 5191 ε,
1314 5139 1354 5192 „c
1371 5153 1475 5206 quoque
1497 5139 1657 5204 mm&
1680 5140 1710 5191 ὑ,
1734 5140 1887 5191 „cem-m
1945 5138 2089 5192 amm,
2109 5157 2170 5194 Μ

161 5180 248 5264 quod
270 5182 408 5247 miserae
431 5185 566 5268 puellae,
590 5196 764 5267 antequam
786 5186 839 5249 vel
860 5209 919 5269 per
940 5196 1080 5254 aetatem
1102 5211 1136 5254 se
1161 5194 1164 5239 Ι
1189 5205 1324 5260 ed.1539.
1353 5206 1480 5260 amarae
1497 5221 1589 5260 onnes
1603 5204 1804 5274 (1543-1585)
1822 5207 1891 5261 mae
1999 5213 2022 5263 t:
2041 5209 2067 5261 si
2087 5209 2171 5278 quod.

1274 5069 1287 5135 )
1311 5067 1357 5123 Sic
1375 5070 1517 5137 legumen
1533 5071 1637 5122 acarr'e
1655 5068 1724 5123 1590
1747 5075 1773 5123 et
1790 5074 1928 5138 sequentes
1946 5067 1985 5122 od
2007 5085 2096 5123 unam
2113 5087 2169 5124 on·
