4672 5842
232 326 274 384 sa
883 314 1149 381 msmrumo
1172 316 1275 380 uun.
1299 314 1479 381 cuman
1502 320 1594 381 racc.
1750 376 1755 385 ,
2057 269 2062 275 ’
2200 320 2242 380 ει

235 510 303 573 sint
324 508 494 578 idolorum.
518 529 584 571 non
606 508 705 571 etiam
728 506 876 571 cultores.
922 503 1027 585 Quasi
1048 525 1125 568 vero
1147 525 1212 568 non

236 596 401 677 aliquanto
425 594 530 657 levius
552 593 596 656 sit
618 592 723 657 colere
745 613 845 673 quam
863 593 994 655 seruire.
1034 591 1081 654 Ει
1102 597 1213 654 tamen

236 681 315 746 dum
343 682 378 743 in
406 700 522 763 graeca
550 700 628 743 voce
658 678 800 743 latebras
829 687 978 758 captant,
1013 698 1123 741 secum
1151 677 1213 757 ipsi

234 774 387 849 pugnant
408 764 584 830 admodum
607 765 786 847 pueriliter.
831 764 917 826 Nam
939 784 1041 844 quum
1063 762 1213 845 λαιρεύιιν

235 852 321 916 nihil
343 851 433 914 aliud
456 852 593 915 Graecis
615 851 778 933 significet
805 870 904 930 quam
927 848 1049 925 colere,
1079 847 1214 929 perinde

235 938 324 1002 valet
345 937 431 1019 quod
453 937 576 1014 dicunt,
600 959 637 1000 ac
660 936 688 999 si
708 936 869 1017 imagines
892 955 968 997 suas
990 935 1157 998 fateantur
1179 954 1214 997 se

235 1024 356 1100 colere,
387 1022 444 1087 sed
474 1024 595 1103 absque
621 1022 719 1087 cultu.
765 1022 833 1085 Nec
862 1029 913 1083 est
942 1018 1028 1101 quod
1050 1021 1212 1096 obiiciant,

236 1110 377 1190 aucupia
398 1131 452 1172 me
479 1111 513 1172 in
542 1109 650 1173 verbis
672 1107 819 1184 tendere;
849 1105 906 1169 sed
928 1106 999 1187 ipsi,
1023 1106 1101 1170 dum
1124 1115 1214 1168 teue-

238 1196 314 1260 bras
340 1206 502 1259 conantur
525 1194 693 1258 offundere
712 1192 909 1274 simplicium
922 1192 1032 1268 oculis,
1050 1193 1214 1255 inscitiam

238 1302 331 1346 suam
352 1280 502 1363 produnt.
550 1278 740 1359 Quamlibet
761 1289 871 1342 tamen
894 1280 960 1342 sint
982 1276 1104 1353 diserti,
1128 1298 1214 1341 nun·

237 1389 335 1449 quam
359 1388 418 1430 sua
439 1366 624 1447 eloquentia
645 1378 883 1446 consequentur
905 1373 943 1426 ιιι
965 1385 1034 1427 rem
1057 1385 1159 1427 uuam
1181 1372 1215 1425 et

239 1452 378 1516 eandem
404 1451 495 1515 nobis
525 1452 607 1515 duas
634 1474 703 1515 esso
732 1449 880 1532 probent.
923 1451 964 1513 In
992 1472 1041 1527 re,
1071 1451 1214 1530 inquam,

239 1538 415 1602 ostendant
435 1538 624 1608 discrimen,
655 1549 692 1599 ιιι
720 1537 904 1599 habeantur
926 1536 1090 1600 veteribus
1113 1533 1215 1597 idolo·

238 1624 333 1688 latris
364 1623 545 1687 dissimiles,
592 1620 698 1686 Sicuti
725 1623 813 1685 enim
838 1632 968 1685 reatum
990 1643 1057 1685 non
1081 1622 1216 1702 effugiet

239 1709 366 1774 adulter
388 1723 443 1773 aut
468 1707 637 1782 homicida,
661 1710 688 1771 si
711 1706 800 1771 uliud
821 1708 998 1771 ascititium
1021 1707 1134 1771 sceleri
1157 1728 1216 1770 suo

238 1816 358 1859 nomen
391 1795 595 1876 imposuerit,
630 1795 677 1857 ita
709 1795 788 1857 istos
821 1793 932 1857 subtili
960 1794 1101 1857 noniinis
1129 1814 1216 1856 conr·

239 1890 350 1944 mento
374 1881 499 1945 absolvi
521 1880 700 1943 absurdum
723 1892 781 1956 est,
807 1879 955 1943 sisausa
978 1879 1060 1941 nihil
1084 1878 1124 1942 ab
1147 1878 1215 1941 ido-

238 1967 364 2030 lolatris
387 1967 558 2042 differunt,
594 1987 674 2046 quos
711 1965 866 2028 damnare
888 1967 950 2046 ipsi
973 1966 1072 2029 etiam
1095 1986 1216 2046 cogun-

239 2064 304 2116 tur.
335 2054 437 2133 Atqui
460 2062 590 2115 tautum
613 2053 705 2115 abest
726 2062 762 2114 ut
784 2050 824 2114 ab
846 2051 977 2114 illorum
1000 2072 1098 2113 eausa
1121 2071 1216 2113 suam

238 2140 421 2220 seiungunt,
444 2148 482 2201 ut
503 2139 609 2219 potius
631 2139 702 2200 l'ons
726 2138 825 2200 totius
848 2137 925 2200 mali
948 2137 991 2199 sit
1009 2145 1218 2218 praepostera

240 2223 433 2298 aemulatio,
467 2244 531 2304 qua
558 2245 632 2288 curn
661 2223 725 2287 illis
748 2232 933 2293 certarunt,
967 2223 1044 2286 dum
1071 2221 1218 2305 symbola

240 2310 358 2391 quibus
377 2310 485 2372 Deum
506 2309 567 2372 sibi
590 2311 742 2391 figurant,
767 2320 799 2373 et
821 2330 879 2371 suo
897 2309 1029 2391 ingenio
1052 2307 1113 2370 sibi
1131 2328 1218 2371 corn-

240 2396 468 2468 miniscuutur‚
493 2408 526 2457 et
548 2396 616 2458 suis
638 2396 789 2460 manibus
811 2397 1014 2476 confingunt.

331 2485 377 2544 12.
423 2481 536 2561 Neque
570 2491 680 2544 tamen
709 2504 747 2545 ea
774 2481 1004 2562 superstitione
1037 2488 1152 2543 teneor
1180 2486 1219 2541 ut

242 2566 348 2630 nullas
381 2587 514 2648 prorsus
553 2567 713 2646 imagines
751 2566 902 2630 ferendas
935 2587 1094 2630 censeam.
1151 2563 1218 2628 Sed

241 2654 317 2733 qnia
339 2653 505 2734 sculptura
528 2664 561 2716 ct
581 2654 710 2734 pictura
732 2654 796 2717 Dei
817 2652 903 2715 dona
925 2659 1017 2724 sunt,
1042 2672 1164 2732 purum
1187 2661 1220 2713 et

241 2738 423 2821 legitimum
447 2739 614 2819 utriusque
637 2761 733 2802 usum
756 2740 898 2819 requiro:
931 2760 972 2801 nc
1000 2756 1083 2819 quae
1104 2736 1218 2801 Domi-

240 2847 303 2889 nus
326 2826 359 2888 in
383 2847 476 2888 suam
498 2824 636 2907 gloriam
658 2837 691 2888 ct
711 2826 834 2889 bonum
856 2833 1005 2887 nostrum
1027 2824 1119 2888 nobis
1142 2844 1219 2886 con-

240 2911 330 2985 tulit,
361 2933 399 2974 ea
420 2932 487 2974 uon
509 2920 638 2973 tautum
666 2910 853 2992 polluantur
874 2916 1083 2991 praepostero
1104 2909 1217 2985 abusu,

242 2997 298 3061 sed
321 2998 355 3059 in
377 3006 530 3077 nostram
543 3017 670 3078 quoque
688 2997 865 3078 perniciem
882 3001 1125 3060 convertantur.
1151 2993 1218 3058 De·

240 3104 298 3146 um
327 3083 440 3165 effingi
468 3080 588 3146 visibili
613 3084 718 3164 specie
741 3083 831 3146 nefas
855 3104 924 3145 csse
945 3088 1114 3163 putamus,
1142 3081 1219 3161 quia

241 3167 275 3231 id
296 3168 403 3231 vetuit
424 3168 507 3250 ipse,
536 3176 570 3231 et
596 3170 667 3232 fieri
696 3169 765 3233 siue
793 3168 901 3249 aliqua
926 3168 1048 3251 gloriae
1070 3168 1139 3231 eius
1162 3166 1218 3230 dc-

240 3254 434 3317 formatione
458 3274 524 3316 nou
545 3262 659 3335 potest.
707 3256 755 3319 Ac
779 3275 821 3318 ne
843 3255 878 3317 in
901 3254 962 3318 hac
984 3254 1136 3335 opinione
1158 3273 1218 3317 nos

242 3339 328 3404 solos
350 3361 421 3403 esse
442 3347 568 3421 putent,
593 3361 705 3404 omnes
727 3362 823 3405 sanos
846 3341 1018 3422 scriptores
1039 3339 1073 3402 id
1090 3360 1219 3420 semper

240 3424 440 3507 improbasse
452 3427 623 3507 reperient,
645 3428 700 3508 qui
721 3428 755 3490 iu
777 3448 889 3490 eorum
907 3426 1127 3490 monumentis
1144 3447 1218 3490 ver·

242 3513 303 3575 sati
326 3513 458 3574 tuerint.
493 3510 531 3575 si
554 3534 596 3575 ne
617 3513 761 3595 figurare
783 3511 915 3594 quidem
937 3513 1009 3575 Deo
1032 3533 1219 3593 corpoream

227 3598 384 3679 xeffigiem
413 3597 461 3660 las
490 3605 549 3674 est,
577 3599 681 3661 multo
710 3600 820 3663 miuus
842 3599 947 3679 ipsam
969 3619 1027 3680 pro
1049 3599 1136 3674 Dec,
1167 3598 1219 3662 vel

242 3681 353 3746 Deum
386 3684 421 3745 in
447 3683 517 3764 ipsa
546 3683 651 3747 colere
678 3684 794 3748 licebit
839 3685 959 3747 Restat
987 3684 1087 3766 igitur
1116 3691 1154 3747 ut
1181 3705 1220 3747 ea

242 3769 311 3833 sola
338 3770 519 3851 pingantur
547 3791 584 3833 ac
612 3770 805 3852 sculpantur
832 3791 970 3851 quorum
998 3771 1064 3833 sint
1085 3790 1219 3851 capaces

242 3855 339 3918 oculi:
374 3855 439 3919 Dei
472 3856 639 3932 maiestas,
676 3878 759 3937 quae
792 3856 962 3920 oculorum
994 3877 1092 3919 sensu
1123 3856 1219 3938 longe

242 3941 389 4022 superior
412 3950 470 4016 est,
494 3963 535 4004 ne
557 3941 718 4006 indecoris
741 3943 876 4023 spectris
898 3951 1149 4024 corrumpatur.
1177 3943 1220 4005 In

242 4046 280 4091 eo
304 4047 423 4108 genere
445 4027 566 4109 partim
589 4037 667 4091 sunt
687 4028 841 4092 historiae
864 4048 973 4091 acres
996 4037 1121 4110 gestae,
1144 4049 1219 4109 par·

242 4112 301 4174 tim
324 4113 484 4196 imagines
506 4133 543 4176 ac
564 4114 688 4177 formae
711 4135 897 4195 corporum,
925 4115 996 4177 sine
1019 4113 1088 4177 ulla
1108 4134 1219 4178 rerum

241 4207 409 4279 gestarum
438 4201 611 4263 notatione.
656 4201 788 4264 Priores
815 4221 912 4264 usum
940 4200 975 4262 in
1000 4199 1143 4264 docendo
1168 4199 1219 4262 vel

241 4283 446 4348 admonendo
469 4285 609 4366 aliquem
632 4285 770 4364 habent;
793 4285 968 4362 secundae,
992 4285 1070 4367 quid
1091 4293 1220 4366 praeter

241 4370 489 4433 oblectationem
512 4372 629 4435 afferre
651 4373 785 4454 possint,
807 4393 874 4435 non
897 4371 1001 4435 video.
1041 4371 1088 4434 Et
1108 4379 1218 4434 tamen

240 4466 368 4520 constat
401 4457 482 4520 tales
514 4458 614 4522 fuisse
649 4479 761 4522 omnes
789 4456 1026 4540 propemodum
1058 4457 1219 4539 imagines

241 4563 323 4624 quae
346 4544 504 4608 hactenus
533 4543 569 4606 in
596 4545 725 4626 templis
747 4545 970 4626 prestiterunt.
1013 4542 1112 4608 Unde
1133 4543 1219 4607 iudi-

240 4650 314 4693 carc
335 4628 420 4706 licet,
442 4651 509 4693 non
531 4629 652 4694 iudicio
674 4639 731 4694 aut
752 4630 888 4707 delectu,
910 4628 968 4694 sed
990 4629 1090 4692 stulta
1112 4638 1146 4693 et
1167 4632 1218 4692 in·

241 4714 446 4779 considerata
473 4715 650 4798 cupiditate
672 4716 738 4779 illic
759 4717 858 4781 fuisse
880 4716 1045 4780 excitatas.
1092 4714 1218 4781 Omitto

240 4820 339 4880 qnam
360 4821 533 4881 perperam
560 4809 593 4865 et
613 4802 802 4867 indecenter
829 4822 951 4884 magna
973 4823 1013 4866 cx
1035 4811 1129 4883 parte
1151 4803 1220 4867 sint

240 4885 381 4961 effictae,
414 4906 513 4965 quam
546 4887 711 4960 licentiose
744 4888 797 4953 hic
830 4889 971 4970 pictores
1003 4898 1038 4953 et
1067 4890 1218 4954 statuarii

239 4968 456 5048 lascivierint,
490 4993 589 5053 quam
617 4994 688 5037 rem
716 4974 813 5056 paulo
842 4981 918 5038 ante
947 4975 1039 5059 attigi
1046 5000 1054 5056 ;
1087 4982 1218 5044 tautum

240 5055 325 5132 dice,
351 5056 478 5120 etiamsi
500 5057 583 5121 nihil
605 5059 678 5122 vitii
699 5060 829 5137 inesset,
858 5059 942 5123 nihil
965 5068 1074 5126 tamen
1097 5062 1217 5126 habere
1271 5152 1279 5158 μ

239 5140 281 5205 ad
304 5141 485 5205 docendum
506 5145 673 5207 momenti.

329 5231 377 5291 13.
423 5228 551 5293 Verum
577 5229 634 5293 illo
656 5250 783 5312 quoque
805 5230 992 5297 discrimine
1014 5235 1149 5312 omisso,
1175 5254 1218 5300 an

1265 505 1350 569 ullas
1372 506 1504 568 omnino
1524 504 1699 588 imagines,
1729 508 1797 569 sive
1827 527 1915 587 quae
1940 527 1992 569 res
2021 520 2142 587 gestas,
2173 507 2244 569 sive

1265 612 1348 673 quae
1374 591 1545 654 homiuum
1575 611 1710 673 corpora
1732 595 1884 673 figurent,
1907 591 2029 655 habere
2056 594 2089 654 in
2113 593 2245 674 templis

1267 677 1454 741 christianis
1482 675 1644 758 expediat,
1669 679 1773 741 obiter
1796 676 2030 759 expendamus.
2066 678 2243 760 Principio,

1266 762 1383 844 siquid
1404 783 1464 826 nos
1486 774 1597 826 movet
1619 765 1740 827 veteris
1763 764 1915 828 ecclesiae
1939 764 2104 839 antennas,
2128 765 2245 827 memi-

1265 850 1411 912 nerimus
1433 849 1620 931 quingentis
1643 850 1771 913 circiter
1793 851 1896 923 annis,
1921 848 2037 931 quibus
2059 851 2164 931 magis
2187 849 2245 912 ad-

1266 934 1330 998 huc
1357 935 1495 998 florebat
1523 934 1653 1017 religio,
1687 944 1720 999 et
1747 937 1901 999 sincerior
1929 935 2076 998 doctrina
2103 937 2244 1017 vigebat,

1266 1021 1444 1084 christiana
1472 1020 1594 1101 templa
1617 1021 1716 1084 fuisse
1739 1023 1956 1085 communiter
1983 1020 2024 1085 ab
2045 1022 2246 1103 imaginibus

1266 1129 1378 1171 vacua.
1423 1107 1514 1188 Ergo
1547 1115 1627 1170 tuuc
1659 1108 1801 1188 primum
1833 1109 1868 1169 in
1901 1116 2128 1171 oruamentum
2162 1120 2246 1171 tcm-

1267 1193 1396 1275 plorum
1415 1194 1534 1255 ascitae
1553 1202 1640 1269 sunt,
1664 1215 1766 1274 quum
1784 1193 1956 1256 ministerii
1976 1194 2144 1257 sinceritas
2162 1215 2246 1257 nou·

1268 1278 1350 1341 nihil
1378 1277 1616 1359 degenerasset.
1663 1279 1736 1342 Non
1771 1278 1942 1359 disputabo
1970 1278 2085 1359 ecquid
2109 1280 2246 1345 rationis

1266 1363 1441 1427 habuerint
1462 1364 1518 1444 qui
1540 1365 1636 1446 primi
1660 1366 1794 1428 fuerunt
1815 1366 1885 1428 eius
1903 1365 1949 1427 rei
1962 1373 2107 1442 autores3
2129 1388 2247 1429 verum

1268 1452 1295 1514 si
1324 1458 1464 1513 aet-atem
1492 1471 1568 1512 curu
1590 1461 1696 1513 aetate
1719 1452 1879 1521 conteras,
1908 1451 2032 1514 ridebis
2061 1450 2132 1514 illos
2159 1451 2246 1514 mul-

1268 1545 1338 1599 tum
1361 1535 1540 1598 declinasse
1562 1536 1602 1599 ab
1624 1558 1737 1599 eorum
1761 1538 1948 1618 integritate
1970 1538 2023 1617 qui
2047 1537 2248 1619 imaginibus

1268 1634 1452 1685 caruerant.
1487 1621 1597 1700 Quid?
1622 1645 1663 1685 an
1686 1644 1839 1704 passuros
1857 1623 1957 1686 luisse
1976 1634 2130 1704 putamus
2152 1644 2247 1688 sanc·

1269 1717 1318 1771 tos
1341 1708 1414 1770 illos
1436 1722 1546 1789 patres
1569 1708 1873 1772 ecclesiamtarndiu
1897 1731 1934 1772 ea
1947 1730 1982 1772 re
2004 1730 2122 1782 carere,
2146 1730 2247 1789 quam

1269 1793 1383 1857 utilem
1406 1813 1442 1856 ac
1465 1793 1639 1857 salutarem
1663 1816 1733 1857 esse
1757 1792 1959 1857 iudicarent?
1994 1797 2039 1856 At
2060 1808 2148 1858 certe
2170 1796 2248 1875 quia

1270 1879 1425 1944 videbant
1443 1880 1477 1942 in
1500 1900 1537 1942 ea
1549 1890 1605 1943 aut
1629 1880 1712 1943 nihil
1723 1891 1785 1952 aut,
1801 1881 1974 1942 ruiuinuiur
1986 1880 2149 1955 utilitatis,
2174 1881 2247 1962 plu·

1270 1969 1392 2029 rimunr
1425 1974 1535 2027 autem
1569 1965 1700 2028 subesse
1735 1967 1879 2047 periculi,
1904 1965 2119 2047 repudiarunt
2142 1969 2247 2048 magis

1270 2052 1405 2116 consilio
1428 2062 1461 2113 ot
1482 2052 1624 2124 ratione,
1649 2072 1745 2132 qruuu
1770 2053 1975 2132 ignoratione
1999 2062 2056 2114 ιιιιι
2078 2053 2247 2134 negligen-

1270 2139 1317 2200 tia
1338 2137 1636 2220 practormiseruut.
1679 2136 1776 2216 Quod
1798 2139 1896 2200 etiarn
1919 2140 2127 2219 Augustinus
2149 2138 2248 2203 (ilaris
2278 2155 2285 2169 ·

1270 2223 1379 2287 verbis
1402 2232 1549 2285 testatur.
1565 2224 1589 2303 ¹)
1635 2221 1747 2302 Quum
1772 2224 1823 2285 his
1846 2223 1977 2287 sedibus
2001 2224 2164 2300 locantur,
2195 2225 2247 2287 iu-

1270 2310 1350 2390 quit,
1376 2307 1559 2371 honorabili
1581 2309 1796 2383 sublimitatc,
1822 2322 1854 2372 ut
1879 2332 1898 2372 a
1919 2311 2127 2390 precantibus
2149 2319 2249 2390 atque

1270 2395 1514 2457 munolantibus
1537 2394 1763 2468 attendantur,
1792 2396 1863 2475 ipsa
1887 2395 2099 2458 similitudino
2122 2398 2248 2460 anima·

1271 2491 1380 2543 torum
1402 2478 1625 2543 membrorum
1652 2491 1749 2560 atque
1770 2503 1941 2554 sensuum,
1970 2483 2121 2562 quamvis
2149 2503 2250 2546 sensu

1271 2576 1305 2630 et
1332 2567 1442 2628 anima
1470 2575 1613 2641 careant,
1636 2568 1783 2630 alliciunt
1811 2568 1958 2630 infirmos
1977 2569 2115 2643 animm,
2139 2580 2176 2631 ut
2198 2569 2248 2634 vi·

1271 2673 1348 2716 rere
1382 2673 1419 2715 ac
1452 2653 1577 2732 spirare
1609 2651 1799 2727 videantur,
1833 2666 1892 2716 etc.
1942 2654 1988 2716 Et
2021 2653 2152 2735 ιιιίιιιῑῖ)
2186 2654 2249 2718 hoc

1272 2739 1360 2802 euim
1392 2738 1470 2801 facit-
1503 2747 1536 2799 ct
1574 2737 1814 2818 quodammodo
1848 2750 2019 2820 extorquet
2051 2739 2107 2802 illa
2140 2743 2249 2822 ligura

1272 2824 1509 2895 membrorum,
1544 2832 1582 2886 ut
1615 2824 1744 2887 animus
1771 2826 1805 2887 in
1838 2845 1972 2906 corpore
2000 2826 2114 2889 vivens
2141 2827 2249 2907 magis

1272 2909 1448 2973 arbitretur
1469 2909 1591 2973 sentire
1612 2909 1744 2991 corpus,
1774 2909 1859 2992 quod
1888 2932 1946 2974 suo
1973 2910 2176 2974 simillimum
2198 2912 2249 2975 vi·

1272 2996 1335 3071 det,
1360 3005 1418 3060 etc.
1451 2995 1555 3058 Paulo
1577 3005 1665 3077 post:
1689 2995 1764 3077 plus
1787 2996 1897 3059 valent
1919 2996 2092 3060 simulacra
2113 2996 2154 3060 ad
2173 3018 2249 3061 cur·

1271 3082 1413 3146 rendam
1435 3081 1597 3146 infelicem
1620 3082 1781 3154 animam,
1812 3081 1897 3163 quod
1919 3104 1969 3160 cs,
1993 3083 2116 3159 oculos
2141 3105 2248 3162 aures,

1271 3168 1370 3251 pedes
1393 3166 1528 3243 habent;
1556 3189 1654 3248 quam
1678 3167 1719 3231 ad
1741 3168 1981 3248 corrigendam,
2004 3168 2089 3250 quod
2110 3189 2177 3242 non
2200 3169 2249 3233 lo·

1270 3261 1432 3335 quantur,
1465 3275 1569 3334 neque
1592 3254 1721 3324 vident,
1752 3277 1856 3335 noquc
1880 3254 2026 3328 audiunt,
2050 3276 2154 3334 neque
2177 3277 2249 3318 am·

1271 3339 1392 3403 balant.
1437 3338 1529 3403 Haec
1552 3362 1630 3404 sano
1653 3339 1783 3404 ridetur
1812 3361 1911 3403 causa
1933 3362 2003 3403 esse
2028 3362 2086 3405 cur
2106 3341 2249 3407 Ioannes

1272 3425 1304 3509 (l
1325 3426 1439 3488 Ioann.
1460 3431 1488 3501 ὃ,
1510 3427 1565 3508 21)
1593 3448 1660 3489 ιιοιι
1685 3437 1813 3488 tautum
1837 3449 1856 3488 a
1878 3427 2125 3490 simulacrorum
2145 3427 2248 3505 cultu,

1271 3511 1329 3576 scd
1357 3511 1398 3575 ab
1420 3511 1499 3592 ipsis
1521 3533 1646 3593 quoque
1669 3512 1851 3575 simulacris
1878 3534 1994 3576 cavere
2016 3534 2074 3575 nos
2097 3512 2248 3577 voluerit

1270 3598 1317 3661 Et
1339 3619 1398 3661 nos
1421 3595 1568 3660 horribili
1590 3598 1731 3673 insania,
1761 3620 1842 3679 quac
1870 3598 1910 3661 ad
1934 3598 2033 3661 totius
2055 3600 2122 3661 l'ere
2143 3599 2250 3680 pieta·

1271 3685 1314 3747 tis
1336 3683 1505 3747 interitum
1532 3684 1643 3747 orbem
1673 3684 1812 3747 antehac
1835 3686 2018 3765 occuparit,
2047 3684 2120 3766 plus
2148 3686 2250 3749 nimio

1272 3791 1386 3833 sumus
1419 3771 1560 3851 experti,
1592 3769 1692 3833 simul
1714 3781 1809 3850 atque
1831 3772 1865 3832 iu
1888 3770 2018 3850 templis
2046 3770 2250 3834 collocantur
2276 3787 2280 3792 ·

1272 3856 1445 3937 imagines,
1469 3856 1563 3936 quasi
1586 3856 1718 3937 signum
1740 3854 1940 3919 idololatriae
1963 3856 2058 3937 crigi;
2087 3857 2164 3937 quia
2186 3856 2251 3921 sibi

1272 3951 1455 4023 temperare
1477 3963 1544 4004 non
1567 3951 1672 4024 potest
1695 3942 1866 4005 hominum
1886 3942 2041 4012 stultitia,
2071 3943 2151 4023 quin
2171 3964 2249 4024 pro·

1272 4029 1361 4091 tinus
1388 4027 1430 4090 ad
1457 4028 1701 4109 superstitiosos
1729 4028 1837 4092 cultus
1865 4027 2044 4091 delabatur.
2095 4027 2192 4108 Quod
2220 4029 2249 4093 si

1271 4134 1333 4178 neo
1365 4121 1494 4176 tantum
1521 4114 1658 4195 periculi
1684 4115 1884 4184 immineret,
1914 4135 2021 4198 ¹quum
2050 4122 2159 4177 tamen
2190 4137 2249 4179 ex-

1271 4197 1376 4280 pendo
1404 4199 1440 4262 in
1462 4221 1560 4280 quem
1581 4222 1680 4262 usum
1702 4200 1864 4263 destinata
1885 4200 1952 4262 siut
1974 4200 2109 4281 templa,
2138 4202 2249 4265 nescio

1271 4285 1430 4365 quomodo
1458 4285 1630 4368 indignum
1659 4286 1741 4348 milri
1770 4285 1899 4349 ridetur
1927 4306 2041 4347 eorum
2064 4287 2247 4364 sanctitate,

1272 4377 1310 4433 ut
1332 4370 1412 4434 alias
1434 4372 1593 4452 recipiant
1614 4372 1774 4454 imagines
1797 4393 1896 4451 quam
1919 4373 2010 4436 vivas
2032 4371 2105 4435 illas
2128 4381 2161 4435 et
2181 4374 2249 4437 ico·

1271 4457 1376 4527 nicas,
1405 4477 1485 4538 quas
1512 4458 1612 4521 verbo
1636 4479 1695 4522 suo
1719 4459 1880 4521 Dominus
1902 4459 2112 4522 consecravit.
2157 4458 2249 4540 Bap-

1270 4543 1406 4606 tismum
1428 4543 1575 4628 intelligo
1598 4553 1632 4610 et
1653 4564 1786 4609 coenam
1808 4543 1959 4618 Domini,
1982 4565 2058 4608 cum
2080 4544 2152 4608 aliis
2174 4564 2250 4608 cae-

1271 4624 1425 4693 remoriiis
1458 4631 1575 4713 quibus
1608 4631 1717 4694 oculos
1740 4639 1868 4691 nostros
1900 4640 1934 4691 et
1961 4629 2137 4693 studiosius
2165 4629 2250 4694 deti-

1270 4717 1356 4794 neri,
1387 4725 1421 4779 et
1446 4717 1588 4782 vividius
1611 4717 1696 4780 affici
1718 4715 1879 4791 convenit,
1903 4736 2002 4796 quam
2023 4728 2062 4778 ut
2083 4716 2164 4780 alias
2188 4717 2249 4780 ho-

1270 4802 1397 4866 minum
1424 4805 1556 4886 ingenio
1586 4801 1778 4866 fabrefactas
1811 4803 1986 4883 requirant.
2036 4802 2092 4865 En
2123 4804 2249 4868 incom-

1270 4889 1414 4970 parabile
1440 4891 1621 4972 imaginum
1648 4887 1784 4964 bouum,
1818 4888 1906 4969 quod
1938 4888 2031 4952 nulla
2056 4890 2250 4970 pensatione

1270 4976 1420 5042 resarciri
1442 4983 1557 5057 potest,
1576 4975 1605 5038 si
1626 4973 1762 5055 papistis
1784 4973 1936 5038 creditur.

1340 5249 1368 5316 1)
1386 5249 1473 5316 Epist.
1490 5243 1525 5296 49
1543 5245 1621 5312 (102)
1631 5256 1733 5314 quaest.
1746 5247 1770 5300 3.
1807 5249 1836 5315 2)
1854 5249 1886 5301 In
1896 5249 1968 5301 Psal.
1979 5247 2037 5301 113.
2048 5248 2133 5301 Ser-nu
2146 5248 2171 5312 2,
2183 5247 2208 5301 5.
2222 5247 2248 5303 6.
