4672 5842
109 314 172 378 333
470 311 561 377 LIB.
583 311 629 377 Π.
674 312 738 377 DE
761 310 1050 379 coemamus}
1074 311 1158 379 DEI
1178 311 1525 380 Runnuffuoms.
1570 313 1670 381 CAP.
1693 315 1756 382 XI.
2057 321 2121 385 334

108 504 187 582 aa,
214 500 534 584 1111161111
556 503 717 586 sanguine
739 465 967 568 comeatum
989 501 1090 567 sau·
1141 501 2123 589 11166111111111111,1116616161

107 589 268 670 litumqne
279 587 350 652 fuit
379 586 478 654 Unde
490 587 634 667 calicem,
652 609 749 671 quem
762 587 929 671 discipulis
940 589 977 653 in
989 608 1091 654 coena
1140 590 1266 670 sadum,
1282 589 1786 655 1663161611166661116131111
1796 610 1861 655 esse
1871 610 1978 655 corum
1987 613 2121 674 6161611.

107 673 248 758 porrigit
269 672 440 752 Christus,
468 674 548 739 1611
574 675 764 739 testamenti
784 674 919 740 calicem
938 682 1034 741 vocat
1054 675 1091 740 11
1230 679 1258 738 7.
1302 675 1409 739 Venio
1428 674 1471 738 ad
1492 675 1626 742 tertium
1645 675 1835 756 discrimen,
1859 677 2121 758 1161611616-

108 783 166 826 suo
185 760 347 844 sanguine
360 759 495 844 (Matth.
508 763 559 837 26,
574 760 646 844 28);
668 767 705 825 13
726 761 896 844 significet,
920 767 991 825 tum
1012 781 1091 826 1616
1142 762 1210 825 mia
1230 760 1386 838 sumitur,
1417 761 1510 829 611116
1537 768 1616 826 sunt
1642 763 1744 830 verba
1765 761 1843 847 (161.
1864 766 1919 841 31,
1939 764 2011 847 31):
2046 785 2121 832 ecce

108 846 174 912 Dei
194 853 392 911 testamento
413 866 508 911 suam
529 853 678 911 66163116
699 847 888 926 veritatem,
911 866 970 928 per
991 867 1091 929 quam
1143 845 1212 911 dies
1233 847 1375 924 venient,
1398 845 1476 911 dicit
1496 847 1670 927 Dominus,
1692 855 1725 914 et
1745 849 1863 914 feriam
1885 849 1995 913 domui
2016 851 2122 918 Israel

109 953 233 1001 norum
252 932 293 998 fit
309 938 343 996 et
359 939 531 997 aeturnum
548 931 628 996 dum
639 932 800 1016 sanguine
818 953 877 997 suo
888 933 1089 1016 obsignatur.
1142 940 1176 997 et
1197 932 1307 997 domui
1324 931 1408 996 Iuda
1424 929 1537 997 foedus
1554 954 1692 1013 novum3
1713 955 1781 1000 non
1799 935 1979 1001 secundum
1990 945 2122 1018 pactum

198 1022 225 1082 5.
271 1018 361 1083 Hinc
398 1018 503 1100 liquet
541 1039 606 1101 quo
640 1039 738 1084 sensu
772 1017 894 1082 dixerit
926 1018 1091 1100 apostolus
1143 1017 1228 1101 quod
1250 1019 1359 1102 pepigi
1377 1039 1452 1084 oum
1469 1019 1626 1101 patribus.
1640 1021 1766 1098 vestris,
1788 1022 1825 1085 in
1849 1021 1901 1086 die
1922 1043 1988 1104 qua
2005 1044 2120 1107 appre-

110 1104 201 1190 (Gal.
215 1108 245 1184 3,
257 1107 298 1167 24
316 1110 399 1183 634,
417 1104 465 1188 1),
488 1105 570 1188 legis
590 1104 792 1189 paedagogia
812 1104 967 1169 deductos
989 1104 1091 1170 fuisse
1143 1103 1244 1169 hendi
1254 1125 1390 1169 manum
1403 1125 1516 1169 eorum
1534 1114 1572 1168 ut
1584 1105 1756 1170 educerem
1769 1115 1955 1173 eoseterra
1965 1110 2121 1193 Aegypti,

109 1189 250 1256 Iudaeos
276 1189 320 1255 ad
342 1189 528 1268 Christum,
557 1196 733 1272 antequam
762 1191 831 1274 ipse
855 1192 1092 1255 116111611-
1141 1197 1275 1272 pactum
1303 1190 1390 1273 quod
1416 1191 1548 1255 irritam
1573 1192 1736 1272 16661113,
1763 1194 1913 1275 quamvis
1935 1193 2123 1261 dominarer

109 1276 287 1342 hiberetur.
321 1276 401 1342 Illos
423 1296 552 1359 quoque
573 1276 657 1341 filios
679 1283 712 1341 et
732 1276 890 1342 haeredes
907 1275 973 1342 Dei
989 1277 1091 1341 fuisse
1143 1278 1205 1356 eis;
1228 1275 1285 1342 sed
1302 1276 1364 1341 hoc
1386 1278 1449 1341 erit
1470 1285 1601 1360 pactum
1621 1277 1706 1360 quod
1722 1278 1837 1343 feriam
1859 1301 1934 1344 cum
1958 1279 2053 1345 domo
2070 1282 2122 1347 Is·

108 1365 248 1442 fatetur,
282 1361 340 1427 sed
367 1364 423 1444 qui
450 1371 584 1445 propter
611 1363 787 1445 pueritiam
820 1363 881 1428 sub
909 1361 1055 1445 paedago
1081 1363 1087 1376 '
1142 1363 1224 1428 rael:
1239 1363 1479 1447 ponamlegem
1491 1384 1600 1427 meam
1611 1363 1830 1430 invisceribus
1843 1366 2123 1443 eorum,cordibns

109 1447 258 1514 custodia
288 1446 432 1513 habendi
459 1456 577 1513 essent.
633 1447 859 1514 Conveniebat
886 1449 988 1526 enim,
1022 1468 1090 1513 soe
1142 1470 1255 1514 corum
1265 1447 1442 1513 inscribam
1454 1470 1535 1528 eam,
1557 1459 1591 1514 et
1601 1449 1805 1532 propitiabor
1815 1451 1981 1533 iniquitati
1993 1474 2121 1534 eorum3

109 1533 264 1600 iustitiae.
280 1532 430 1599 nondum
458 1541 585 1614 exorto,
619 1555 680 1599 nec
707 1542 839 1598 3113111
869 1555 940 1599 6666
963 1535 1089 1599 161616-
1142 1542 1176 1599 63
1202 1556 1270 1599 161
1297 1534 1423 1599 docebit
1450 1537 1672 1618 unusquisque
1704 1537 1891 1618 proximum
1922 1559 2051 1630 suum,x
2069 1540 2123 1605 vir

109 1620 208 1685 tionis
236 1619 414 1703 firlgorem,
448 1642 508 1685 nec
535 1627 664 1685 tantam
690 1618 896 1703 intelligendi
925 1620 1089 1703 perspica-
1141 1621 1278 1685 fratrem
1299 1641 1406 1685 suum:
1431 1642 1542 1686 omnes
1560 1622 1649 1685 enim
1666 1628 1860 1705 cognoscent
1876 1643 1929 1686 me
1948 1645 1968 1687 1
1985 1624 2122 1690 minimo

109 1707 203 1773 ciam
239 1704 297 1772 Sic
314 1727 392 1789 ergo
409 1707 504 1773 vorbi
521 1707 572 1770 sui
583 1706 692 1772 lucem
703 1705 769 1769 illis
781 1706 944 1771 Dominus
957 1706 1090 1788 dispen·
1142 1727 1245 1789 usque
1266 1705 1309 1770 ad
1325 1707 1516 1771 maximum.
1556 1708 1611 1770 Ex
1633 1707 1750 1789 quibus
1772 1708 1973 1773 occasionem
1995 1710 2121 1793 accepit

110 1792 211 1871 savit,
242 1798 281 1857 ut
307 1813 381 1858 eam
410 1793 538 1858 eminus
566 1792 674 1857 adhuc
696 1799 729 1857 et
751 1792 887 1857 obscure
909 1797 1088 1857 cernerent.
1143 1791 1307 1875 apostolus
1336 1789 1370 1875 (2
1389 1790 1464 1857 Cor.
1493 1797 1526 1871 3,
1553 1792 1588 1876 6)
1621 1794 1870 1876 comparationis
1903 1793 2002 1859 huius
2033 1797 2122 1860 inter

109 1876 189 1943 Ideo
216 1877 305 1944 hano
331 1879 569 1962 intelligentiae
596 1878 792 1944 tenuitatem
813 1878 972 1960 pueritiae
993 1899 1090 1943 1661
1142 1878 1250 1961 legem
1278 1886 1311 1942 et
1339 1879 1547 1960 evangelium
1575 1878 1783 1957 statuendae,
1813 1886 1850 1943 ut
1876 1878 1968 1943 illam
1989 1888 2122 1947 1661163

111 1963 186 2029 bulo
208 1964 334 2030 Paulus
355 1973 465 2041 notat,
488 1986 587 2047 quam
609 1964 779 2029 elementis
801 1964 899 2029 huius
920 1964 1037 2029 mundi
1058 1970 1092 2027 63
1142 1964 1318 2040 literalem,
1348 1963 1409 2028 hoc
1433 1963 1638 2046 spiritualem
1659 1965 1840 2030 doctrinam
1847 1989 1855 2044 3
1883 1965 1975 2031 illam
1999 1967 2121 2032 diceret

111 2051 257 2116 externis
279 2049 588 2128 observatiunoulis,
617 2057 775 2133 tanquam
803 2050 926 2134 regulis
955 2049 1092 2134 puerilis
1142 2051 1242 2115 iuuisse
1275 2049 1490 2114 deformatam
1521 2051 1557 2113 in
1588 2050 1709 2115 tabulis
1740 2050 1893 2134 lapideis,
1927 2051 1988 2118 hoc
2021 2053 2121 2119 fuisse

111 2135 313 2219 disciplinae,
330 2134 436 2202 voluit
445 2137 610 2202 Dominus
628 2137 781 2214 exerceri,
801 2135 902 2200 donec
920 2137 1093 2219 effulgeret
1143 2135 1293 2202 cordibus
1311 2136 1520 2217 inscriptum
1543 2135 1634 2200 illam
1651 2157 1723 2201 csse
1739 2137 2013 2219 praedicationem
2032 2159 2120 2203 mor·

110 2220 280 2299 Christro,
310 2242 489 2304 perquem
510 2221 616 2299 fidelis
637 2221 750 2305 populi
772 2223 991 2306 cognitionem
1013 2221 1091 2286 ado-
1142 2224 1193 2301 tis,
1218 2223 1279 2287 1166
1297 2221 1398 2300 11316;
1421 2221 1512 2285 illam
1524 2219 1752 2302 damnationis,
1775 2223 1837 2288 hoo
1847 2223 1993 2288 iustitiae
1999 2247 2007 2303 3
2029 2225 2122 2289 illam

109 2307 233 2373 leseere
251 2308 430 2390 oportebat.
463 2308 562 2374 Hanc
580 2307 822 2373 distinctionem
840 2307 1091 2391 signaritOhri·
1143 2309 1303 2387 61161111,
1322 2307 1384 2373 hoc
1401 2328 1601 2390 permanere.
1636 2306 1749 2388 Quum
1763 2307 2122 2392 apostelopropositum

110 2400 183 2457 stus
208 2394 296 2477 ipse,
322 2414 424 2476 quum
446 2392 570 2459 diceret
591 2392 725 2476 (Matth.
747 2398 802 2472 ll,
825 2393 894 2479 13),
923 2394 1030 2477 legem
1058 2401 1092 2457 et
1141 2395 1240 2459 fuerit
1260 2400 1407 2458 mentem
1427 2394 1606 2475 pmphetae
1628 2415 1796 2473 61611116,
1819 2395 1922 2461 verba
1941 2396 2040 2461 unius
2062 2417 2121 2460 ex·

110 2477 288 2562 pmphetae
308 2480 410 2545 111666
431 2501 534 2563 usque
557 2479 784 2557 adIoannem;
807 2501 849 2544 ex
863 2501 908 2544 66
926 2479 1092 2563 evangeli·
1142 2478 1284 2563 pondere
1314 2480 1392 2544 satis
1417 2480 1529 2558 fuerit,
1557 2486 1596 2543 ut
1620 2500 1834 2564 assequamur
1855 2483 2023 2563 utriusque
2045 2504 2121 2547 sen·

109 2565 179 2630 6111
199 2585 340 2650 regnum
361 2566 434 2631 Dei.
480 2565 572 2646 Quid
598 2566 654 2630 lex
681 2572 714 2628 63
735 2566 913 2648 pmphetae
934 2566 984 2630 sui
1007 2578 1090 2631 tem-
1142 2589 1224 2632 sum.
1276 2563 1475 2647 Quanquam
1507 2573 1557 2630 est
1590 2565 1712 2647 aliquid
1743 2566 1832 2630 inter
1865 2588 1919 2631 eos
1952 2567 2118 2633 dissimile.

109 2649 199 2733 poris
219 2651 407 2716 hominibus
429 2650 664 2734 prodiderunt?
694 2673 813 2734 nempe
840 2657 973 2735 gustum
995 2673 1091 2735 prae-
1142 2650 1297 2718 Odiosius
1316 2652 1405 2716 enim
1426 2651 1569 2734 loquitur
1590 2651 1631 2716 de
1649 2652 1723 2736 lege
1744 2650 1909 2735 apostolus
1930 2674 2028 2735 quam
2044 2675 2120 2736 pro·

109 2737 232 2802 habant
253 2738 324 2803 eius
346 2739 541 2821 sapientiae,
567 2759 651 2819 quae
672 2737 751 2801 olim
773 2737 816 2802 ed
836 2736 998 2820 liquidum
1019 2758 1090 2802 ma·
1140 2738 1249 2820 pheta
1293 2737 1408 2819 Neque
1430 2736 1466 2801 id
1487 2736 1628 2819 simplici
1649 2738 1732 2821 legis
1754 2747 1917 2819 respectu,
1947 2737 2004 2803 sed
2032 2738 2119 2821 quod

110 2823 296 2889 nifestanda
322 2831 408 2903 1113,
436 2832 470 2889 63
496 2823 609 2906 procul
631 2824 827 2889 emicantem
848 2829 1090 2906 praemonstra·
1142 2831 1238 2888 61613
1259 2822 1438 2888 nebulones
1460 2823 1591 2905 quidam
1609 2823 1692 2907 legis
1709 2818 1873 2905 κακόζηλοι,
1891 2824 1947 2906 qui
1964 2845 2120 2909 perverso

109 2909 199 2974 bant
252 2910 319 2976 Ubi
352 2918 462 2976 autem
495 2908 598 2993 digito
630 2917 738 2992 potest
769 2909 897 2975 ostendi
925 2908 1089 2988 Christus,
1141 2910 1420 2975 caeremoniamm
1440 2908 1559 2994 studio,
1582 2909 1745 2992 evangelii
1767 2909 1948 2975 6111131361
1966 2912 2120 2975 obscura-

109 3003 292 3062 reseratum
318 3004 369 3062 est
394 3018 536 3081 regnum
556 2996 630 3061 Dei.
675 2994 713 3060 In
739 2995 811 3078 ipso
840 2996 929 3060 enim
951 2995 1097 3078 expositi·
1140 2996 1235 3075 bant;
1264 2995 1304 3059 de
1331 2993 1414 3078 legis
1441 3000 1561 3059 natura
1580 2995 1760 3060 secundum
1781 3017 1892 3060 eorum
1916 3017 2061 3060 errorem
2083 3017 2121 3062 16

110 3089 188 3146 sunt
204 3083 353 3148 thesauri
369 3103 482 3148 omnes
500 3083 681 3166 sapientiae
698 3089 732 3145 et
747 3081 985 3165 intelligentiae
1004 3080 1087 3163 (Col.
1142 3081 1277 3146 stultam
1299 3081 1503 3145 affectionem
1526 3080 1680 3165 disputat.
1725 3081 1816 3165 Ergo
1841 3080 1875 3145 id
1896 3083 2063 3164 peculiare
2084 3083 2121 3147 11

111 3170 140 3246 2,
159 3166 209 3251 3),
239 3169 356 3251 quibus
382 3190 484 3252 prope
506 3168 549 3232 ad
569 3169 642 3252 ipsa
663 3167 744 3232 coeli
766 3166 867 3252 adyta
888 3174 1087 3251 penetratur.
1140 3167 1246 3233 Paulo
1267 3167 1441 3232 observare
1463 3187 1580 3249 operae
1601 3167 1745 3249 pretium
1763 3168 1834 3232 erit.
1869 3167 2119 3250 Uterque‘vero

197 3259 225 3318 6.
270 3254 339 3319 Nec
361 3255 482 3335 obstat,
510 3254 598 3339 quod
624 3275 721 3319 nemo
749 3253 817 3318 fere
846 3253 882 3317 in
909 3252 1090 3318 christiana
1141 3253 1218 3336 quia
1239 3261 1391 3318 1631616
1407 3273 1531 3317 novum
1548 3261 1782 3318 testamentum
1802 3274 1862 3335 per
1879 3254 2121 3319 contentionem

110 3339 247 3405 ccclesia
278 3342 416 3423 reperiri
448 3347 561 3423 queat,
604 3341 661 3423 qui
696 3339 774 3405 fidei
811 3340 1015 3423 praestantia
1046 3339 1091 3404 sit
1142 3341 1231 3403 inter
1251 3360 1287 3404 66
1309 3338 1481 3421 componit,
1503 3338 1589 3403 nihil
1609 3339 1645 3402 in
1666 3339 1935 3423 legeconsiderat
1949 3339 2016 3405 nisi
2032 3338 2120 3422 quod

109 3445 186 3491 eum
215 3425 387 3489 Abraham
413 3426 657 3508 componendus
664 3450 672 3506 ;
705 3425 792 3508 quod
823 3447 862 3490 ea
893 3426 928 3490 vi
957 3425 1090 3508 spiritus
1141 3425 1312 3576 fflrium
1334 3424 1404 3489 eius
1424 3431 1483 3488 est
1527 3425 1681 3508 Exempli
1704 3425 1824 3508 gratia:
1853 3424 1908 3489 lex
1936 3426 2120 3491 misericor-

109 3509 328 3576 excelluerint
347 3513 537 3593 prophetae,
562 3534 626 3595 qua
642 3512 805 3595 hodieque
827 3512 940 3576 orbem
957 3513 1091 3577 univer-
1167 3511 1173 3523 '
1247 3509 1479 3593 promissiones
1511 3512 1635 3593 passim
1662 3512 1820 3590 continet3
1854 3510 1912 3576 sed
1939 3512 2016 3593 quia
2043 3518 2122 3577 sunt

110 3617 185 3662 sum
207 3593 407 3660 illuminant.
451 3597 527 3661 Non
548 3599 637 3663 enim
664 3597 744 3681 quid
765 3598 800 3662 in
822 3617 944 3681 paucos
965 3597 1090 3681 gratim
1142 3595 1274 3661 aliunde
1292 3597 1420 3675 ascitae,
1443 3617 1510 3660 non
1521 3597 1662 3663 veniunt
1681 3597 1718 3661 in
1739 3597 1822 3681 legis
1839 3598 2001 3662 rationem
2018 3618 2122 3680 quum

110 3680 956 3768 66131161131161111116,1116116611311;6611111111
978 3684 1014 3746 in
1031 3703 1090 3765 po·
1143 3682 1183 3748 de
1210 3704 1294 3766 pura
1320 3683 1390 3746 eius
1416 3688 1537 3746 natura
1558 3702 1666 3747 sermo
1686 3682 1836 3748 habetur.
1880 3683 1953 3747 Hoc
1975 3683 2024 3746 illi
2046 3692 2121 3747 tan·

110 3768 187 3851 pulo
216 3766 361 3834 docendo
390 3769 590 3835 ordinariam
622 3770 900 3853 dispensationem
932 3776 1089 3852 sequutus
1141 3775 1214 3833 tum
1235 3749 1394 3847 tribuunt,
1416 3774 1455 3831 ut
1472 3768 1654 3851 praecipiat
1675 3789 1760 3851 quae
1777 3776 1866 3833 recta
1888 3777 1973 3846 sunt,
1996 3769 2121 3833 scelera

111 3854 167 3919 sit:
198 3854 304 3955 qualis
324 3853 506 3955 6111111116
527 3856 615 3939 11666
635 3856 827 3956 prophetas,
855 3856 911 3938 qui
932 3854 1089 3938 peculiari
1141 3855 1320 3938 prohibeat,
1343 3852 1526 3954 praemium
1544 3854 1651 3954 edicat
1668 3854 1845 3954 cultoribus
1861 3854 2019 3953 iustitiae,
2042 3874 2120 3953 poe-

111 3940 1089 4112 111111113111313111,3111
1141 3939 2121 4109 33.ῗ”333333113333133.333133

109 4112 237 4178 inclusa
262 4113 677 4197 663661111111611161316.
722 4114 777 4178 Ad
798 4114 894 4193 haec,
921 4121 1089 4196 uteunque
1140 4113 1294 4178 immutet
1314 4120 1373 4177 eut
1394 4111 1553 4177 emendet

110 4198 249 4265 mirifica
273 4201 310 4266 in
336 4201 403 4266 illis
430 4201 549 4266 notitia
574 4200 748 4280 emineret,
780 4221 881 4283 quum
908 4208 1020 4265 tamen
1047 4199 1089 4264 ad
1228 4204 1258 4264 8.
1302 4199 1401 4263 Nunc
1429 4198 1640 4264 membratim
1668 4197 1805 4280 apostoli
1834 4198 2040 4265 collationem
2062 4221 2119 4263 ex·

111 4305 316 4351 communem
348 4287 460 4370 populi
488 4286 725 4370 paedagogium
752 4286 945 4351 submittere
968 4307 1003 4352 se
1030 4307 1089 4370 ne-
1141 4284 1307 4368 plicemus.
1340 4285 1446 4350 Vetus
1466 4290 1701 4350 testamentum
1719 4284 1847 4350 literale
1869 4291 1928 4364 est,
1951 4286 2027 4366 quia
2048 4284 2119 4348 sine

112 4391 199 4436 66666
219 4372 404 4452 habuerint,
427 4373 464 4437 in
483 4393 662 4455 puerorum
680 4393 780 4455 grege
796 4372 859 4453 ipsi
868 4393 995 4455 quoque
1012 4393 1089 4438 cen·
1142 4372 1275 4455 spiritus
1308 4370 1453 4436 efficacia
1481 4371 1727 4454 promulgatum
1733 4395 1742 4451 ;
1782 4392 1906 4437 novum
1939 4367 2117 4453 spirituale,

112 4467 235 4522 santur.
268 4459 440 4524 Postremo
461 4480 632 4542 nunquam
654 4463 749 4522 tanta
765 4457 842 4522 ullis
857 4464 937 4523 tunc
951 4458 1090 4542 contigit
1142 4454 1229 4541 quod
1256 4456 1422 4521 Dominus
1449 4455 1623 4522 hominum
1651 4456 1802 4522 cordibus
1827 4454 2041 4538 spiritualiter
2066 4453 2118 4516 in·

112 4544 354 4626 perspicientia,
382 4565 465 4628 quae
493 4566 562 4610 non
585 4544 706 4610 saeculi
728 4543 960 4608 obscuritatem
981 4543 1091 4626 aliqua
1143 4543 1287 4626 sculpsit
1332 4540 1411 4607 Ideo
1432 4542 1577 4608 secunda
1599 4542 1771 4608 antithesis
1798 4549 1849 4606 663
1869 4538 1972 4604 161131
1991 4538 2119 4621 primae

112 4648 154 4692 ex
179 4637 273 4713 parte
294 4631 461 4714 resiperet
505 4631 603 4698 Unde
625 4629 707 4695 illud
729 4628 857 4695 Christi
879 4628 1015 4714 (Metth.
1039 4633 1089 4710 13,
1143 4627 1327 4695 declaratio.
1370 4629 1478 4694 Vetus
1498 4629 1704 4694 mortiferum
1723 4633 1788 4704 est,
1810 4626 1887 4709 quia
1906 4623 1992 4688 nihil
2011 4630 2120 4707 potest

116 4717 168 4793 173
189 4716 272 4782 Luc.
295 4721 348 4796 10,
367 4717 439 4801 24):
467 4717 564 4782 multi
590 4737 685 4801 reges
707 4723 742 4781 et
762 4713 942 4799 prophetae
963 4713 1091 4781 deside-
1142 4736 1241 4799 quam
1272 4713 1500 4780 maledictione
1532 4712 1700 4780 involvere
1729 4713 1921 4777 universum
1948 4710 2120 4775 hominum

111 4809 229 4866 rarunt
253 4801 366 4867 videre
386 4823 469 4885 quae
490 4825 549 4870 166
570 4801 689 4869 videtis
717 4808 752 4867 et
772 4821 840 4865 non
858 4797 1027 4881 viderunt,
1056 4806 1092 4867 et
1142 4822 1262 4887 genus;
1290 4821 1415 4868 novum
1443 4800 1601 4866 66311316
1622 4818 1797 4882 organum,
1825 4796 1903 4879 quia
1924 4817 1945 4861 a
1964 4796 2120 4863 maledic-

112 4885 226 4952 audire
246 4909 329 4971 quae
346 4910 405 4955 vos
427 4889 547 4955 auditis
568 4911 630 4956 nec
643 4888 827 4955 audienmt
861 4885 978 4970 Itaque
988 4888 1091 4954 166311
1141 4888 1230 4953 tione
1249 4886 1405 4953 liberatos
1425 4885 1463 4950 in
1483 4887 1622 4971 gratiam
1643 4904 1719 4949 eum
1739 4884 1812 4949 Deo
1833 4883 1986 4948 restituit.
2030 4881 2121 4948 Illud

112 4973 199 5038 oculi
219 4975 308 5041 beati
328 4975 406 5059 quia
426 4975 556 5055 vident,
580 4982 614 5041 et
635 4994 732 5042 aures
752 4974 830 5058 quia
850 4972 999 5039 audiunt
1042 4974 1091 5039 113
1142 4973 1362 5040 damnationis
1387 4971 1608 5037 ministerium
1628 4976 1693 5050 est,
1722 4969 1800 5053 quia
1824 4990 1897 5036 reos
1918 4968 2048 5054 peragit
2067 4970 2120 5035 in-

17 5135 22 5141 ,
112 5080 193 5125 6116
218 5059 280 5126 hae
306 5082 423 5144 praere
467 5063 536 5129 3111
563 5060 689 5129 Christi
720 5060 941 5144 praesentiam
966 5059 1090 5143 pollere
1141 5059 1287 5126 iustitiae
1308 5079 1421 5124 omnes
1441 5057 1526 5123 filios
1548 5056 1671 5137 Adam3
1697 5055 1760 5123 hoc
1780 5057 1935 5136 iustitiae,
1958 5057 2035 5140 quia
2054 5056 2120 5121 Dei

112 5166 254 5229 wquum
267 5147 431 5227 11113136
470 5169 509 5213 61
526 5146 698 5214 dilucidior
708 5153 891 5232 emergeret
901 5145 1091 5212 coelestium
1142 5145 1402 5213 misericordiam
1422 5144 1562 5224 revelat,
1584 5165 1644 5228 per
1665 5163 1764 5227 quam
1785 5145 2010 5209 iustificamur.
2053 5142 2120 5213 Po-

110 5233 343 5318 mysteriorum
358 5233 524 5301 revelatio.
551 5234 723 5316 0166316111
728 5235 864 5318 porum
874 5234 957 5315 quod
967 5233 1091 5300 613661·
1142 5239 1266 5298 strena
1293 5231 1465 5298 antithesis
1499 5229 1542 5307 ud
1569 5231 1652 5317 legis
1685 5230 1906 5298 caeremonias
1938 5227 2118 5294 referenda
