4672 5842
219 291 281 351 167
861 280 1129 347 ΙΝ8ΤΙΤΠΤΙΟ
1149 281 1254 348 Rau
1277 280 1458 348 CHRIST.
1485 286 1575 348 1559.
2166 285 2232 349 488

221 474 376 542 eeclesiae
398 472 611 537 offensionem
637 484 821 553 peccarunt
865 469 953 534 Nam
976 470 1004 534 si
1026 472 1110 534 tanti
1131 471 1200 552 pri·
1252 471 1363 553 aliqua
1384 470 1594 548 dubitatione,
1614 493 1660 546 ao,
1683 471 1775 537 velut
1794 472 1985 536 remissione
2004 472 2152 537 nondum
2170 474 2232 537 im·

220 568 330 628 vatam
359 559 457 622 unius
491 557 632 623 hominis
665 558 823 622 offensam
857 556 1009 620 aestimat
1036 555 1199 632 Christus,
1251 566 1390 640 petrata,
1413 558 1596 639 inquietum
1618 556 1725 622 adhuc
1747 559 1896 622 animum
1920 559 2046 623 habeat
2086 559 2235 625 Idemsi

220 654 259 712 ιιι
286 667 305 710 a
327 645 428 709 sacris
450 653 561 708 arceat
583 666 638 708 eos
660 664 773 707 omnes
800 642 855 724 qui
879 643 916 705 in
938 643 1055 706 fratres
1078 641 1199 723 aliquid
1252 645 1376 727 pastori
1397 665 1455 708 suo
1477 652 1640 708 secretum
1662 644 1762 708 animi
1786 643 1906 708 vulnus
1929 646 2107 726 aperuerit,
2134 654 2234 728 atque

219 739 406 816 peccarunt,
430 729 532 795 donec
550 731 638 795 iusta
659 730 878 793 satisfactione
897 727 1054 792 redierint
1071 729 1106 792 in
1124 750 1200 811 gra-
1251 730 1344 794 illam
1375 729 1539 812 evangelii
1565 750 1678 794 vocem
1711 729 1919 812 peculiariter
1949 729 1990 794 ad
2018 753 2053 795 se
2075 731 2234 796 directam

219 819 315 882 tiam:
338 825 461 899 quanto
483 818 587 880 maior
609 825 659 880 est
680 815 764 879 ratio
787 813 898 896 utqui
916 814 1086 879 ecelesiam
1106 814 1201 878 laesit
1253 815 1408 881 audierit:
1433 815 1649 879 remittuntur
1661 816 1720 879 tibi
1733 824 1937 897 peceatatua,
1957 817 2083 881 confide
2094 817 2233 901 (Matth

220 903 306 969 malo
328 902 436 983 aliquo
460 902 619 985 exemplo,
643 923 716 966 eam
736 901 797 966 sibi
820 900 936 983 eulpae
958 899 1125 983 agnitione
1147 921 1199 964 re-
1252 908 1281 980 9,
1302 901 1350 984 2),
1382 903 1528 965 animum
1550 903 1721 966 confirmet
1733 902 1757 984 ¹)
1785 902 1826 966 ad
1854 902 2080 981 securitatem,
2110 903 2234 986 illaque

220 988 391 1057 conciliet?
437 989 489 1052 Ita
511 1001 662 1071 receptus
685 994 735 1051 est
757 985 950 1051 Corinthius
976 986 1033 1049 ille
1053 987 1090 1049 iu
1112 1006 1199 1049 conr·
1251 1009 1316 1070 qua
1346 989 1438 1070 prius
1471 988 1640 1052 aestuabat
1671 987 1890 1071 trepidatione
1922 987 2129 1072 liberetur.²)
2184 992 2235 1054 At

219 1076 427 1153 munionem,
451 1096 553 1156 quum
575 1097 610 1138 se
631 1072 865 1154 obsequentem
887 1073 1083 1154 correptioni
1105 1093 1199 1153 prae·
1251 1095 1330 1140 vero
1352 1095 1454 1155 quum
1472 1072 1512 1137 de
1530 1074 1676 1138 clavibus
1694 1075 1812 1157 agitur,
1835 1094 1964 1156 semper
1981 1075 2166 1139 cavendnm
2182 1085 2235 1142 est

219 1161 346 1228 buisset
369 1164 402 1245 (2
423 1159 496 1225 Cor.
518 1164 551 1236 2,
571 1159 614 1243 t).
659 1159 752 1223 Haec
775 1159 875 1222 etiam
896 1158 1001 1222 forma
1022 1156 1199 1223 confitendi
1251 1181 1295 1224 ne
1316 1160 1503 1224 facultatem
1523 1159 1666 1241 aliquam
1687 1161 1885 1225 somniemus
1903 1161 1943 1225 ab
1960 1161 2124 1244 evangelii
2140 1183 2234 1245 prae-

219 1247 256 1313 in
274 1247 379 1311 veteri
399 1247 534 1311 eeclesia
556 1245 631 1324 fuit;
658 1243 934 1327 quemadmodum
957 1253 991 1307 et
1012 1244 1198 1328 Cyprianus
1251 1245 1412 1311 heudone
1434 1248 1629 1327 separatam.
1663 1246 1742 1311 Alio
1762 1248 1873 1311 itera-m
1893 1246 1992 1329 loeo‘)
2008 1247 2138 1326 plenius
2158 1246 2234 1312 boec

219 1334 378 1398 meminit
404 1332 653 1408 Pocnitentiam,
678 1331 791 1413 inquit,
815 1339 918 1413 agunt
933 1331 1019 1394 iusto
1037 1340 1198 1412 tempore;
1250 1353 1302 1396 res
1322 1332 1508 1414 explicanda
1530 1333 1602 1409 erit,
1631 1331 1686 1395 ubi
1712 1333 1750 1395 de
1777 1332 1920 1397 eccles-iae
1940 1335 2087 1416 regimine
2109 1340 2235 1416 opetum

220 1417 338 1484 deinde
369 1417 410 1482 ad
438 1417 678 1501 exomologesin
707 1417 862 1493 veniunt,
891 1428 925 1480 et
952 1438 1011 1498 per
1038 1437 1198 1480 manuum
1250 1423 1342 1499 atque
1373 1417 1440 1481 illic
1472 1417 1646 1482 videbimus
1676 1419 1765 1482 verbo
1796 1419 1958 1500 ollipotow
1987 1439 2053 1482 csse
2078 1420 2235 1500 quidquid

218 1505 459 1588 impositionem
481 1504 622 1585 episcopi
651 1512 683 1567 et
711 1503 791 1568 cleri
813 1503 864 1567 ius
887 1503 1123 1568 communionis
1145 1523 1197 1566 ac·
1251 1504 1336 1569 iaris
1368 1504 1411 1567 od
1443 1502 1607 1584 ligandam
1638 1505 1686 1568 cel
1711 1504 1889 1568 adtendam
1919 1503 2063 1570 elaeatae
2092 1506 2237 1570 aedesius

218 1591 354 1672 cipiunt„
399 1589 510 1653 Aliam
529 1588 705 1653 confitendi
727 1589 780 1653 vel
802 1590 963 1652 rationem
987 1589 1040 1653 vel
1059 1588 1198 1651 formam
1250 1611 1328 1655 suae
1348 1589 1481 1653 roaolt.
1515 1589 1588 1654 Hoc
1610 1591 1779 1654 tamenin
1800 1590 1982 1655 ministerio
2004 1590 2147 1656 clavium
2163 1614 2237 1657 rna-

219 1676 384 1757 scriptura
410 1696 544 1757 prorsus
572 1676 712 1757 ignorat.
757 1675 871 1756 Neque
892 1682 1042 1739 nostrimr
1064 1681 1115 1738 est
1141 1673 1198 1737 ad·
1250 1676 1339 1740 xime
1359 1696 1475 1739 verum
1496 1685 1561 1752 est,
1584 1677 1676 1741 cuius
1699 1685 1768 1739 tota
1790 1677 1840 1740 vis
1862 1676 1897 1739 in
1920 1697 1959 1741 eo
1980 1678 2087 1760 posita
2108 1686 2175 1755 est,
2198 1688 2238 1742 ut

218 1761 381 1844 stringere
403 1762 497 1825 novis
520 1761 661 1826 vinculis
683 1761 911 1838 conscientias,
934 1781 1015 1842 quas
1036 1761 1072 1823 in
1096 1760 1198 1824 servi-
1251 1761 1414 1844 evangelii
1446 1761 1554 1844 gratia
1584 1783 1644 1844 per
1676 1784 1732 1827 eos
1759 1784 1840 1844 quos
1868 1763 2033 1827 Dominus
2060 1762 2236 1841 ordinavit,

216 1854 321 1913 tutem
345 1846 492 1930 redigam
515 1847 670 1911 Christus
695 1847 901 1912 severissime
925 1855 1024 1912 vetat.
1059 1845 1197 1910 Interim
1250 1847 1398 1913 fidelium
1416 1848 1535 1911 animis
1551 1847 1679 1929 publice
1697 1870 1734 1913 ac
1750 1849 1905 1930 privatim
1921 1848 2128 1932 obsignatum
2149 1849 2236 1933 quod

217 1933 297 2016 quin
320 1933 438 1997 sistant
459 1955 493 1998 se
516 1935 639 2015 pastori
658 1954 745 2007 oves,
769 1934 895 2015 quoties
917 1953 1045 1997 sacram
1062 1953 1198 1997 coenam
1250 1936 1332 2012 fiori,
1353 1934 1418 1997 nisi
1441 1933 1510 1997 sola
1531 1933 1782 2015 praedicatione,
1806 1935 1929 2015 nequit.

216 2019 412 2102 participare
433 2018 564 2098 volunt,
599 2019 679 2082 adeo
707 2040 773 2082 non
802 2019 959 2095 reclama,
988 2028 1027 2082 ut
1053 2019 1198 2082 maxime
1341 2025 1388 2082 15.
1430 2016 1520 2098 Quid
1547 2041 1746 2085 νωκαιιειιςεε
1776 2020 1929 2103 theolopi?
1975 2019 2138 2086 Statuunt
2146 2021 2176 2104 ⁴)
2199 2030 2237 2086 ut

216 2104 316 2173 veliin
349 2105 411 2169 hoc
443 2105 562 2188 ubique
591 2106 767 2170 observari.
812 2105 900 2169 Nam
933 2105 1048 2186 etqui
1075 2104 1199 2169 habent
1251 2127 1364 2172 omnes
1386 2106 1559 2187 utriusque
1582 2128 1690 2183 sexus,
1714 2108 1827 2171 statim
1849 2118 1948 2188 atque
1969 2105 2011 2171 ad
2028 2106 2237 2172 discretionis

216 2190 408 2274 impeditam
437 2192 686 2266 censcientiam,
720 2192 842 2255 referre
868 2190 947 2255 inde
969 2199 1108 2272 possunt
1130 2192 1198 2255 sin·
1251 2213 1356 2257 annos
1367 2192 1587 2273 pervenerint,
1609 2193 1711 2257 semel
1724 2191 1765 2256 ad
1777 2192 1951 2256 minimum
1964 2194 2140 2275 quotannis
2157 2216 2236 2260 cen·

216 2276 366 2360 gularem
389 2277 548 2356 fructum;
577 2278 689 2360 etqui
711 2276 908 2341 admonendi
931 2283 1022 2353 sunt,
1046 2276 1198 2339 monitio-
1251 2281 1407 2343 fiteantur
1430 2278 1541 2342 omnia
1570 2299 1630 2342 sua
1656 2288 1791 2361 peccans
1812 2279 1943 2360 proprio
1964 2279 2125 2344 sacerdoti
2132 2304 2141 2358 ;
2174 2301 2236 2345 nec

217 2360 313 2427 nibus
335 2362 444 2427 locum
465 2363 512 2426 ita
529 2362 696 2445 praebent,
719 2362 816 2427 modo
834 2385 962 2445 semper
981 2363 1067 2427 absit
1083 2370 1198 2447 tyran·
1250 2376 1421 2447 peecatum
1443 2362 1567 2428 dimitti
1588 2365 1653 2429 nisi
1671 2365 1848 2429 confitendi
1865 2374 1979 2428 votum
1998 2366 2140 2429 firmiter
2158 2388 2236 2432 con·

217 2449 271 2513 nis
292 2456 326 2512 et
346 2448 543 2530 superstitio.
1251 2461 1383 2533 ceptum
1415 2450 1523 2513 fuerit
1569 2448 1666 2530 Quod
1697 2460 1811 2515 votum
1844 2451 1907 2514 nisi
1936 2451 2045 2516 oblata
2077 2452 2236 2518 facultate

306 2538 354 2598 14.
399 2535 441 2597 Iu
472 2533 576 2599 tribus
604 2534 669 2598 illis
695 2535 908 2600 confessionis
936 2531 1112 2618 generibus
1140 2555 1198 2616 po·
1250 2537 1453 2620 persolutum
1477 2536 1592 2612 fuerit,
1621 2537 1687 2599 iam
1716 2536 1845 2600 nullum
1871 2546 1983 2618 patere
2011 2537 2155 2619 paradisi
2183 2540 2235 2602 in·

217 2626 319 2687 testas
348 2619 489 2685 clavium
516 2621 624 2686 locum
646 2621 759 2699 habet,
789 2621 842 2686 vel
869 2643 972 2704 quum
997 2621 1123 2684 solenni
1146 2642 1198 2685 re-
1251 2644 1410 2706 gressum.
1456 2618 1668 2686 Sacerdotem
1696 2643 1775 2686 vero
1803 2632 1999 2704 potestatem
2024 2622 2144 2687 habere
2165 2624 2232 2688 cla·

216 2707 400 2790 cognitione
423 2707 579 2773 vitiorum
602 2730 735 2772 suorum
759 2709 889 2772 veniam
913 2706 1108 2789 deprecatur
1130 2714 1198 2770 teta
1250 2710 1357 2785 vium,
1386 2706 1504 2790 quibus
1527 2716 1731 2789 peccatorem
1753 2707 1860 2773 solvat
1882 2730 1920 2773 ac
1941 2709 2036 2792 liget,
2064 2710 2142 2791 quia
2162 2731 2232 2772 non

216 2792 369 2869 ecelesia,
392 2793 444 2857 vel
467 2815 569 2876 quum
590 2796 753 2877 privatus,
776 2796 832 2876 qui
852 2794 960 2877 aliquo
982 2793 1118 2857 notabili
1142 2791 1198 2856 de-
1250 2796 1294 2859 sit
1315 2795 1448 2858 irritum
1470 2792 1596 2857 Christi
1615 2793 1767 2858 verbnm:
1799 2792 2015 2877 quodeunque
2039 2795 2231 2879 ligaveritis,

215 2878 293 2945 licto
320 2901 491 2945 commune
525 2880 759 2944 offendiculum
785 2880 928 2963 peperit,
960 2879 1197 2962 poenitentiam
1250 2890 1309 2946 etc
1342 2879 1480 2944 Dahae
1502 2900 1580 2943 vero
1600 2888 1762 2962 potestate
1783 2882 1978 2963 pugnaciter
1998 2882 2087 2946 inter
2107 2903 2143 2946 se
2163 2881 2232 2946 hel·

216 2986 309 3031 suam
332 2976 481 3041 testatur,
504 2966 558 3031 vel
581 2987 682 3048 quum
705 2968 743 3044 is,
766 2968 821 3049 qui
843 2967 884 3031 ob
906 2965 1124 3031 conscientiae
1146 2966 1197 3028 in·
1249 2968 1441 3050 ligerantur.
1471 2965 1539 3029 Alii
1557 2964 1678 3044 dicunt,
1700 2966 1912 3031 unicamesse
1929 2966 2055 3032 clavem
2068 2969 2104 3031 in
2121 2989 2233 3033 cesen-

218 3051 444 3133 quiet-udinem
466 3074 526 3134 ope
547 3053 692 3117 ministri
713 3053 850 3136 indiget,
874 3073 968 3116 suam
989 3051 1038 3114 illi
1059 3051 1198 3115 infirmi-
1250 3055 1305 3132 tia,
1328 3052 1453 3118 scilicet
1469 3060 1664 3132 potestatem
1685 3051 1810 3134 ligandi
1827 3060 1860 3116 et
1876 3052 2039 3131 solvendi;
2062 3054 2233 3118 scientiam

219 3145 321 3201 tatem
348 3138 460 3217 aperit
510 3138 674 3203 Tolleadce
700 3161 770 3203 cero
796 3139 976 3220 affectamus
1002 3138 1127 3202 diverso
1154 3141 1199 3201 est
1250 3139 1292 3204 ad
1313 3138 1436 3203 bonum
1456 3136 1589 3219 quidem
1610 3159 1710 3202 usum
1730 3138 1867 3219 requiri,
1895 3136 1954 3203 sed
1975 3148 2107 3203 tantum
2128 3142 2234 3205 instar

217 3224 316 3286 rutro:
347 3223 424 3303 qaia
456 3226 513 3287 ets-i
547 3230 620 3289 tuac
653 3245 771 3306 quoque
798 3225 999 3290 auraemalae
1019 3225 1096 3305 poci
1127 3243 1198 3288 coa·
1250 3224 1422 3291 aceessorii
1455 3244 1536 3302 esse,
1570 3245 1637 3287 non
1671 3224 1891 3288 essentialiter
1922 3224 2108 3290 cohaerere.
2154 3226 2234 3305 Alii,

217 3308 349 3387 adsto,
378 3310 572 3391 prsequar
604 3318 705 3375 tarraco
736 3310 814 3390 fiais
846 3317 890 3376 est
921 3317 956 3373 at
981 3309 1103 3374 ablue
1127 3309 1198 3374 odio
1270 3313 1326 3376 uia
1346 3307 1503 3376 videbant
1531 3309 1617 3373 hanc
1645 3311 1786 3373 nimium
1814 3311 2032 3375 effraenatam
2053 3311 2232 3391 licentiam,

216 3392 298 3459 iae
324 3416 357 3459 se
383 3397 536 3458 sariuntur
563 3399 666 3460 urriani
691 3398 814 3461 visuale
837 3397 937 3478 pecie.
988 3395 1050 3460 Sed
1075 3396 1199 3478 [mdes
1249 3334 1331 3462 duas
1359 3397 1467 3460 claves
1493 3407 1746 3474 recensuerunt,
1775 3395 2001 3461 discretionem
2032 3410 2067 3460 et
2088 3408 2233 3480 potesta·

216 3480 286 3560 tue,
319 3502 409 3561 qoem
438 3481 522 3560 diei,
553 3483 681 3547 mistione
708 3484 901 3563 aperireadas
927 3487 984 3560 est,
1017 3502 1078 3562 qtto
1104 3482 1198 3545 libert-
1249 3490 1325 3549 tem.
1370 3482 1439 3546 Alii
1461 3503 1608 3559 rursum,
1634 3502 1737 3563 quum
1759 3482 1818 3545 tali
1840 3482 2065 3547 moderatione
2086 3484 2233 3550 cohiberi

216 3567 282 3632 tius
312 3568 515 3648 confiteamur
540 3575 669 3651 peccato
700 3575 816 3633 arcebo.
871 3567 984 3649 Quum
1012 3567 1102 3631 enim
1128 3577 1197 3631 teta
1249 3568 1455 3636 sacerdotum
1476 3566 1719 3649 improbitatem
1739 3567 1905 3645 viderent,
1935 3568 2017 3632 alias
2041 3569 2152 3634 claves
2174 3592 2231 3633 ex·

217 3652 355 3720 eeclesia
382 3655 474 3720 velut
509 3676 619 3720 eoram
648 3656 711 3720 Dei
748 3655 905 3721 tribunali
938 3653 1063 3732 adstat,
1104 3675 1196 3718 ream
1249 3655 1422 3721 cuderimt:
1446 3654 1656 3717 autoritatem
1674 3653 1890 3733 discernendi,
1911 3675 1977 3737 qua
1993 3656 2029 3719 in
2046 3654 2229 3720 definiendo

217 3760 253 3805 se
279 3741 469 3818 confitetur,
503 3764 607 3806 unum
629 3742 795 3825 refugium
822 3741 923 3806 habet
947 3743 983 3805 in
1010 3741 1076 3805 Dei
1100 3741 1196 3805 mise-
1249 3751 1436 3817 uterentur,
1465 3749 1499 3804 et
1524 3748 1734 3821 potestatem,
1764 3762 1863 3822 qnam
1889 3743 2124 3823 θιεθᾳιιιιιιοιιο
2151 3760 2229 3805 snae

216 3826 372 3892 ricerdis:
401 3848 468 3891 nen
492 3828 628 3911 vulgare
653 3839 711 3892 aut
733 3828 806 3894 leve
826 3828 978 3893 solatium
1001 3835 1051 3892 est
1074 3826 1196 3892 habere
1248 3829 1430 3894 sententiae
1448 3834 1653 3904 exercerent3
1676 3827 1846 3890 scientiam
1868 3824 2022 3891 accedere
2042 3827 2134 3892 velut
2150 3846 2229 3889 oon·

215 3910 282 3977 illic
318 3924 525 3996 praesentem
559 3913 687 3979 Christi
720 3913 881 3998 legatum,
922 3913 1196 3980 reconciliationis
1249 3915 1417 3980 siliarium.
1445 3911 1541 3976 Istud
1564 3922 1675 3976 antem
1696 3912 1801 3996 ligare
1822 3923 1856 3977 et
1872 3913 2000 3977 solvere
2020 3933 2088 3976 non
2104 3910 2229 3975 audent

215 3996 372 4062 mandato
399 3999 597 4082 praeditum,
631 4022 651 4064 a
678 4022 742 4083 qno
765 4001 953 4066 denuntiari
976 4000 1038 4066 sibi
1067 4000 1197 4065 absolu·
1248 3998 1460 4083 interpretari
1481 3997 1687 4079 simpliciter,
1708 4007 1842 4080 pecema
1861 3999 2028 4063 remittere
2048 4005 2083 4062 et
2103 3995 2214 4061 delere
2220 4021 2229 4077 ;

215 4083 339 4148 tionem
366 4085 487 4149 audiat
542 4087 608 4152 Hie
637 4087 763 4152 utilitas
791 4089 934 4152 clavium
962 4087 1079 4151 merite
1107 4107 1195 4151 eom·
1249 4087 1328 4170 quia
1347 4084 1529 4150 Dominum
1550 4083 1750 4148 clamantem
1770 4084 1911 4150 audiunt
1932 4081 2017 4167 apud
2032 4083 2231 4165 prophetam

215 4169 405 4250 mendatur,
433 4193 536 4253 quum
563 4174 640 4251 rite,
669 4194 735 4256 quo
764 4174 877 4238 ordine
899 4184 1018 4255 etqua
1039 4172 1195 4254 religione
1249 4172 1546 4256 (Ies.43,11.25):
1571 4191 1632 4253 ego
1653 4192 1736 4249 sum,
1758 4180 1793 4235 et
1814 4192 1880 4235 non
1902 4171 1986 4235 alins
2005 4178 2138 4252 praeter
2159 4191 2232 4249 me;

214 4254 316 4335 decet,
339 4258 405 4322 ista
420 4261 590 4342 peragitur
607 4260 735 4344 legatio.
781 4258 943 4326 Similiter
965 4279 1067 4340 quum
1089 4259 1118 4322 is
1139 4258 1196 4339 qni
1248 4280 1310 4343 ego
1331 4279 1415 4335 sum,
1438 4277 1499 4340 ego
1520 4278 1603 4335 sum,
1623 4258 1680 4338 qui
1701 4257 1793 4322 deleo
1813 4257 2003 4339 iniquitates
2022 4264 2097 4321 uras
2113 4255 2230 4320 Israel

214 4363 250 4408 se
277 4343 319 4407 ab
341 4344 478 4409 ecclesia
505 4345 742 4427 quodammodo
765 4348 981 4422 alienaverat,
1010 4344 1196 4408 restituitur
1248 4343 1317 4410 Sed
1349 4343 1462 4407 dicunt
1494 4342 1672 4407 sacerdotis
1700 4364 1772 4408 esse
1803 4342 2019 4426 pronuntiare
2050 4342 2108 4424 qni
2136 4342 2230 4426 ligati

214 4429 249 4493 in
270 4430 450 4495 fraternam
471 4433 634 4498 unitatem
661 4442 794 4516 accepta
815 4432 927 4508 venia,
956 4440 1117 4513 quantum
1138 4431 1195 4495 be-
1248 4432 1315 4495 sint
1337 4440 1395 4495 ant
1416 4428 1523 4508 solua,
1546 4438 1581 4492 et
1601 4428 1767 4494 declarare
1787 4451 1926 4511 quorum
1943 4429 2082 4494 remissa
2102 4437 2162 4493 aut
2178 4450 2230 4492 re-

215 4517 368 4582 neiieium
391 4526 442 4583 est
463 4518 551 4600 quod
579 4521 641 4585 sibi
665 4519 707 4583 ab
736 4520 776 4583 iis
798 4517 923 4602 ignosci
944 4516 1101 4600 intelligit
1122 4517 1195 4599 qui-
1248 4526 1340 4581 tenta
1361 4518 1428 4582 sint
1448 4524 1594 4598 peccata;
1618 4515 1783 4580 declarare
1805 4524 1926 4592 autem,
1947 4515 2002 4581 vel
2022 4536 2083 4598 per
2103 4515 2231 4581 confes·

214 4602 275 4667 bns
302 4603 386 4667 dixit
418 4602 573 4670 Christ-ns
601 4605 737 4690 (Matth.
762 4608 814 4681 18,
838 4602 1194 4687 18310ann.20‚23):

212 4689 458 4773 quibuscunque
486 4692 679 4757 remiseritis
704 4698 839 4774 peecata
858 4690 896 4753 in
918 4691 1028 4769 terris,
1057 4691 1197 4754 remissa

213 4775 248 4838 111
270 4776 359 4841 00010
381 4777 500 4840 erunt?
545 4778 615 4842 Nec
642 4778 779 4843 1111110118
806 4777 969 4842 01118811ῑῦ6
991 4784 1049 4840 aut
1069 4777 1196 4840 finctus
1318 4809 1347 4875 1)
1367 4809 1542 4863 Rmm
1559 4806 1642 4873 (1559
1659 4810 1743 4875 „w
1766 4807 1925 4860 mut..
1948 4807 2128 4859 oeufimbjp
2198 4805 2230 4869 2)

214 4868 265 4925 ost
289 4862 419 4942 privata
441 4862 617 4943 absolutio,
645 4864 702 4929 ubi
729 4865 770 4929 ab
792 4865 834 4929 iis
855 4865 980 4947 petitur
1001 4863 1059 4945 qui
1080 4863 1196 4946 singn-
1250 4878 1425 4933 mass
1448 4876 1531 4943 (1569
1616 4876 1637 4941 .)
1663 4875 1821 4928 madae:
1847 4877 2017 4928 noenum.
2104 4874 2137 4938 3)
2165 4873 2230 4929 Sal

213 4945 277 5020 luri
315 4944 460 5010 remedio
492 4948 535 5012 ad
566 4951 793 5016 infirmatem
831 4972 926 5015 guam
957 4947 1196 5015 sublevandam
1250 4946 1327 5002 λῶν.
1346 4946 1400 5000 IV.
1422 4946 1487 5013 Cup.
1505 4943 1558 4996 XL
1624 4943 1648 4996 Ι.
1688 4944 1757 4997 Οἱὶιιι
1776 4946 1847 4997 rusb
1865 4947 1920 4996 ιάιιι
1938 4951 2022 4998 osteo
2040 4943 2122 5011 (Cap.
2141 4943 2229 4998 V111.

213 5050 297 5115 opus
318 5030 450 5096 habent
495 5034 625 5099 Accidit
651 5038 740 5101 enim
766 5057 833 5101 non
860 5057 936 5102 raro
959 5044 998 5100 nt
1017 5035 1076 5117 qui
1096 5056 1196 5118 gene-
1248 5017 1277 5137 g·
1296 5015 1554 5148 ὲῗώᾝξζέξξ
1571 5012 2229 5136 Qmffiaffiffwfflmhgd

215 5115 302 5181 ralos
329 5118 561 5200 promissiones
593 5121 700 5202 audit,
732 5143 817 5205 quae
848 5121 893 5186 ad
917 5129 1022 5186 totam
1048 5120 1197 5185 fidelium
1248 5154 1388 5206 omem
1410 5162 1454 5205 „t
1474 5150 1566 5200 Innoe.
1589 5150 1619 5200 in
1644 5150 1739 5202 Μ
1764 5149 1877 5203 mm
1913 5152 1952 5203 R
1973 5153 2060 5204 „sm
2081 5151 2229 5205 [ΝΜ

213 5206 503 5289 congregationem
524 5205 748 5287 destinantur,
767 5216 901 5273 maneat
919 5206 1137 5272 nihilominus
1158 5207 1196 5270 in
1248 5223 1310 5276 libr.
1327 5220 1353 5274 1
1370 5228 1440 5275 sena
1458 5217 1521 5269 dist
1540 5215 1582 5269 11
1600 5233 1622 5269 c.
1640 5215 1666 5269 2
1684 5226 1714 5270 es
1730 5217 1793 5270 dist
1811 5217 1853 5271 lu
1871 5236 1893 5272 a
1911 5219 1937 5272 2.
