4672 5842
80 317 144 380 897
321 314 411 379 LIB.
433 316 497 380 ΠΙ.
542 317 606 381 Du
629 315 764 383 MODO
786 317 1136 384 PEROIPOENDAE
1159 317 1351 385 efflusul
1375 318 1593 385 GRATIAE.
1641 320 1739 386 OAP.
1763 321 1790 386 Ι.
1813 320 1858 386 Π.
2033 327 2096 389 398

80 503 127 570 Ec
147 504 202 568 boc
224 503 274 568 illi
292 504 462 586 preprium
487 525 604 569 muscus
626 506 779 584 attribuit,
802 526 966 590 supparare
986 528 1066 588 quae
1117 508 1271 574 historiae
1305 530 1482 573 assensum.
1529 509 1599 572 l'mo
1631 530 1727 589 quum
1759 511 1795 574 in
1827 511 1941 577 sciolis
1973 513 2011 576 dc
2034 514 2096 594 lide

80 592 150 671 ipse
172 610 224 654 ore
245 591 407 668 docuerat;
435 592 513 671 quia
538 592 661 673 frustm
688 593 788 656 caecis
808 593 864 656 lue
892 614 925 658 se
946 595 1066 674 offerret
1117 595 1295 675 disputant,
1329 594 1433 658 Deum
1461 595 1529 658 eins
1556 597 1703 659 obiectent
1735 597 1921 678 simpliciter
1953 601 2096 679 vacando,
2187 611 2191 621 “

81 677 151 740 nisi
171 676 309 756 spiritm
333 676 385 740 illc
411 677 631 760 intelliqentiae
658 680 794 758 aperiret
821 680 931 743 mentis
955 679 1064 758 oculos
1117 681 1251 745 evanida
1275 681 1480 760 speculatione
1510 679 1560 759 (nt
1586 681 1665 746 alibi
1685 681 1842 766 dicimus)
1871 685 2006 749 mnerus
2028 687 2097 748 ani

81 767 117 828 ut
137 763 198 826 rite
215 762 330 827 daven
347 783 455 827 uocare
472 783 567 843 queas
585 784 649 843 qua
666 765 802 829 coelestis
823 766 911 847 requi
928 765 1066 829 thesauri
1117 786 1187 829 mas
1208 768 1341 846 rapiunt
1361 771 1576 831 transuersum
1597 768 1700 849 maqis
1722 788 1818 848 quam
1839 770 1881 833 acl
1902 791 2027 849 scopum
2048 773 2097 835 cli·

70 847 171 913 'nobis
187 854 378 927 reserantur,
396 850 523 930 eiusque
539 850 798 914 illuminationem
815 852 927 916 neentis
942 857 1066 916 nostrae
1117 853 1230 934 riqant.
1276 852 1363 914 Nam
1389 872 1485 933 quum
1513 851 1605 916 Deus
1631 853 1729 916 lucem
1758 856 1948 919 irrocccssam
1972 855 2095 934 liabitet,

82 935 182 1000 aciem
208 936 252 999 ad
279 936 455 999 uidendum.
500 935 576 1003 Idea
599 935 724 1019 Pardus
746 936 780 1019 (2
800 935 873 1001 (lor.
893 942 921 1015 3,
942 936 976 1021 6)
999 941 1066 1001 tan
1120 937 1280 1002 Cleristum
1307 957 1464 1001 occurrere
1491 939 1628 1001 andium
1653 959 1772 1003 inemec
1798 946 1850 1003 est.
1902 939 1988 1006 linde
2015 947 2042 1006 et
2063 962 2096 1006 se

80 1026 184 1101 tepere
206 1021 394 1085 commmdat
416 1021 626 1086 ministerium
647 1022 799 1103 spiritns;
821 1024 898 1102 qnia
912 1025 981 1087 siue
990 1043 1066 1102 pre
1118 1024 1222 1087 lumen
1243 1023 1353 1087 mundi
1375 1027 1460 1087 uocat
1482 1022 1609 1106 (laann.
1630 1026 1659 1101 8,
1682 1024 1750 1106 12),
1773 1031 1802 1090 et
1823 1027 1909 1104 alibi
1932 1029 2025 1105 uiam,
2048 1049 2095 1090 oe

81 1107 163 1190 scau
195 1107 365 1171 dormirent
396 1107 530 1172 domares
563 1108 628 1172 nisi
657 1106 803 1172 Christus
834 1110 903 1189 ipse
934 1109 1066 1174 interior
1117 1111 1242 1174 ritatem
1267 1114 1295 1172 et
1316 1110 1412 1173 uitam
1434 1109 1525 1191 (ibid.
1549 1114 1602 1187 14,
1624 1109 1673 1194 6);
1702 1112 1779 1191 quia
1807 1112 1850 1174 acl
1871 1117 2009 1192 patrem,
2038 1116 2095 1194 qui

80 1193 232 1275 napea
257 1214 314 1257 suo
335 1194 453 1274 spiritu
475 1195 518 1258 acl
539 1215 571 1257 se
592 1194 740 1272 traheret,
770 1195 828 1274 qui
854 1195 923 1259 clati
944 1200 1015 1259 emt
1045 1216 1066 1258 a
1116 1195 1187 1276 fons
1209 1200 1253 1259 est
1274 1196 1372 1271 uitae,
1395 1195 1460 1257 nisi
1474 1216 1532 1275 per
1553 1197 1660 1275 ipsum
1680 1217 1768 1260 riano
1789 1199 1888 1277 cerem
1902 1199 1989 1278 'quia
2010 1199 2095 1264 sulm

76 1284 180 1360 patre.
214 1279 300 1361 Erqc
322 1280 403 1344 sicut
423 1280 458 1342 in
473 1278 592 1344 Christi
608 1300 747 1359 persona
767 1282 903 1360 reperiri
923 1281 1067 1345 dicimus
1111 1285 1236 1360 patrem
1263 1282 1427 1363 coquoscit
1461 1282 1572 1346 delude
1597 1281 1705 1361 fideles
1731 1283 1842 1362 qulbus
1871 1304 1941 1347 eum
1967 1286 2096 1349 uoluerit

76 1364 250 1448 Mestum
266 1365 407 1442 salman,
430 1366 485 1444 ita,
507 1372 542 1429 ut
562 1365 680 1446 fiamus
701 1367 769 1430 eius
785 1367 969 1448 participes,
992 1366 1066 1449 bap
1112 1367 1289 1447 patefacere
1318 1367 1415 1450 (Luc.
1438 1371 1493 1443 10,
1519 1365 1584 1450 22).
1636 1367 1811 1431 Secrcndnm
1838 1368 1916 1434 barre
1943 1372 2095 1434 rationem

81 1453 160 1515 tieat
190 1472 247 1516 nos
284 1453 320 1515 in
355 1452 472 1530 spiritu
510 1457 614 1516 sanae
648 1457 675 1516 ct
707 1453 774 1534 iqui
813 1452 910 1534 (Luc.
937 1456 972 1530 3,
1001 1452 1064 1537 16),
1121 1452 1245 1516 Paulus
1266 1451 1348 1516 rribll
1364 1453 1692 1533 secoqur'tuerimium
1710 1453 1820 1518 ducere
1838 1456 1952 1519 asserit
1967 1462 2095 1534 praeter

80 1536 271 1603 illuminaus
293 1558 350 1601 nos
371 1537 407 1600 in
428 1538 578 1620 evauqelii
600 1539 652 1601 sui
672 1538 780 1618 eitun,
804 1544 896 1618 atque
917 1540 964 1602 ita
985 1559 1066 1621 reqe·
1121 1536 1280 1602 Christum
1284 1536 1333 1704 >l
1349 1537 1424 1603 (tor.
1438 1543 1466 1615 2,
1488 1537 1539 1620 2),·
1561 1543 1588 1601 el
1609 1537 1760 1604 Actorum
1781 1541 1928 1622 ciqesimo
1949 1561 1982 1604 se
1997 1562 2094 1620 prae·

79 1643 197 1687 means
217 1629 253 1688 ut
274 1624 376 1688 simus
396 1644 493 1687 nouae
514 1628 687 1702 creaturae,
709 1630 736 1688 et
752 1625 900 1706 masonis
921 1624 1066 1689 sordibus
1118 1624 1239 1688 dicasse
1265 1646 1283 1687 r
1313 1629 1358 1688 ert
1382 1623 1476 1704 fidem
1501 1625 1538 1686 in
1567 1622 1741 1703 Christum·
1773 1630 1799 1688 et
1827 1626 1906 1689 alibi
1937 1624 2095 1691 Christum

75 1714 230 1794 purqatos
251 1710 287 1774 in
308 1714 416 1774 sunau
438 1709 506 1774 Deo
527 1709 640 1791 templa
661 1716 822 1775 coresccrat.
1118 1711 1164 1773 ita
1185 1709 1353 1790 loquenten
1373 1711 1508 1776 inducit:
1529 1712 1652 1774 mitam
1672 1716 1700 1774 te
1721 1712 1802 1775 iuter
1821 1717 1938 1794 pentes,
1960 1717 1994 1775 ut
2016 1714 2095 1777 acci-

1111 1795 1206 1876 piant
1226 1797 1438 1860 remissionem
1459 1801 1655 1875 pematorum
1681 1802 1710 1861 et
1729 1803 1841 1861 sertem
1862 1798 1943 1860 inter
1963 1804 2094 1878 serietas,

1111 1902 1173 1961 per
1197 1880 1292 1961 taem
1316 1901 1395 1962 quae
1421 1887 1467 1945 est
1487 1883 1523 1945 in
1541 1903 1589 1946 ine
1609 1883 1698 1966 (Act.
1718 1887 1773 1959 26,
1796 1881 1859 1966 17).
1903 1883 1947 1947 Et
1971 1883 2095 1948 Paulus

1116 1968 1153 2030 iu
1179 1968 1247 2031 uus
1262 1987 1402 2048 persona
1423 1968 1512 2032 nobis
1532 1967 1686 2031 visibilem
1712 1988 1777 2032 esse
1797 1969 1863 2034 Dei
1882 1969 2016 2052 qloriam
2036 1976 2093 2034 tes·

1116 2057 1218 2150 tatur,
1241 2053 1303 2129 ecl,
1324 2054 1407 2151 quod
1423 2054 1506 2118 idem
1524 2053 1613 2130 ualet
1635 2054 1895 2119 illuminationem
1912 2057 2094 2139 coquitionis

80 2179 147 2262 m
185 2177 288 2260 fiee:
327 2177 403 2259 uu
440 2188 484 2260 a
520 2176 709 2259 deenen
749 2177 839 2260 ens
876 2177 1062 2289 pomus,
1113 2138 1396 2288 mma
1410 2140 1707 2308 mm
1723 2141 1879 2290 ,5235ss
1899 2142 2094 2309 {zm

140 2312 186 2381 et
217 2296 485 2409 explicantm·
516 2327 625 2408 quae
658 2298 789 2380 habet
819 2298 1000 2410 propria.
1115 2310 1251 2374 amcam
1272 2316 1330 2389 esc,
1358 2315 1393 2373 at
1415 2316 1561 2393 aqmseat
1581 2332 1671 2391 quom
1692 2311 1745 2376 lite
1765 2313 1853 2376 arna
1875 2312 1983 2377 Iesum
2007 2311 2095 2377 Olet

1115 2401 1205 2460 sturm
1254 2397 1339 2476 Quia
1360 2396 1451 2461 Dens
1472 2399 1539 2478 ipse
1553 2397 1668 2476 procul
1688 2397 1885 2462 absconditus
1903 2399 2008 2463 lateret
2027 2399 2094 2463 nisi

170 2488 196 2547 l.
248 2481 365 2547 Verum
386 2481 461 2546 baec
482 2483 588 2546 orinia
609 2482 730 2563 coquite
750 2482 862 2563 facilia
884 2487 983 2560 erunt
1005 2480 1064 2546 ubi
1114 2503 1171 2545 reos
1198 2482 1370 2546 irradiaret
1395 2482 1501 2564 fulqer
1529 2481 1655 2548 Christi.
1706 2482 1748 2547 ln
1774 2484 1855 2548 lium
1880 2485 1976 2565 finan
2002 2485 2093 2565 quici-

74 2570 183 2650 posita
213 2568 313 2651 fuera
346 2569 465 2632 clarior
491 2567 567 2647 fidei
593 2568 748 2648 definitio,
781 2574 816 2632 ut
847 2569 913 2632 uim
940 2569 1009 2632 mm
1035 2572 1063 2631 et
1115 2568 1191 2647 quid
1212 2566 1343 2631 babebat
1358 2573 1463 2649 pater,
1492 2569 1579 2650 apud
1599 2570 1794 2650 uniqenitum
1815 2570 1968 2650 deposui,
1998 2576 2032 2634 ut
2057 2572 2094 2634 in

79 2660 229 2720 naturane
257 2659 380 2719 teneant
414 2654 548 2719 lectores.
599 2653 748 2733 Repetere
776 2659 879 2719 autern
911 2655 1063 2718 isemeria
1115 2673 1149 2717 eo
1169 2672 1202 2715 se
1219 2652 1416 2734 patefaceret,
1439 2660 1475 2718 ut
1497 2657 1571 2734 ipsa
1588 2654 1737 2719 bamrum
1754 2658 2025 2720 cauraunicatione
2041 2677 2093 2721 en

79 2742 217 2805 meruit
238 2761 319 2821 quae
341 2745 413 2804 ante
434 2741 555 2804 tradita
576 2739 713 2821 fuerunt,
736 2761 833 2820 quum
853 2741 946 2805 Deus
967 2740 1062 2804 nobis
1109 2739 1261 2819 primnet
1287 2760 1392 2804 ueram
1411 2741 1532 2823 partae
1553 2761 1630 2805 suae
1650 2742 1876 2891 imaqinemaSt
1897 2742 1970 2805 Gor.
1990 2750 2027 2820 4,
2048 2740 2091 2825 6).
2219 2798 2225 2811 ,

79 2848 137 2909 per
156 2827 265 2910 legem
287 2825 499 2909 praescribat,
523 2825 601 2907 quid
623 2824 789 2908 agendum
810 2827 863 2905 sit,
887 2827 915 2891 si
937 2847 1003 2909 qua
1025 2826 1062 2888 in
1117 2823 1279 2905 Siquidem
1299 2831 1334 2889 ut
1354 2827 1472 2892 dictum
1493 2833 1551 2905 est,
1580 2827 1698 2908 spiritu
1719 2832 1825 2891 nostr
1857 2829 1881 2891 ri
1902 2833 2038 2907 oportere
2058 2833 2094 2892 ut

78 2920 172 2995 parte
188 2913 272 2995 lapsi
288 2913 459 2990 fuerimus,
482 2912 626 2977 terribile
644 2911 726 2976 illud
750 2911 835 2994 quad
858 2911 957 2977 edicit
973 2933 1061 2976 mer·
1114 2911 1156 2974 uel
1181 2909 1340 2975 Christum
1360 2913 1570 2993 quaerendum
1591 2914 1769 2991 incitemur,
1797 2913 1844 2977 ila
1870 2913 2009 2977 melesius
2030 2933 2092 2976 mo·

80 3001 123 3064 tis
156 3007 310 3064 aeternae
342 2998 499 3063 iudicium
534 2998 628 3061 nobis
665 2999 845 3063 incumbere.
901 2998 1059 3075 Rursum,
1113 2998 1208 3061 renuti
1233 3017 1345 3061 suiuus
1372 2998 1562 3062 invisibilem
1583 3004 1710 3079 patrem
1731 3020 1793 3062 reon
1815 2999 1907 3077 alibi,
1934 3019 2031 3079 quam
2056 3000 2092 3062 in

78 3086 154 3168 quia
185 3106 254 3150 nou
287 3084 387 3149 made
411 3082 565 3161 arduum,
600 3083 658 3148 sed
684 3104 816 3165 prorsus
844 3104 944 3165 supra
975 3085 1060 3149 vires
1112 3082 1171 3147 bac
1198 3084 1334 3166 imaqine
1360 3084 1569 3165 qmuercdum
1595 3104 1668 3148 esse.
1716 3085 1785 3165 era
1813 3085 1850 3148 cle
1878 3106 1913 3149 rc
1938 3086 2093 3167 eleqauter

78 3180 236 3253 extraque
263 3191 395 3235 omnem
418 3177 567 3234 nestram
587 3170 775 3234 facultatem
797 3177 847 3234 est
869 3170 976 3252 legem
997 3170 1060 3232 im-
1113 3168 1332 3251 Auqustinus,
1347 3168 1371 3253 ¹)
1395 3171 1450 3251 qui
1471 3171 1509 3234 cle
1527 3170 1603 3250 fidei
1624 3190 1712 3250 scopo
1732 3172 1904 3248 luseram,
1931 3171 2093 3235 scutulum

77 3257 168 3339 plere
189 3263 227 3320 ut
248 3257 364 3340 exigit:
394 3256 423 3321 si
445 3277 505 3320 nos
528 3256 690 3320 duntaxat
710 3256 797 3336 ipsos
820 3257 1003 3333 intuemur,
1027 3263 1060 3319 et
1111 3275 1176 3319 esse
1197 3256 1295 3319 truclit
1315 3275 1376 3335 quo
1396 3257 1439 3319 sit
1459 3257 1595 3320 cunctum
1616 3261 1643 3320 et
1663 3277 1743 3336 qua;
1770 3261 1836 3321 tum
1862 3258 2004 3320 corticano
2020 3262 2092 3339 post

78 3363 164 3425 quae
190 3342 316 3407 meritis
345 3343 465 3407 nestris
492 3338 592 3424 digna
619 3343 662 3407 sit
689 3340 831 3407 conditio
858 3348 1058 3424 reputamus,
1111 3341 1241 3424 colliqit‚
1274 3341 1521 3406 munitissimam
1548 3343 1700 3406 adversus
1728 3363 1832 3407 mrures
1859 3363 1980 3407 errares
2005 3343 2090 3406 viam
2126 3409 2128 3413 ,

77 3427 165 3491 nihil
187 3427 290 3490 bonae
311 3430 379 3510 spei
401 3450 471 3493 esse
491 3428 669 3509 reliquum,
700 3426 758 3491 sed
780 3449 800 3491 a
820 3426 894 3492 Deo
917 3427 1059 3492 abiectos
1111 3448 1175 3491 esse
1196 3427 1325 3492 eundem
1342 3426 1447 3491 Deum
1468 3433 1497 3492 et
1516 3427 1676 3492 laminam.
1720 3428 1825 3491 Deum
1842 3429 1927 3493 euim
1943 3448 2009 3493 esse
2029 3449 2090 3511 qno

76 3514 137 3578 sub
171 3517 293 3577 aeterno
320 3516 447 3578 iuterim
476 3515 586 3578 iacere.
640 3513 713 3577 Hoc
742 3515 832 3577 tertio
861 3512 1059 3596 explicatum
1110 3513 1278 3590 tendimus,
1309 3513 1462 3577 lemniaem
1491 3533 1553 3594 qua
1580 3515 1680 3581 imus:
1708 3519 1873 3594 utrumque
1899 3519 2001 3578 autem
2029 3535 2091 3579 non

77 3601 140 3664 fuit
162 3619 264 3663 uuam
287 3620 356 3663 esse
374 3600 568 3665 liberationis
591 3600 752 3663 rationem
774 3620 853 3679 quae
875 3620 931 3663 nos
952 3622 973 3664 a
992 3605 1059 3663 tam
1110 3599 1176 3662 nisi
1198 3600 1233 3661 in
1248 3598 1369 3662 Olrristo
1391 3601 1538 3663 inveniri.
1567 3596 1631 3665 Nec
1652 3621 1723 3665 uero
1747 3600 1879 3679 Paulus,
1900 3603 1976 3666 dum
1995 3601 2090 3680 belem

76 3688 196 3750 mucra
217 3685 394 3749 calamitate
414 3692 518 3751 eruat.-
539 3687 593 3749 ubi
611 3690 744 3765 apparet
759 3683 903 3749 Glirislrus
920 3686 1059 3764 rectemp
1109 3705 1185 3767 erpa
1211 3683 1317 3748 Deum
1338 3685 1518 3765 praecluet,
1548 3687 1584 3749 in
1609 3687 1715 3750 animo
1743 3686 1830 3750 lcobet
1858 3693 1986 3750 mertare
2008 3686 2089 3766 quael

76 3774 133 3851 tor,
150 3791 213 3853 per
230 3772 323 3837 cuius
334 3791 463 3836 manum
480 3772 616 3836 coelestis
628 3776 730 3852 pater,
747 3792 811 3852 pro
828 3791 888 3834 sua
905 3771 1059 3835 immensa
1110 3772 1198 3834 toties
1224 3771 1360 3835 inculcat
1385 3771 1423 3834 ele
1442 3771 1517 3852 lide,
1544 3792 1624 3852 quac
1652 3778 1746 3836 tetam
1772 3793 1865 3836 snam
1891 3770 2089 3835 stabilitatem

76 3859 210 3923 bmitutc
235 3861 265 3922 et
285 3857 442 3923 ammeta
463 3859 563 3921 nostri
583 3858 743 3935 misertus,
771 3876 950 3922 aucurrere
971 3856 1059 3920 nabis
1109 3856 1198 3920 lrabet
1230 3857 1264 3920 in
1299 3855 1428 3922 Ourna.
1482 3856 1597 3922 Petrus
1630 3879 1700 3923 aero
1730 3860 1892 3938 aptissime
1923 3861 2089 3937 ubicmque

76 3945 190 4009 uelud:
222 3943 379 4026 siqurilem
410 3949 438 4008 el
469 3943 573 4008 solida
603 3943 665 4024 bele
697 3943 947 4007 misericordiam
978 3942 1058 4006 lrorrc
1109 3944 1267 4021 musnet,
1307 3944 1411 4007 dicem
1440 3963 1502 4022 per
1541 3945 1647 4023 ipsmn
1681 3964 1735 4008 nos
1767 3944 1803 4006 in
1834 3943 1938 4006 Deum
1970 3943 2089 4007 credere

75 4030 307 4110 amplectimur,
340 4035 368 4094 et
399 4031 435 4093 in
463 4031 536 4109 ipsa
564 4031 717 4093 constanti
744 4050 798 4111 spe
825 4029 1056 4108 acquiescimus.
1110 4027 1142 4111 (l
1163 4028 1253 4093 Petr.
1279 4035 1304 4105 l,
1325 4029 1390 4111 21).

74 4114 147 4181 Hoc
169 4137 247 4182 vero
268 4136 356 4180 nnnc
374 4114 560 4198 expendere
578 4115 739 4192 convenit,
763 4114 868 4197 qualis
886 4135 957 4178 esse
975 4114 1056 4179 hace
1195 4119 1223 4178 2.
1255 4114 1381 4199 ²)lquc
1401 4114 1463 4179 hoe
1485 4114 1618 4192 malum,
1641 4122 1678 4177 ut
1696 4113 1760 4178 alia
1777 4115 1959 4192 innumera,
1984 4112 2088 4179 Sche-

74 4200 155 4267 fides
177 4199 302 4281 debeat,
325 4221 385 4284 per
406 4221 504 4284 quam
528 4201 623 4285 regni
645 4202 795 4265 coelestis
818 4200 1056 4282 possessionem
1107 4199 1231 4267 lestinis
1258 4208 1425 4282 acceptum
1452 4200 1567 4265 referri
1594 4222 1654 4282 par
1680 4208 1744 4278 est,
1773 4201 1829 4282 qui
1856 4201 1938 4265 uelut
1964 4200 2088 4264 obdmto

75 4286 198 4352 adeunt
229 4289 415 4370 quicunque
448 4286 592 4369 adoptati
625 4295 704 4351 sunt
736 4309 756 4351 a
782 4286 855 4350 Dee
887 4286 922 4349 in
954 4286 1054 4351 filios:
1107 4286 1172 4350 celo
1196 4286 1356 4351 Christum
1377 4292 1529 4366 texerunt,
1557 4288 1593 4350 in
1621 4288 1712 4350 acius
1738 4287 1886 4351 intuitum
1912 4287 1978 4350 nisi
2004 4291 2087 4348 recta

74 4373 205 4456 quando
227 4381 338 4438 tantae
361 4375 409 4438 rei
431 4373 621 4439 efficiendae
642 4394 708 4436 nen
731 4371 911 4455 quamlibet
931 4373 1055 4454 opinio·
1108 4373 1218 4436 intenti
1243 4373 1360 4450 simus,
1389 4394 1451 4454 per
1472 4372 1585 4438 meritos
1612 4372 1802 4454 labyrinthos
1828 4391 1948 4453 senrper
1973 4371 2087 4452 uuqari

74 4480 151 4524 nem
184 4468 243 4524 aut
275 4462 375 4525 etiam
402 4461 647 4542 persuasionem
672 4479 786 4541 parem
816 4480 885 4523 csse
917 4466 1053 4523 constat.
1107 4458 1263 4540 corrtinqct.
1294 4459 1531 4541 Praeterquam
1554 4480 1623 4523 cero
1645 4456 1731 4541 qued
1749 4458 1927 4541 caliginosa
1949 4477 2009 4519 sua
2031 4455 2087 4520 de·

75 4545 185 4627 Atque
207 4566 245 4609 eo
266 4546 389 4609 maiore
411 4565 490 4610 eura
511 4553 545 4610 et
566 4544 672 4609 studio
684 4544 885 4626 dispicienda
901 4551 951 4608 est
962 4544 1055 4609 nobis
1107 4544 1254 4608 finitione
1276 4550 1378 4610 tetam
1395 4546 1464 4609 rim
1485 4543 1562 4609 fidei
1584 4545 1737 4609 deterunt
1759 4563 1797 4609 ac
1809 4544 1875 4625 fere
1892 4543 2085 4621 stimulent,

74 4638 108 4695 et
129 4631 340 4713 disqmrenda
362 4651 521 4715 germana
540 4631 619 4695 fidei
639 4631 833 4713 proprietas,
857 4651 922 4712 quo
943 4631 1054 4713 perni-
1107 4635 1307 4696 commentrm
1326 4631 1538 4713 fabricarunt,
1566 4631 1736 4712 implicitae
1756 4630 1848 4710 fidei,
1876 4648 1936 4707 qno
1963 4629 2093 4713 nomine,

74 4718 192 4781 ciosier
213 4716 310 4781 hodie
331 4728 382 4783 est
403 4718 439 4781 in
461 4717 524 4782 hae
534 4726 629 4802 perte
641 4717 821 4780 multorum
832 4714 1053 4781 hallucinatio.
1107 4717 1341 4782 massissimam
1362 4719 1572 4800 iqnorautiam
1596 4720 1741 4781 arctantes
1760 4715 1894 4780 miserae
1910 4712 2085 4794 plebeculae

75 4800 249 4884 Siquidem
266 4802 352 4868 bona
370 4825 449 4889 pars
466 4804 562 4881 orbis,
587 4803 699 4868 audito
718 4803 789 4867 eius
807 4802 946 4880 nemine,
969 4801 1055 4866 nihil
1107 4823 1177 4867 cum
1197 4823 1313 4886 maqua
1329 4804 1470 4884 pernicie
1487 4802 1632 4867 lludunt.
1667 4800 1736 4865 lma
1756 4803 1805 4886 (nt
1820 4801 1926 4866 aerius
1947 4804 1975 4864 et
1995 4820 2086 4880 aper-

442 2015 593 2083 enrur
614 2018 660 2083 n
678 2019 704 2102 1)

75 4888 174 4990 ultius
195 4890 335 4973 concipit
355 4912 455 4974 quam
476 4890 649 4975 vulgarem
666 4888 830 4973 quendam
848 4889 1055 4971 evangelicae
1106 4891 1171 4954 tius
1191 4890 1294 4955 dicam
1316 4891 1397 4971 quocl
1414 4910 1465 4953 res
1481 4894 1539 4972 est)
1561 4893 1762 4954 commatum
1782 4887 1836 4954 loc
1856 4908 1970 4953 veram
1987 4886 2086 4952 fidem

75 5065 280 5073 --—--—.—..
1108 5066 1238 5071 —-—

144 5179 173 5247 1)
191 5180 256 5235 Huc
273 5183 438 5235 monetatum
459 5181 542 5235 babes
556 5181 746 5250 praecedentis
763 5180 892 5236 editionis
912 5177 1000 5246 Caput
1025 5178 1054 5232 V.
1176 5179 1206 5247 1)
1232 5181 1306 5233 Libr.
1326 5181 1367 5232 11.
1395 5181 1428 5233 de
1453 5181 1554 5234 civitat.
1579 5181 1628 5233 Dei
1656 5197 1677 5234 e.
1702 5180 1726 5234 2.
1797 5180 1828 5249 2)
1856 5181 1904 5235 Aa
1926 5183 1948 5248 ς.
1972 5182 1990 5234 2
2013 5187 2038 5234 et
2059 5179 2083 5232 3.

73 5249 122 5304 scd
139 5253 218 5304 saria
235 5256 344 5304 aucum
361 5256 386 5305 et
402 5251 607 5318 trementem.
876 5285 877 5289 ,
1107 5249 1141 5316 ct.
1159 5264 1247 5318 aspra
1264 5250 1333 5304 dieti
1352 5248 1416 5317 Gap.
1434 5250 1463 5304 V.
1483 5252 1506 5317 §.
1524 5250 1551 5305 2.
1567 5249 1609 5303 34.
1628 5248 1670 5303 35.
