4672 5842
82 281 143 370 an
360 305 532 371 muru
575 305 897 373 enarramus
919 305 1083 373 uanus
1105 304 1169 372 sn
1192 304 1422 373 saturnu.
1468 305 1566 371 oar.
1589 304 1688 370 rur.
1718 305 1814 370 ΧΠ.
2020 313 2081 374 942

170 495 220 554 21.
265 491 410 557 Habebit
436 500 607 576 praeterea
628 495 683 576 qui
711 494 797 560 hanc
823 495 948 559 tenebit
969 495 1056 559 solu·
1110 494 1370 560 animadvertere
1392 495 1545 559 ‹aonvenit
1566 493 1644 576 quid
1666 495 1708 560 sit
1728 502 1977 561 sacramentum.
2020 497 2082 562 Vi-

83 579 223 655 tionem,
255 599 318 660 quo
351 578 508 642 adversus
541 578 764 661 improborum
794 580 974 645 calumnias
1001 601 1056 646 eos
1110 580 1205 644 detur
1226 589 1336 645 autem
1357 581 1440 643 mihi
1462 580 1542 646 haee
1564 580 1704 664 simplex
1727 588 1760 644 et
1781 581 1914 663 propria
1935 583 2003 647 fore
2025 582 2081 648 de·

83 662 237 728 defendat
263 664 318 745 qui
341 686 382 727 ex
410 664 634 729 monachismo
656 666 698 730 ad
730 666 905 730 honestum
927 665 1057 749 aliquod
1108 667 1224 744 finiti0,
1248 667 1276 731 si
1299 664 1487 744 dixerimus,
1512 675 1684 730 externum
1706 687 1777 730 esse
1799 667 1993 752 symbolum,
2017 689 2081 750 quo

81 749 216 815 vivendi
238 770 342 832 genus
370 749 560 815 concedunt.
605 751 745 817 Fractae
767 750 844 815 fidei
866 759 899 816 et
920 752 1057 834 periurii
1109 751 1354 817 benevolentiae
1377 772 1455 835 erga
1477 772 1537 815 nos
1563 772 1640 817 suae
1662 752 1892 834 promissiones
1915 754 2081 818 conscicn-

82 836 228 986 ἱππήων
250 842 459 914 accusantur,
488 835 574 918 quod
596 837 778 914 vinculum,
808 844 844 901 ut
865 837 963 921 vulgo
986 859 1056 903 cre·
1109 839 1163 902 tiis
1185 838 1304 902 nostris
1325 839 1488 902 Dominus
1510 836 1673 920 obsignat,
1697 835 1738 900 ad
1759 838 1984 903 sustinendam
2005 839 2082 904 fidei

107 923 188 999 tur,
216 918 407 1000 insolubile,
438 943 502 1004 quo
529 930 624 986 erant
644 922 728 987 Deo‘
745 932 778 987 et
800 923 953 989 ccclesiae
975 923 1056 988 obli·
1108 932 1241 988 nocuae
1272 923 1544 997 imbecillitatem,
1584 930 1617 986 et
1654 945 1713 987 nos
1746 924 1891 989 vicissim
1924 926 2082 1006 pietatem

82 1007 160 1091 gati,
196 1006 393 1088 abruperint.
444 1008 490 1071 At
522 1028 582 1090 ego
608 1009 738 1073 nullum
766 1009 867 1073 fuisse
888 1009 1057 1074 vinculum
1109 1030 1188 1091 erga
1215 1031 1290 1073 eum
1317 1017 1464 1073 nostram
1490 1014 1554 1071 tam
1582 1030 1685 1073 coram
1718 1030 1750 1074 eo
1782 1015 1810 1073 et
1844 1010 1962 1092 capelia
1986 1031 2082 1091 qaam

82 1093 164 1170 dico,
187 1091 243 1156 ubi
266 1091 352 1174 quod
375 1092 470 1157 homo
493 1095 674 1169 confirmat,
698 1096 791 1159 Deus
809 1096 953 1178 abrogat.
987 1096 1057 1160 De·
1109 1094 1197 1177 apud
1218 1095 1367 1158 homines
1393 1102 1562 1159 testamur.
1607 1095 1702 1159 Licet
1724 1096 1823 1159 otiam
1850 1096 1971 1159 maiore
1993 1117 2081 1161 com-

82 1178 175 1255 inde,
205 1186 243 1242 ut
265 1177 379 1243 demus
406 1179 506 1243 fuisse
529 1179 702 1263 obligatos,
733 1202 834 1263 quum
853 1182 1056 1264 ignoratione
1111 1179 1226 1262 pendio
1257 1181 1351 1244 aliter
1379 1179 1530 1244 definire:
1566 1188 1603 1243 ut
1633 1187 1767 1245 vocetur
1797 1179 1926 1245 divinae
1954 1183 1988 1245 in
2021 1202 2081 1246 uos

80 1264 147 1329 Dei
170 1270 202 1327 et
226 1285 335 1328 errore
356 1264 505 1346 impliciti
528 1272 734 1345 tenerentur,
757 1288 861 1343 nunc,
884 1269 1057 1349 postquam
1108 1267 1233 1348 matisc
1272 1266 1497 1330 testimonium
1536 1272 1671 1330 externo
1711 1267 1804 1348 signo
1843 1268 2080 1346 confirmatum,

81 1350 231 1416 veritatis
253 1349 371 1413 notitia
396 1360 473 1414 sunt
493 1349 686 1429 illuminati,
715 1352 812 1416 simul
836 1351 960 1417 Christi
982 1373 1057 1435 gra-
1110 1373 1186 1417 cum
1218 1359 1334 1416 mutua
1361 1359 1491 1416 nostrae
1518 1373 1597 1434 erga
1631 1353 1740 1435 ipsum
1768 1352 1899 1432 pietatis
1927 1354 2081 1417 testifica·

81 1437 130 1500 tia
158 1435 270 1500 liberos
292 1457 363 1500 esse
386 1435 465 1501 dico.
504 1437 590 1500 Nam
609 1439 636 1502 si
658 1445 784 1502 tantam
804 1439 979 1503 efficaciam
997 1437 1057 1502 ha·
1110 1438 1206 1502 tione.
1256 1437 1456 1502 Utrumlibet
1482 1459 1522 1501 ex
1552 1437 1603 1502 his
1631 1437 1872 1502 definitionibus
1895 1437 2011 1521 eligas,
2040 1438 2081 1503 ab

30 1555 34 1560 ‚
81 1521 137 1587 bct
166 1540 248 1584 crux
270 1519 410 1599 Christi,
444 1531 481 1585 ut
510 1543 529 1584 a
557 1522 640 1606 legis
663 1523 791 1589 divinae
819 1523 1056 1601 maledictione,
1109 1522 1166 1586 illa
1193 1524 1388 1606 Augustini,
1421 1543 1504 1604 quae
1538 1530 1777 1588 sacramentum
1806 1544 1876 1586 esse
1906 1523 2007 1586 tradit
2034 1523 2082 1588 rei

82 1627 146 1690 qua
169 1607 271 1672 vincti
293 1606 528 1685 detinebamur,
551 1630 610 1673 nos
633 1608 788 1687 absolvat,
812 1617 935 1691 quanto
951 1610 1057 1692 magis
1110 1629 1220 1673 sacrae
1249 1609 1376 1674 visibile
1405 1609 1550 1691 signum,
1579 1617 1635 1672 aut
1656 1607 1829 1673 invisibilis
1856 1608 1982 1691 matisc
2003 1609 2081 1673 visi-

81 1693 123 1758 ab
151 1693 318 1757 extraneis
346 1693 485 1758 vinculis
515 1694 612 1777 (quae
639 1694 723 1759 nihil
752 1702 829 1759 sunt
856 1717 954 1778 quam
982 1715 1056 1776 cap-
1111 1694 1207 1758 hilem
1229 1695 1382 1771 formam,
1410 1717 1508 1759 sensu
1530 1694 1612 1758 nihil
1635 1694 1757 1772 differt;
1787 1715 1856 1758 rem
1879 1714 1955 1757 vcro
1978 1695 2083 1776 ipsam

81 1781 166 1844 tiosa
188 1787 321 1843 satanae
343 1780 440 1863 retia)
462 1801 521 1844 nos
543 1779 655 1844 eruet?
700 1779 957 1864 Quibuscunque
979 1801 1057 1863 ergo
1109 1780 1227 1844 melius
1249 1801 1286 1845 ac
1308 1781 1428 1846 certius
1450 1780 1599 1862 explicat.
1643 1780 1729 1844 Nam
1751 1800 1851 1861 quum
1873 1780 1909 1842 in
1929 1779 1988 1842 illa
2009 1779 2082 1843 hre-

82 1864 237 1930 Christus
269 1864 432 1947 evangelii
464 1866 515 1930 sui
547 1866 619 1931 luce
646 1866 797 1949 affulget,
828 1888 893 1930 non
921 1865 1057 1931 dubium
1109 1866 1211 1929 vitate
1239 1866 1283 1930 sit
1311 1867 1419 1948 aliqua
1441 1867 1635 1944 obscuritas,
1664 1867 1785 1947 inqua
1811 1865 1905 1928 multi
1935 1862 2083 1930 rudiores

82 1959 141 2029 est,
160 1950 237 2032 quin
256 1950 296 2013 ab
314 1950 466 2015 omnibns
484 1972 538 2015 eos
556 1952 680 2034 laqueis
700 1951 860 2034 expediat,
883 1950 999 2034 quibus
1022 1973 1057 2017 se
1109 1951 1367 2029 hallucinantur,
1395 1952 1485 2018 volui
1507 1949 1655 2033 pluribus
1678 1951 1785 2015 verbis
1806 1951 1986 2032 pleniorem
2008 1949 2082 2014 red·
2195 2025 2204 2037 .

82 2058 142 2120 per
168 2036 430 2117 superstitionem
458 2035 644 2101 induerant.
689 2036 886 2120 Quanquam
909 2060 969 2103 nec
991 2037 1056 2103 illis
1109 2036 1185 2102 dere
1208 2038 1413 2115 sententiam,
1438 2059 1479 2101 ne
1501 2036 1579 2120 quid
1601 2036 1812 2101 dubitationis
1834 2036 1993 2100 haereret.

82 2123 174 2187 deest
194 2121 299 2185 altera
321 2120 480 2199 defensio,
508 2124 536 2186 si
559 2121 599 2186 ad
622 2123 816 2189 caelibatum
837 2145 902 2187 uon
924 2124 1058 2188 fuerunt
1195 2127 1223 2187 2.
1269 2122 1344 2204 Qua
1379 2125 1504 2187 ratione
1534 2122 1729 2187 vocabulum
1760 2122 1823 2186 hoc
1850 2123 2084 2203 usurpaverint

81 2208 198 2273 idonei.
243 2207 330 2270 Nam
353 2207 380 2272 si
405 2219 517 2273 votum
543 2209 742 2292 impossibile
766 2216 892 2274 eertum
914 2216 964 2272 est
986 2209 1056 2273 ani-
1109 2217 1236 2274 veteres
1258 2209 1292 2272 in
1316 2231 1352 2273 eo
1375 2213 1482 2286 sensu,
1506 2230 1572 2272 non
1595 2216 1645 2272 est
1667 2205 1849 2273 obscurum.
1894 2207 1981 2271 Nam
2002 2229 2081 2290 quo·

80 2315 154 2358 mae
182 2293 335 2370 exitium,
366 2315 463 2375 quam
486 2304 650 2359 servatam
671 2294 744 2360 vult
765 2295 870 2373 Deus,
894 2316 961 2359 uon
981 2316 1056 2377 per·
1109 2296 1170 2359 ties
1200 2316 1350 2377 graecam
1378 2316 1490 2360 vocem
1511 2293 1672 2377 μυστήριον
1694 2293 1794 2357 latine
1816 2292 1952 2357 reddere
1980 2293 2082 2358 voluit

82 2380 198 2457 ditam,
232 2379 379 2460 sequitur
407 2381 442 2442 in
465 2401 502 2444 eo
531 2381 666 2445 minime
688 2402 759 2445 esse
787 2380 1056 2463 permanendum.
1109 2391 1203 2445 vetus
1220 2382 1391 2463 interpres,
1408 2381 1600 2462 praesertim
1619 2379 1674 2443 ubi
1694 2378 1734 2442 de
1752 2379 1849 2443 rebus
1868 2377 1987 2444 divinis
2005 2400 2082 2461 age·

83 2464 193 2545 Quam
216 2471 325 2528 autem
347 2464 545 2547 impossibile
573 2466 617 2530 sit
639 2474 753 2531 votum
774 2467 993 2532 continentiae
1016 2467 1056 2531 iis
1108 2467 1221 2543 batur,
1256 2465 1425 2530 transtulit
1457 2472 1706 2531 sacramentum.
1763 2463 1820 2529 Sic
1848 2463 1890 2527 ad
1920 2464 2082 2546 Ephesios

83 2552 148 2633 qui,
162 2550 321 2633 singulari
343 2550 428 2614 dono
456 2550 595 2634 praediti
617 2573 683 2616 non
712 2561 804 2630 sunt,
828 2560 924 2616 antea
946 2552 1055 2617 docui·
1109 2553 1223 2635 (1‚9):
1251 2560 1290 2615 ut
1311 2560 1425 2615 notum
1445 2552 1566 2617 faceret
1587 2551 1680 2615 nobis
1703 2556 1943 2614 sacramentum
1966 2551 2082 2639 volun·
2143 2583 2146 2595 ·

80 2658 168 2715 mus,
193 2643 226 2700 et
248 2637 465 2718 experientia,
494 2659 547 2702 me
570 2644 715 2716 tacente,
745 2638 897 2720 loquitur.
942 2639 1056 2721 Neque
1109 2637 1185 2702 tatis
1214 2657 1300 2702 suae.
1344 2637 1430 2702 Item
1453 2637 1496 2720 (3,
1519 2636 1568 2722 2):
1598 2636 1627 2700 si
1655 2646 1767 2700 tamen
1792 2634 1928 2699 audistis
1951 2634 2096 2717 dispen·'

80 2726 169 2788 enirn
192 2731 241 2787 est
262 2722 414 2806 ignotum
436 2732 560 2805 quanta
581 2724 798 2788 obscoenitate
820 2731 966 2789 scateant
987 2745 1056 2789 om-
1109 2725 1267 2788 sationcm
1290 2725 1414 2806 gratiae
1436 2724 1514 2800 Dei,
1538 2744 1622 2805 quac
1645 2720 1721 2786 data
1742 2729 1792 2786 est
1818 2720 1901 2784 mihi
1922 2721 1956 2783 in
1978 2720 2080 2799 vobis,

80 2811 136 2874 nia
156 2810 223 2874 fere
245 2808 452 2873 monastclia.
492 2810 538 2873 Et
560 2811 587 2873 si
609 2831 674 2892 qua
696 2809 850 2875 videntur
871 2810 1057 2874 honestiora
1109 2811 1261 2892 quoniam
1290 2808 1468 2874 secundum
1498 2808 1730 2881 revelationem
1761 2816 1875 2871 notum
1902 2806 1984 2870 mihi
2015 2807 2082 2872 fao·

79 2897 249 2978 magisque
279 2894 466 2959 verecunda
498 2916 568 2960 osse
608 2895 696 2973 aliis,
730 2916 797 2960 non
836 2895 910 2961 ideo
945 2904 1057 2961 tamen
1109 2905 1178 2959 tum
1197 2904 1247 2960 est
1264 2902 1513 2961 sacramentnm.
1548 2894 1602 2959 Ad
1621 2893 1830 2959 Colossenses
1849 2891 1893 2977 (1,
1914 2892 1985 2974 2b):
2008 2914 2082 2976 my·

80 2987 170 3045 casta
187 2987 273 3055 sunt,
296 2978 381 3061 quod
403 2980 625 3064 impudicitiae
646 2981 770 3066 malum
793 2982 882 3046 intus
902 2989 1058 3066 premunt
1109 2983 1244 3046 sterium
1270 2980 1356 3064 quod
1384 2981 1608 3046 absconditum
1634 2980 1737 3043 suita
1769 2977 1905 3043 saeculis
1928 2987 1961 3040 et
1983 2998 2082 3060 gene·

81 3086 119 3129 ac
151 3064 328 3130 continent.
373 3066 426 3131 Ita
458 3067 582 3133 scilicet
610 3067 783 3132 horrendis
811 3068 969 3151 exemplis
996 3068 1056 3131 ho·
1107 3067 1296 3144 rationibus,
1316 3077 1524 3131 nuneautem
1541 3066 1786 3130 manifestatum
1797 3072 1848 3127 est
1861 3063 1983 3127 sanctis
2002 3064 2080 3142 eius,

81 3151 208 3214 minum
230 3149 399 3216 audaciam
421 3152 588 3219 ulciscitur
610 3151 712 3232 Deus,
739 3175 841 3236 quum
864 3176 941 3219 suae
963 3155 1055 3219 infir·
1107 3152 1225 3235 quibus
1254 3153 1359 3217 voluit
1386 3153 1548 3217 Dominus
1575 3159 1669 3216 notas
1691 3151 1797 3215 facere
1819 3148 1951 3213 divitias
1972 3169 2080 3214 sacra-

80 3237 205 3300 mitatis
226 3236 449 3317 immemores,
477 3249 681 3323 repugnante
703 3250 823 3305 natura
843 3239 877 3304 id
900 3240 1056 3306 affectant
1106 3239 1210 3303 menti
1236 3239 1349 3316 huius,
1373 3245 1432 3303 etc.
1477 3237 1562 3302 Item
1584 3236 1625 3301 ad
1654 3235 1863 3300 Timotheum
1892 3233 1924 3318 (l
1946 3235 2029 3298 rim.
2050 3237 2079 3313 3,

81 3321 166 3404 quod
197 3329 247 3386 est
278 3321 342 3387 illis
371 3323 583 3408 denegatum,
618 3332 651 3390 et
680 3327 874 3409 contemptis
903 3326 1055 3392 remediis
1109 3324 1177 3397 l6l:
1206 3345 1364 3408 magnum
1386 3323 1518 3407 pietatis
1546 3329 1799 3398 sacramentum,
1828 3318 1920 3384 Deus
1942 3320 2080 3384 manife-

81 3428 163 3490 quae
186 3405 347 3473 Dominus
369 3409 433 3474 illis
456 3410 497 3475 ad
518 3433 654 3476 manum
677 3411 825 3491 dederat,
849 3413 1055 3478 contumacia
1107 3417 1210 3474 status
1232 3417 1282 3475 est
1304 3411 1337 3474 in
1360 3431 1467 3475 carne.
1511 3408 1626 3472 Noluit
1647 3414 1758 3472 autern
1779 3405 1886 3471 dicere
1913 3426 2079 3485 arcanum,

82 3501 115 3558 et
135 3492 351 3559 obstinatione
380 3496 637 3562 incontinentiae
663 3498 815 3562 morbum
842 3520 997 3582 superare
1019 3518 1054 3562 se
1106 3496 1248 3580 nequid
1276 3517 1387 3560 rerum
1413 3493 1640 3579 magnitudine
1667 3494 1803 3557 inferius
1825 3490 1932 3557 dicere
1955 3491 2081 3556 videre·

80 3601 174 3662 posse
197 3579 372 3644 confidunt.
418 3580 508 3662 Quid
530 3584 619 3647 enim
647 3582 735 3647 alind
757 3605 857 3666 quam
885 3593 1053 3650 contuma-
1107 3588 1170 3646 tur.
1216 3569 1468 3647 §commentum
1490 3601 1567 3663 ergo
1588 3580 1697 3662 posuit
1716 3600 1776 3662 pro
1799 3598 1929 3655 arcano,
1953 3577 2010 3642 sed
2032 3577 2080 3640 rei

81 3667 166 3731 ciam
186 3685 256 3730 esse
275 3663 429 3746 dicemus,
452 3666 506 3732 ubi
529 3670 603 3751 quis
620 3669 806 3735 admonitus
824 3670 974 3754 coniugio
992 3669 1054 3734 sihi
1107 3689 1226 3733 sacrae.
1288 3667 1329 3731 In
1364 3689 1403 3732 ea
1446 3667 1686 3751 significatione
1723 3664 1809 3747 apud
1848 3662 2080 3728 ecclesiasticos

80 3773 164 3835 opus
192 3772 278 3828 esse,
308 3749 405 3834 idque
434 3755 495 3819 sibi
518 3777 538 3819 a
559 3753 702 3820 Domino
724 3755 859 3820 remedii
880 3755 951 3821 loco
973 3755 1052 3835 dari,
1107 3753 1280 3835 scriptores
1319 3752 1458 3818 subinde
1490 3753 1639 3818 occurrit.
1695 3749 1739 3812 Et
1775 3751 1855 3815 satis
1891 3753 1995 3810 actum
2027 3750 2079 3825 cst,

79 3860 148 3903 non
174 3835 271 3902 modo
300 3835 333 3900 id
360 3841 552 3918 contemnit,
586 3840 764 3906 sedetiam
793 3851 997 3907 sacramento
1018 3862 1053 3906 se
1106 3860 1185 3921 quae
1206 3846 1401 3904 sumomonte
1424 3846 1570 3904 vomatur
1592 3838 1678 3919 cprrd
1700 3836 1840 3912 Latinae,
1863 3833 1994 3896 Graecis
2016 3851 2081 3896 esse

80 3925 183 4009 adigit
205 3922 246 3989 ad
269 3924 512 4006 contemptum?
1105 3927 1269 4009 mastalo:
1290 3946 1370 4006 qaae
1391 3926 1576 4007 sguarymia
1595 3923 1679 3986 litem
1701 3940 1818 3984 martem
1840 3919 1972 3984 dirimit.
2017 3918 2080 3981 At-

1105 4033 1167 4094 que
1197 4011 1274 4077 hinc
1302 4013 1424 4076 factum
1452 4016 1561 4073 estut
1591 4007 1632 4071 ad
1653 4007 1747 4089 signa
1768 4005 1842 4084 illa,
1870 4025 1953 4086 quac
1976 4025 2080 4088 augu-

1106 4107 1192 4162 stam
1219 4097 1406 4162 sublimium
1435 4115 1472 4158 ac
1505 4091 1724 4158 siritualium
1752 4111 1863 4155 rerum
1891 4111 2081 4173 repraesen-

1105 4184 1264 4249 tationem
1286 4180 1453 4258 haberent,
1481 4116 1702 4243 deduceretur.
1749 4175 1845 4258 Quod
1867 4176 1966 4240 etiam
1988 4180 2082 4239 notat

413 4265 566 4332 CAPUT
586 4267 679 4332 XIV.
693 4269 718 4354 ¹)
1106 4267 1223 4335 alicubi
1245 4266 1467 4350 Augustinus:
1484 4264 1508 4350 ¹)
1535 4265 1686 4349 longum,
1708 4263 1828 4346 inquit,
1856 4276 1941 4326 esset
1969 4259 2080 4342 dispu-

443 4387 446 4393 ’
1106 4363 1177 4420 tare
1200 4354 1240 4418 de
1262 4352 1422 4418 varietate
1450 4353 1617 4436 signorum
1624 4374 1632 4429 ;
1664 4369 1871 4432 quaequam
1894 4345 2008 4412 adres
2031 4343 2080 4408 di·

371 4427 439 4508 De
472 4424 765 4511 sacramentis.
1106 4441 1201 4507 vinae
1222 4439 1397 4523 pertinent,
1421 4445 1625 4504 sacramenta
1646 4437 1863 4520 appellantur.
2008 4517 2013 4529 Ι
2071 4511 2073 4515 ι

1192 4529 1221 4590 3.
1265 4527 1369 4591 Porro
1402 4547 1443 4589 ex
1475 4525 1538 4589 hac
1571 4543 1668 4606 quam
1695 4523 1864 4606 posuimus
1891 4517 2080 4582 definitione

169 4615 194 4673 1.
242 4609 480 4677 Praedicaticna'
501 4610 653 4693 evangelii
679 4611 770 4676 aliud
784 4611 888 4693 affice
909 4617 954 4678 cst
978 4611 1054 4692 fidei
1105 4611 1331 4697 intelligimus,
1365 4631 1534 4694 nunquam
1566 4610 1635 4675 sine
1662 4614 1840 4692 praeeunte
1867 4603 2080 4688 promissione

80 4701 204 4760 mauce
228 4696 441 4761 adiuuantium
468 4697 504 4761 ia
531 4698 747 4776 rasamenta,
778 4697 818 4763 ds
845 4698 961 4781 quibus
983 4719 1053 4763 cer-
1106 4719 1176 4764 esse
1209 4706 1467 4775 sacramentum,
1495 4696 1553 4761 sed
1582 4697 1610 4760 ei
1639 4695 1749 4777 potius
1774 4701 1931 4774 tanquam
1958 4709 2080 4772 appen-

79 4790 149 4846 tam
172 4781 313 4863 aliquam
335 4782 516 4848 doctrinam
534 4781 628 4862 tradi,
652 4803 850 4867 magnopere
869 4790 981 4849 nostra
1002 4804 1054 4849 re·
1106 4783 1211 4850 dicem
1241 4784 1406 4866 quandam
1435 4780 1586 4865 adiungi,
1615 4802 1648 4847 eo
1674 4780 1737 4860 fisse
1764 4786 1803 4842 ut
1832 4776 2080 4874 promissionem

79 4870 159 4946 fert,
183 4866 366 4947 undenos,
396 4877 429 4933 et
450 4889 548 4952 quem
574 4869 611 4933 in
632 4870 731 4935 finem
753 4871 902 4935 instituta
922 4870 1052 4951 luerim,
1106 4871 1210 4952 ipsam
1233 4871 1397 4935 confirmet
1425 4890 1462 4933 ac
1491 4866 1656 4950 obsignat,
1685 4864 1842 4955 uobisque
1869 4870 2078 4939 testaborem,

79 4961 113 5020 et
134 4954 208 5037 quis
229 4973 341 5019 eorum
365 4977 453 5021 nunc
480 4978 560 5023 usus
582 4956 641 5036 sit,
669 4955 841 5022 discamus.
885 4956 1053 5041 Principio
1105 4957 1171 5021 imo
1200 4966 1308 5020 ratam
1334 4953 1569 5037 quodammodo
1596 4952 1709 5031 saciat;
1739 4970 1803 5034 quo
1831 4947 1927 5014 modo
1949 4955 2080 5012 nostrae

148 5230 176 5296 1)
198 5230 306 5283 Fuerat
323 5229 453 5283 secturae
473 5239 576 5286 sectam
593 5233 624 5287 ia
641 5233 758 5288 editione
774 5232 954 5302 praecedenti.
1078 5258 1080 5300 l
1176 5231 1204 5298 1)
1222 5231 1309 5298 Epist.
1328 5226 1352 5280 5.
1372 5228 1405 5280 ud
1425 5227 1542 5280 llazrcll.
1563 5225 1646 5290 (138).
