4672 5842
248 311 310 372 ru
742 384 753 391 ,
894 303 1161 374 1101110110
1183 304 1287 370 nun.
1310 301 1491 369 onerer.
1515 305 1607 368 roeo.
2052 268 2062 282 ”
2186 300 2251 362 ru

257 494 465 562 momoriae
486 513 603 572 emam,
625 513 706 575 quoe
726 495 762 557 ir
782 494 851 559 ittie
871 500 1017 574 operatae
1037 501 1099 574 eet,
1120 494 1226 560 trabit.
1276 490 1406 575 amitae)
1432 492 1536 554 mmsis
1561 491 1617 571 qai
1644 490 1756 554 didicit
1776 492 1873 566 verit,
1901 490 2045 570 quicquic
2070 506 2133 551 moa
2157 487 2252 582 cerii,

260 582 322 647 Sed
343 582 423 662 qaod
444 581 587 644 continuo
608 580 741 658 eubiidt,
762 581 890 644 minime
910 581 1010 644 oroitti
1030 580 1130 646 debet:
1150 581 1226 662 quio
1272 578 1407 660 profecto
1432 597 1486 640 aec
1515 576 1642 641 didicit:
1668 596 1730 639 moa
1751 581 1796 639 eet
1816 575 1914 658 iqitar
1934 592 2120 654 oomoqaems
2139 577 2175 636 at
2196 592 2252 652 qm

256 669 412 732 meemmue
428 668 502 748 quie
519 666 562 729 od
574 666 1226 746 praedestinatoramnmmermmpertimot,
1271 667 1372 746 potest
1391 664 1496 726 venire
1516 664 1609 725 otiam
1630 662 1748 738 veniat,
1771 662 1838 726 aiei
1858 661 1893 725 id
1914 661 2045 725 votamit
2066 664 2158 739 arque
2176 657 2253 738 foce·

255 754 303 817 oct
324 773 387 816 mon
402 754 571 833 pertineat,
600 754 646 815 sic
667 772 723 815 reos
744 750 832 832 affici
853 753 955 815 decere
976 758 1010 815 ot
1030 751 1228 816 1110111111-
1256 750 1335 826 2rit;
1362 748 1416 813 ced
1442 748 1544 812 ommie
1571 749 1625 827 qai
1647 747 1757 811 didicit
1779 767 1799 809 o
1814 752 1923 826 patre,
1951 767 2012 809 mor
2033 745 2135 809 sotum
2151 746 2253 824 poree

254 858 326 903 mue
352 838 454 902 coleos
479 838 559 917 (ieri.
605 837 658 901 Ito
682 838 734 916 fiet
755 843 789 900 at
810 838 953 916 quisquis
974 838 1062 902 mobis
1082 842 1226 913 occurret,
1278 836 1395 912 occire,
1421 834 1474 898 aed
1500 833 1594 897 etiam
1614 834 1712 910 oemit;
1738 832 1793 895 obi
1811 834 1878 896 iam
1898 838 1925 895 et
1941 831 2164 913 possibilitatis
2179 848 2253 909 pro·

254 944 326 990 eum
347 925 529 989 studeamus
544 923 646 1004 tacere
657 923 752 1004 pacis
767 929 947 1000 consortem·
968 924 1021 987 sed
1033 944 1103 1003 poc
1121 928 1227 986 mostra
1275 921 1386 1001 fectae,
1414 924 1443 983 et
1467 920 1635 983 voluntatis
1663 919 1792 998 affectus
1813 920 1991 982 doctioris
2012 917 2135 997 effectae
2155 915 2252 978 adest.

255 1030 350 1090 cuper
369 1010 455 1088 titios
469 1011 563 1089 pacis
584 1010 755 1089 requiescet.
799 1007 900 1090 Erqo,
929 1015 1079 1088 qtcoatum
1108 1009 1150 1072 od
1170 1027 1228 1072 moa
1279 1005 1370 1070 Alibi
1391 1007 1486 1069 etiam
1506 1006 1642 1069 ctoriae:
1656 1003 1680 1087 ¹)
1707 1004 1784 1083 qaid
1804 1008 1861 1081 eet,
1889 1004 1990 1068 orario
2010 1003 2066 1082 qai
2085 1001 2210 1065 oadioit
2229 1020 2253 1063 o

252 1098 400 1178 pertinet,
429 1095 584 1172 omnibus,
612 1115 651 1157 ae
671 1099 817 1175 pererret,
844 1095 892 1158 oet
917 1116 955 1158 re
982 1095 1062 1158 otios
1083 1095 1227 1174 perdoat,
1273 1096 1367 1173 potrc
1387 1096 1415 1155 et
1435 1091 1546 1155 didicit
1566 1091 1647 1154 vonit
1667 1089 1710 1154 ad
1731 1109 1792 1167 mc,
1820 1091 1902 1168 aiei,
1924 1090 2032 1154 madae
2052 1092 2097 1152 eet
2117 1088 2173 1167 qai
2195 1106 2254 1183 aa·

255 1182 555 1259 eatabrisetseoero,
575 1181 676 1242 inetur
692 1178 872 1257 medicinae,
894 1180 1070 1244 odlciberido
1090 1181 1147 1245 erit
1164 1200 1229 1243 eor-
1278 1179 1347 1242 dict
1368 1182 1395 1240 et
1415 1176 1515 1240 discat
1534 1196 1557 1240 a
1571 1181 1678 1255 patro,
1701 1181 1729 1238 et
1750 1196 1811 1239 rore
1833 1179 1937 1241 veriat
1957 1177 2000 1241 od
2021 1174 2093 1238 me?
2115 1174 2147 1236 si
2167 1192 2253 1236 emim

253 1268 369 1349 reptio:
398 1266 462 1330 Dei
483 1271 584 1330 ouem
606 1267 664 1328 erit
685 1265 753 1329 ittie
779 1265 887 1329 otitmn
913 1267 1015 1347 faeere
1043 1285 1118 1346 quoe
1134 1285 1229 1347 proe-
1279 1263 1457 1342 mortequi
1484 1263 1606 1326 orrdioit
1633 1284 1655 1324 o
1675 1266 1772 1341 petre
1798 1267 1826 1326 et
1852 1262 1965 1327 didicit
1991 1262 2088 1336 111111,
2112 1257 2253 1340 profecto

252 1353 344 1419 ocioit
364 1358 391 1416 et
406 1352 663 1431 praedestinavit.
1279 1349 1379 1412 orario
1405 1350 1462 1428 qai
1488 1368 1549 1412 ron
1570 1349 1650 1410 ocait
1670 1366 1732 1410 aon
1754 1349 1878 1412 audiuit
1897 1369 1920 1413 a
1935 1352 2029 1427 patre
2050 1365 2105 1410 nec
2125 1344 2253 1420 didicit,

1279 1454 1354 1497 mom
1381 1434 1411 1497 ei
1438 1435 1576 1498 audisset
1603 1438 1630 1496 d
1657 1433 1831 1511 didicisset,
1858 1435 1989 1498 oeriiret:
2016 1432 2107 1496 ootde
2133 1434 2253 1494 remoto

1279 1524 1322 1583 eet
1341 1540 1363 1583 o
1382 1518 1650 1583 rescisceres
1670 1519 1745 1582 taceo
1765 1518 1884 1596 mtoto,
1911 1521 1947 1583 im
1967 1539 2032 1598 qao
2046 1523 2140 1598 pater
2159 1514 2253 1579 audi·

251 1782 519 1865 Electionem
542 1782 693 1865 sanciri
713 1783 795 1864 Dei
818 1782 1055 1889 vocatione3
1081 1810 1227 1894 repro.
1279 1777 1360 1872 duro
1374 1776 1476 1874 Ι111111Ι
1488 1777 1654 1854 receptum
1680 1775 1749 1840 ideo
1769 1777 1882 1856 quippe
1903 1776 2066 1874 emotae,
2092 1738 2253 1869 icariis

281 1904 359 1986 bos
392 1912 536 1986 autem
568 1902 646 1985 sibi
680 1931 892 1985 accersere
925 1902 1098 2008 iustum,
1130 1902 1197 1985 cui
1279 1862 1561 2027 maim*
1569 1861 2253 2027 ffiigfflmqufflfflugamffi

439 2022 638 2104 destinati
670 2035 782 2127 sunt,
813 2022 1043 2103 interitum.
1279 2033 1393 2113 quippe
1411 2033 1490 2113 tacit
1508 2032 1594 2112 filios
1608 2032 1831 2113 munerique
1858 2039 1886 2097 et
1911 2053 1989 2098 eaeo
2010 2029 2252 2104 miserirordiae,

1280 2138 1359 2199 quae
1386 2119 1593 2199 praepararit
1623 2119 1659 2181 in
1688 2118 1840 2201 qtoriom5
1870 2141 1926 2184 cor
1957 2139 2028 2200 erqo
2059 2137 2123 2181 mom
2150 2133 2253 2180 mnam

344 2212 368 2268 l.
404 2205 471 2271 Sed
493 2220 532 2268 ut
553 2225 606 2269 res
622 2205 741 2269 melius
758 2205 929 2280 elucescat,
951 2214 1024 2269 tum
1045 2204 1086 2269 de
1108 2205 1228 2269 eleeto-
1279 2204 1362 2269 docet
1381 2209 1417 2267 at
1436 2204 1562 2268 veniant
1582 2205 1626 2269 od
1650 2202 1824 2283 Obrmtum,
1851 2207 1917 2270 aiei
1944 2205 2020 2286 qaia
2046 2221 2150 2266 01111110
2178 2219 2253 2281 quoe

253 2312 329 2357 rum
353 2291 537 2367 vocatione,
560 2303 633 2353 tum
655 2290 696 2354 de
717 2291 942 2355 excaecatione
965 2299 999 2354 et
1019 2291 1228 2355 induratione
1279 2290 1369 2367 docet,
1391 2291 1607 2354 misericordia
1628 2290 1726 2368 docet,·
1745 2311 1824 2371 quoe
1844 2297 1948 2355 01111111
1968 2310 2031 2353 mom
2051 2290 2147 2366 docet,
2170 2287 2253 2350 iudi-

254 2377 433 2460 impiorum
455 2376 618 2459 agendum
641 2386 698 2439 est.
744 2376 789 2440 Et
815 2377 853 2441 de
874 2378 984 2457 priore
1010 2377 1133 2458 quidem
1162 2379 1228 2441 iam
1279 2377 1326 2439 cio
1346 2396 1406 2438 mom
1427 2376 1534 2440 docet?
1554 2377 1702 2456 quoniam
1722 2379 1813 2439 eseiae
1833 2378 1900 2442 oait
1919 2378 2092 2453 miseretur,
2114 2379 2142 2438 et
2163 2391 2253 2453 quem

254 2463 378 2545 aliquid
394 2462 579 2543 etiamst)
601 2482 707 2525 eorum
727 2482 861 2527 errorem
882 2462 1025 2543 refellens
1046 2463 1160 2543 quibus
1177 2483 1227 2544 qe-
1277 2461 1345 2526 ooo
1366 2461 1504 2527 obdurat.
1547 2461 1652 2524 Filios
1674 2482 1752 2544 ergo
1774 2460 1836 2525 sibi
1864 2462 2030 2546 designat,
2057 2480 2096 2523 ao
2122 2469 2253 2541 petrem

252 2549 405 2615 molitos
425 2548 673 2628 promissionum
700 2548 822 2612 ridetur
850 2569 985 2629 aequore
1003 2551 1099 2612 totum
1118 2548 1227 2612 tumo-
1278 2567 1314 2611 se
1334 2548 1375 2611 iis
1396 2547 1541 2612 destinat
1557 2545 1651 2612 Deus
1673 2566 1755 2629 quos
1777 2547 1884 2631 elegit
1918 2546 2074 2628 Vocando
2096 2565 2195 2627 porro
2216 2544 2252 2606 in

252 2655 328 2701 aum
358 2654 464 2715 qeoue.
508 2632 608 2714 Atqui
641 2653 702 2696 aon
733 2632 848 2713 absque
878 2634 992 2698 detecta
1024 2633 1224 2710 electionem,
1277 2632 1435 2696 familiam
1458 2653 1512 2697 eos
1534 2654 1628 2697 suam
1650 2634 1793 2710 asciscit,
1821 2654 1859 2698 ao
1880 2655 1915 2700 se
1936 2634 2046 2716 ipsum
2071 2632 2112 2694 iis
2138 2629 2252 2694 coador-

251 2740 349 2804 quam
372 2719 407 2783 in
429 2739 464 2783 se
487 2719 557 2801 ipso
584 2718 706 2800 alioqui
733 2717 955 2783 absconditam
983 2719 1098 2793 habet,
1129 2739 1225 2784 voca-
1277 2723 1347 2797 aot,
1380 2724 1416 2783 at
1446 2718 1543 2783 eimcd
1572 2738 1673 2783 raam
1705 2722 1776 2783 eimt.
1820 2718 1934 2801 Quum
1960 2727 2070 2783 autem
2095 2713 2251 2779 electioni

251 2805 342 2870 tione
364 2804 497 2869 demum
519 2826 579 2868 sua
600 2803 694 2868 Deus
714 2805 918 2881 manifestat,
946 2825 1045 2887 quam
1072 2803 1145 2868 ideo
1167 2825 1224 2887 ap-
1276 2805 1403 2867 vocatio
1429 2804 1647 2881 subnectitur,
1676 2806 1710 2869 in
1734 2825 1809 2869 eum
1830 2806 1965 2870 modum
1987 2803 2145 2885 seripmm
2166 2800 2250 2864 satis

250 2892 374 2976 pellare
397 2891 527 2973 proprie
550 2891 626 2954 licet
648 2891 718 2953 eius
736 2890 1009 2955 testificationem.
1037 2890 1123 2954 Nam
1142 2911 1224 2972 quos
1275 2889 1402 2968 innuit,
1431 2891 1468 2954 in
1494 2911 1533 2953 ea
1559 2891 1645 2955 nihil
1666 2891 1900 2973 requirendum
1922 2900 2050 2973 praeter
2071 2886 2251 2971 gratuitam

250 2977 443 3061 puteseivit,
467 2998 521 3042 eos
544 2989 578 3039 et
600 2976 789 3058 praefinivit
810 2978 992 3041 conformes
1014 2977 1086 3041 fieri
1108 2976 1224 3058 imagi-
1277 2972 1341 3038 Dei
1363 2975 1629 3041 misericordiam.
1675 2975 1714 3041 Si
1734 2975 1824 3041 enim
1847 2978 2036 3059 quaerimus
2063 2992 2129 3056 quo
2156 2981 2251 3037 vocet

250 3063 304 3126 nis
327 3062 385 3126 filii
408 3062 475 3138 sui;
498 3083 578 3145 quoe
600 3070 711 3125 autem
733 3063 930 3143 praefinivit,
954 3083 1009 3126 eos
1030 3070 1064 3125 et
1080 3062 1223 3140 voerta
1277 3069 1311 3124 et
1331 3080 1396 3144 qua
1416 3063 1557 3140 rationo,
1579 3063 1769 3145 respondet,
1791 3083 1872 3144 quos
1893 3062 2045 3147 elegerat
2090 3058 2146 3124 Ad
2167 3058 2251 3123 elec·

249 3166 332 3229 quos
353 3148 496 3219 vocavit,
526 3168 580 3212 eos
609 3158 643 3210 et
671 3147 874 3220 iustificarit,
903 3159 942 3212 ut
962 3147 1043 3211 olim
1064 3147 1225 3231 glorificet
1276 3146 1401 3211 tionem
1422 3159 1533 3212 autem
1555 3149 1633 3212 dum
1661 3150 1809 3225 venitur,
1838 3149 1908 3214 sola
1932 3149 2000 3213 illic
2027 3142 2251 3212 misericordia

250 3232 360 3313 (Rom.
381 3235 410 3305 8,
431 3233 496 3313 29).
536 3232 649 3312 Quum
669 3254 745 3297 suos
766 3232 917 3317 eligendo
938 3234 1005 3297 iam
1026 3234 1062 3296 11
1081 3233 1224 3297 filiorum
1277 3233 1493 3315 undecunque
1515 3241 1660 3317 apparet
1705 3236 1816 3316 Atque
1843 3235 1924 3299 adeo
1951 3254 2030 3298 rere
2058 3234 2113 3296 bic
2141 3230 2250 3294 lecum

248 3316 359 3383 locum
387 3317 551 3382 Dominus
580 3317 758 3400 adoptarit,
792 3319 942 3383 videmus
974 3329 1085 3383 tamen
1117 3330 1157 3382 ut
1187 3318 1224 3382 11
1276 3318 1377 3383 habet
1397 3318 1480 3383 illud
1502 3320 1600 3384 Pauli
1627 3320 1738 3404 (Rem.
1763 3326 1791 3397 9,
1817 3320 1888 3403 16),
1918 3342 1984 3385 non
2011 3340 2082 3384 esse
2110 3316 2251 3382 volentis

248 3404 335 3468 tanti
359 3403 434 3467 boni
455 3403 693 3486 possessionem
714 3424 782 3467 non
803 3406 956 3481 veniant,
979 3405 1044 3469 nisi
1066 3404 1145 3468 dum
1166 3426 1224 3468 vo-
1276 3424 1382 3486 neque
1414 3406 1597 3483 current-is,
1631 3406 1689 3470 scd
1720 3405 1909 3470 miserentis
1940 3405 2014 3469 Dei.
2059 3404 2176 3485 Neque
2207 3400 2249 3476 id,

249 3502 382 3560 cantum
406 3498 529 3563 eontra,
549 3503 587 3553 ut
604 3488 711 3552 vocati
729 3489 868 3570 quadam
887 3491 953 3553 iam
971 3490 1224 3555 11111111θί10-
1275 3488 1550 3572 quemadmodum
1577 3492 1676 3574 vulgo
1704 3492 1869 3574 accipiunt
1896 3492 1952 3573 qui
1977 3491 2067 3554 inter
2087 3489 2154 3553 Dei
2175 3506 2249 3569 gra·

249 3574 350 3639 tionis
377 3595 456 3639 suae
478 3574 780 3638 communicatione.
825 3574 902 3654 Qua
922 3577 1049 3640 ratione
1070 3576 1224 3658 spiritum
1274 3575 1371 3654 tiam,
1400 3578 1620 3655 voluntatem,
1648 3599 1846 3658 aureumque
1875 3576 2018 3641 hominis
2046 3575 2247 3657 partiuntur.

251 3680 350 3744 quem
372 3661 545 3742 accipiunt
568 3671 601 3723 et
623 3660 805 3741 adoptionis
826 3661 989 3744 spiritum,
1012 3672 1046 3725 et
1067 3662 1222 3745 sigillum,
1274 3662 1457 3744 Exponunt
1484 3663 1587 3738 enim,
1621 3662 1820 3728 desiderium
1852 3663 1994 3727 hominis
2027 3681 2065 3726 ae
2096 3668 2249 3726 conatum

248 3758 285 3811 et
316 3745 535 3811 arrhabonem
567 3745 778 3810 haereditatis
811 3748 941 3812 futurae
974 3758 1069 3813 vocet
1097 3748 1224 3812 Paulus
1274 3747 1358 3811 111111
1379 3768 1439 3830 per
1460 3770 1495 3814 se
1517 3749 1649 3831 quidem
1670 3748 1791 3814 habere
1812 3750 1979 3825 momenti,
2001 3747 2067 3812 nisi
2086 3745 2150 3809 Boi
2171 3763 2247 3824 gra-

248 3833 360 3917 111011.
385 3840 414 3904 8,
442 3838 495 3909 lo;
517 3832 602 3914 Eph.
630 3837 656 3905 l,
683 3836 720 3894 13
743 3842 777 3895 et
799 3833 901 3917 alibi),
924 3835 1001 3915 quia
1023 3833 1147 3897 scilicet
1168 3853 1223 3896 eo-
1274 3834 1321 3898 tia
1341 3845 1578 3916 prosperentur
1585 3859 1593 3913 ;
1616 3835 1673 3899 sed
1695 3856 1797 3917 quum
1819 3835 2019 3899 adiuvantur
2039 3832 2126 3896 illius
2147 3828 2247 3891 bene-

249 3939 325 3982 rum
352 3917 503 3983 cordibus
531 3920 662 3982 firturac
689 3917 873 4000 adoptionis
900 3917 1131 3983 certitudinem
1164 3940 1223 3982 suo
1275 3916 1425 3998 dictione,
1449 3920 1569 3984 habere
1591 3942 1668 3985 suas
1690 3941 1819 4003 quoque
1840 3933 1952 4002 partes
1972 3920 2008 3983 in
2030 3913 2248 3997 comparanda

246 4004 436 4067 testimonio
458 4004 582 4068 stabilit
609 4016 643 4067 ct
669 4002 828 4087 obsignat.
876 4006 962 4069 llbm
989 4005 1047 4068 etsi
1073 4004 1222 4086 eoooqotii
1275 4004 1381 4069 salute
1410 4006 1622 4071 contendunt.
1667 4005 1818 4087 Quorum
1847 4006 2002 4070 cavillum
2026 3999 2207 4084 Augustini
2215 4001 2246 4081 2)

239 4090 495 4171 praedicatiore
516 4091 599 4172 forte
619 4090 774 4155 electiores
795 4092 933 4167 scaturit
956 4091 1033 4172 quio
1054 4095 1222 4154 1011111111-
1273 4089 1381 4156 verbis
1414 4091 1561 4156 refellere
1594 4112 1693 4174 quam
1724 4093 1807 4157 meis
1838 4092 1934 4156 male.
1978 4088 2016 4156 si
2041 4085 2126 4151 nihil
2155 4083 2247 4148 aliud

238 4175 349 4257 proba¹
377 4177 471 4239 etiam
500 4177 671 4241 comorome
699 4181 757 4251 eet,
786 4196 847 4239 moe
873 4181 950 4240 essct
970 4196 1032 4256 per
1059 4195 1092 4239 ee
1119 4175 1222 4239 solido
1272 4175 1377 4242 voluit
1404 4177 1584 4259 apostolus.
1615 4179 1679 4243 nisi
1708 4199 1775 4242 non
1802 4200 1872 4242 esse
1900 4177 1998 4243 solius
2025 4172 2168 4238 volentis
2189 4182 2248 4233 aut

242 4261 335 4326 tltee
369 4261 521 4343 prolatio.
567 4261 655 4325 Deme
682 4266 785 4324 ortem
813 4263 978 4343 efficaciter
1011 4262 1117 4326 electos
1147 4281 1222 4326 aios
1273 4263 1445 4339 currentis,
1468 4264 1533 4328 nisi
1555 4263 1642 4328 adsit
1658 4264 1843 4330 misericors
1860 4264 2034 4339 Dominus,
2057 4267 2248 4340 retorquere

242 4348 325 4413 docet
351 4352 385 4411 rt
413 4348 456 4412 ad
480 4348 574 4427 tidem
600 4347 750 4424 cddacot;
779 4347 871 4411 siniti
892 4349 1057 4412 citavimro
1085 4353 1156 4411 aute
1182 4367 1221 4412 eo
1273 4366 1466 4414 econverso
1484 4349 1603 4427 licebit,
1621 4371 1688 4414 nou
1705 4350 1807 4415 solius
1824 4370 1895 4414 esse
1911 4344 2161 4422 misericordiae,
2184 4344 2248 4406 nisi

243 4434 344 4498 certis
364 4432 490 4496 (bristi.
539 4434 601 4513 Qui
622 4453 660 4496 rc
677 4431 745 4497 Deo
766 4437 819 4510 eet,
841 4433 891 4498 liic
912 4434 994 4497 cidit
1006 4439 1138 4516 patrem,
1160 4453 1222 4497 nort
1274 4432 1359 4499 adsit
1387 4435 1541 4499 veluntas
1569 4446 1602 4500 et
1630 4458 1761 4501 oureus:
1796 4435 1882 4517 quod
1911 4435 1939 4498 si
1966 4441 2080 4516 aperte
2110 4431 2247 4513 impium

243 4520 332 4585 olias
369 4519 620 4598 1011111411).
665 4518 760 4581 ltem:
780 4520 982 4600 manifestari
1003 4540 1112 4584 nomm
1132 4524 1222 4583 taum
1273 4530 1340 4597 est,
1370 4542 1435 4584 non
1463 4520 1650 4586 dubitemus
1673 4520 1856 4604 apostolum
1878 4520 1989 4583 omnia
2008 4514 2248 4583 misericordiae

241 4603 360 4670 1111111111Ι
401 4626 419 4668 e
445 4625 522 4684 qros
548 4604 661 4668 dmtisti
687 4603 768 4666 milii
798 4605 928 4685 (loann.
956 4609 1002 4680 17,
1027 4606 1071 4687 o).
1119 4607 1221 4685 wrm
1272 4603 1410 4670 Domini
1431 4606 1517 4684 dare,
1541 4609 1663 4673 nostris
1685 4617 1795 4672 autem
1813 4604 2039 4672 voluntatibus
2056 4611 2115 4667 aut
2131 4600 2250 4667 studiis

239 4690 318 4756 stibi
340 4691 439 4754 (11101-
461 4710 548 4754 nmmo
563 4695 665 4769 potest
685 4690 790 4753 ooroire
811 4691 855 4755 ad
876 4711 924 4754 me
944 4691 1009 4754 miei
1026 4695 1118 4772 poter
1134 4711 1222 4754 mero
1272 4691 1357 4754 nihil
1387 4692 1582 4775 relinquere.
1628 4694 1670 4757 In
1698 4694 1783 4757 bane
1810 4693 2007 4757 sententiam
2033 4689 2091 4753 ille
2118 4696 2248 4752 sancms

239 4778 374 4842 careo
395 4796 464 4840 erere
492 4776 621 4857 (Ioann.
646 4781 675 4853 o,
698 4780 765 4856 ct).
815 4778 912 4856 0111111
933 4777 1033 4841 lomim
1048 4776 1222 4858 prudenter
1274 4777 1334 4841 vir.
1377 4778 1447 4842 Nec
1475 4780 1534 4862 pili
1562 4779 1701 4844 aestimo
1728 4800 1827 4861 quam
1855 4777 2016 4842 inducunt
2042 4773 2248 4858 argutiolm

239 4862 384 4944 mpardit
406 4859 659 4944 Aaqretirme,⁸)
681 4860 772 4924 ouius
793 4864 887 4928 verbo
908 4869 995 4927 arrd:
1023 4864 1053 4926 ei
1075 4862 1125 4946 (ut
1144 4862 1221 4927 dicit
1273 4883 1340 4927 non
1357 4864 1459 4928 fuisse
1477 4865 1511 4929 id
1530 4865 1695 4930 diotumm
1713 4865 1858 4930 Paulum
1875 4865 1939 4928 nisi
1960 4862 2079 4944 aliquis
2098 4861 2134 4924 in
2155 4858 2249 4923 nobie

307 5083 336 5137 ll
358 5084 428 5136 (ltim
449 5088 514 5150 top.
536 5082 583 5135 xl
591 5085 617 5136 V.
637 5085 660 5150 5.
678 5083 789 5138 22-37.
839 5084 868 5149 2)
886 5085 926 5137 ct.
946 5102 1028 5153 supra
1044 5102 1067 5137 c.
1086 5083 1128 5137 22.
1148 5091 1212 5137 sest

235 5150 271 5204 10
288 5164 316 5204 et
336 5151 374 5204 ll.
419 5152 450 5213 3)
471 5152 577 5205 bibrl.
596 5154 735 5219 depretia
754 5155 857 5205 Christi
876 5154 1079 5221 contraPelag.
1098 5153 1211 5205 010οε-
1340 5153 1370 5215 1)
1387 5155 1462 5206 Libr.
1482 5154 1516 5204 dr
1534 5154 1668 5220 praedest.
1687 5160 1841 5207 sanctorum
1860 5173 1881 5207 r.
1900 5155 1924 5207 8.
2038 5151 2070 5219 2)
2087 5152 2196 5204 libebit.
2215 5151 2247 5200 ad

231 5219 294 5275 tec
312 5237 335 5273 a
355 5220 388 5273 11
405 5231 434 5276 e
450 5221 492 5274 11.
1245 5200 1401 5277 lmese.
1420 5238 1441 5273 e.
1460 5220 1501 5272 aa.
