4672 5842
160 264 224 324 11111
811 248 1078 318 Iasrlaoalo
1100 248 1206 315 REL.
1229 246 1411 314 CHRIST.
1436 252 1528 313 1559.
2109 249 2177 311 920

159 445 305 513 Additus
333 441 428 507 sacri]
472 463 510 505 ae
539 441 708 523 opiniones
736 441 819 505 aliae
842 461 939 522 super
962 439 1060 518 alias,
1083 438 1141 503 do-
1193 447 1333 517 caverat,
1352 460 1390 504 ac
1407 439 1634 503 communione
1652 437 1694 502 ad
1712 446 1839 523 tempus
1856 441 2052 522 privaretur.
2085 434 2175 517 Quia

162 554 224 597 nec
256 532 290 593 in
323 528 521 610 profanum
555 529 703 591 omnium
735 546 884 591 errorum
914 533 1049 590 ventum
1081 534 1139 625 est
1193 533 1302 589 auton
1332 533 1404 589 erat
1424 524 1480 588 ille
1507 534 1683 606 perpetuus
1704 526 1797 600 ordo,
1821 525 1983 609 synodum
2005 522 2174 588 dimittere

162 619 213 683 Ac
232 637 272 679 ne
291 613 368 696 quid
388 614 561 697 pravitatis
581 615 796 689 omitteretur,
816 612 1018 694 ineptissimo
1041 612 1141 676 abstr-
1192 632 1362 692 nunquam
1385 609 1540 686 solebant,
1564 611 1641 692 quin
1663 611 1771 676 locum
1794 631 1831 675 ae
1848 620 1979 694 tempus
2000 611 2174 693 proximae

163 703 293 767 uentae
316 708 490 782 praetextu
512 720 588 763 cum
605 698 678 762 Deo
701 699 814 762 ludere
833 709 1017 780 coeperunt.
1054 698 1140 761 Nam
1193 696 1382 762 indicerent
1427 697 1513 760 Nam
1536 698 1720 761 universale
1738 719 1854 782 cogere
1874 697 2048 764 concilium
2071 696 2173 760 solius

162 786 475 870 inexquisitissimis
486 785 667 868 quibusque
685 783 808 849 deliciis
827 783 897 848 laus
915 785 1027 847 ieiunii
1042 805 1140 866 quae·
1192 792 1263 847 erat
1296 783 1521 866 imperatorie,
1556 782 1829 864 quemadmodum
1862 792 2025 848 testantur
2058 803 2172 846 omnes

162 875 264 938 ritur:
305 872 416 936 nullae
450 882 528 937 tune
562 871 710 935 lautitiae
744 871 928 944 sufficiunt,
969 890 1140 952 nunquam
1192 877 1340 933 vetustae
1366 868 1570 934 indictiones,
1616 868 1784 949 Quamdiu
1809 871 1942 954 vigebat
1968 870 2052 935 haec
2079 889 2173 933 seve-

162 960 269 1023 maior
291 959 436 1023 ciborum
465 957 516 1022 vel
539 958 639 1038 copia,
662 957 715 1021 vel
736 957 887 1030 varietas,
911 955 964 1019 vel
986 956 1139 1020 suavitas.
1193 955 1282 1031 ritas,
1306 977 1371 1020 non
1389 955 1464 1038 plns
1481 955 1581 1019 verbo
1593 957 1769 1039 exigebant
1786 957 1894 1022 clerici
1912 978 1932 1020 a
1948 955 2053 1038 plebe,
2071 976 2171 1037 quam

162 1044 205 1109 Iu
235 1044 294 1109 tali
323 1065 361 1107 uc
390 1053 458 1107 tam
486 1042 655 1125 splendido
682 1051 841 1125 apparatu
869 1050 988 1124 putant
1015 1063 1050 1105 se
1078 1042 1141 1105 rite
1193 1042 1342 1123 exemplo
1364 1051 1397 1106 et
1415 1062 1513 1123 opere
1535 1050 1748 1123 praestarent.
1794 1040 1882 1122 Quin
1911 1042 2015 1106 multo
2037 1039 2172 1125 rigidio-

162 1132 287 1196 servire
310 1128 391 1193 Deo.
437 1130 541 1193 Taceo
570 1126 656 1210 quod
684 1149 852 1211 nunquam
880 1127 1006 1192 foedius
1034 1149 1069 1193 se
1089 1129 1140 1191 in·
1193 1148 1245 1191 res
1278 1135 1373 1191 erant
1406 1128 1440 1190 in
1474 1149 1509 1190 se
1537 1129 1624 1210 ipsos
1651 1149 1749 1210 quam
1775 1129 1810 1191 in
1838 1128 1966 1212 vulgus.
2016 1128 2064 1193 Et
2093 1149 2171 1192 sane

210 1218 335 1300 rgitant
351 1216 405 1297 qui
428 1215 542 1279 volunt
560 1213 674 1279 haberi
696 1215 902 1279 sanctissimi.
938 1213 980 1277 In
1002 1234 1139 1285 summa,
1192 1213 1238 1277 ita
1273 1212 1364 1278 decet
1391 1220 1428 1276 nt
1455 1212 1648 1276 humaniore
1677 1223 1709 1278 et
1736 1214 1876 1291 laxiore,
1904 1223 1942 1278 nt
1972 1215 2019 1278 ite
2045 1214 2171 1296 loquar,

163 1239 217 1366 iis
244 1323 389 1367 summus
418 1312 468 1364 est
496 1300 561 1365 Dei
589 1301 710 1375 cultus,
740 1321 760 1363 a
787 1299 940 1365 comibus
966 1298 1139 1375 abstinere,
1193 1297 1364 1381 disciplina
1384 1299 1476 1380 plebs
1494 1307 1642 1382 rogatum
1665 1300 1772 1365 clerici
1794 1300 1882 1364 inter
1900 1322 1934 1365 se
1952 1301 2097 1365 acriores
2115 1322 2171 1363 er-

108 1428 118 1439 »
164 1397 198 1453 et
225 1387 290 1452 illis
318 1387 462 1469 exceptis
492 1387 627 1450 affluere
655 1388 745 1450 omui
774 1408 893 1469 genere
926 1385 1138 1450 lautitiarum.
1193 1393 1326 1449 arceant
1354 1406 1524 1461 censuras,
1558 1386 1730 1468 minusque
1758 1386 1855 1470 longe
1883 1388 1943 1451 sibi
1971 1408 2071 1469 quam
2101 1386 2171 1451 aliis

164 1474 312 1538 Rursum
334 1472 415 1536 haee
434 1473 550 1536 uitium
572 1482 622 1536 est
644 1473 803 1554 impietas,
827 1482 859 1535 et
882 1473 936 1535 vix
960 1481 1065 1535 morte
1084 1494 1140 1536 ex·
1193 1469 1395 1553 indulgeant.
1441 1470 1534 1534 Istud
1565 1479 1671 1535 totum
1693 1481 1731 1535 ut
1758 1471 1952 1537 obsoleverit
1978 1472 2063 1536 nihil
2093 1494 2173 1555 opus

164 1558 302 1643 piabilis,
326 1559 353 1622 si
372 1559 447 1638 quis
464 1559 637 1637 minimum
658 1556 756 1621 laridi
779 1566 837 1621 aut
859 1556 1010 1621 rancidae
1033 1559 1140 1623 earnis
1194 1566 1245 1620 est
1263 1557 1393 1632 referre,
1416 1577 1515 1638 quum
1535 1557 1618 1620 nihil
1640 1557 1736 1621 hodie
1758 1559 1839 1641 fingi
1857 1567 1954 1641 queat
1974 1558 2036 1623 hoc
2057 1557 2173 1622 ordine

162 1666 237 1710 cum
257 1664 340 1725 pane
363 1642 484 1708 cibario
503 1644 692 1727 gustaverit
729 1643 850 1707 Narrat
868 1643 1101 1728 Hieronymus,
1116 1642 1140 1725 ¹)
1194 1644 1300 1725 magis
1328 1643 1471 1706 effraene
1500 1662 1537 1707 ac
1564 1642 1774 1720 dissolutum3
1803 1666 1840 1709 ac
1862 1665 1900 1708 eo
1922 1644 2077 1709 licentiae
2100 1667 2173 1728 pre·

162 1730 229 1794 iam
249 1751 307 1793 suo
325 1729 453 1793 saeculo
475 1728 632 1811 quosdam
651 1731 815 1794 exstitisse
837 1730 891 1810 qui
912 1729 1032 1793 talibus
1050 1730 1141 1813 inep-
1194 1729 1284 1811 rupit
1312 1738 1349 1793 ut
1377 1737 1464 1792 totus
1489 1729 1577 1794 orbis
1606 1731 1808 1794 vociferetur.
1825 1731 1849 1813 ¹)
1896 1730 1945 1794 Ne
1971 1732 2061 1810 apud
2089 1732 2174 1810 rm

163 1816 218 1881 tiis
251 1837 326 1880 eum
355 1815 426 1878 Deo
455 1814 620 1879 luderent:
654 1817 724 1897 qui,
752 1837 794 1879 ne
821 1815 891 1879 oleo
921 1824 1141 1889 vescerentur,
1195 1814 1338 1878 rideatur
1360 1835 1496 1896 prusia
1521 1816 1642 1895 sepulta
1671 1836 1736 1881 esse
1763 1819 1864 1880 oratus
1889 1818 2081 1896 antiquitas,
2111 1838 2173 1879 rm

162 1903 252 1967 eibos
286 1898 532 1966 delicatissimos
559 1899 701 1983 undique
729 1901 847 1965 advehi
877 1901 939 1965 sibi
966 1902 1141 1977 curabant;
1194 1899 1276 1978 bris,
1304 1900 1419 1981 [ateoa
1449 1901 1635 1980 quibasdam
1663 1903 1819 1983 decipiant
1846 1903 2038 1984 simplicium
2060 1903 2171 1968 centos

163 1988 230 2052 imo
256 1995 293 2051 ut·
322 1995 459 2051 naturae
481 1989 547 2050 vim
571 1987 743 2058 inferrent,
773 1986 814 2050 ab
840 2007 943 2069 aquae
965 1998 1045 2070 potu
1069 1987 1142 2052 abs·
1193 1987 1249 2050 sert
1275 2007 1354 2067 quae
1382 1986 1425 2050 ad
1455 1992 1585 2051 cetratos
1613 2009 1714 2052 maes
1741 1989 1841 2052 nihile
1862 1990 2000 2070 proprius
2026 1990 2174 2053 aeream

163 2073 333 2149 tinebant,
374 2072 430 2136 sed
475 2094 592 2136 suaves
628 2072 850 2155 pretiosasque
889 2074 1142 2138 sorbitiunculas
1166 2112 1169 2171 Ι
1193 2093 1288 2154 ptam
1309 2073 1422 2136 umiae
1443 2072 1611 2136 aemulatio
1632 2074 1675 2137 art
1696 2074 1731 2138 id
1751 2075 1834 2155 qaod
1854 2075 1973 2138 ratione
1994 2080 2023 2138 et
2044 2075 2173 2140 cenatio

163 2160 235 2224 fieri
266 2159 328 2223 sibi
350 2159 523 2229 curabant.
553 2180 634 2240 quus
659 2180 724 2223 uon
749 2180 790 2222 es
813 2158 913 2224 calice
937 2159 1140 2234 hauriebant,
1166 2184 1169 2196 ·
1192 2158 1314 2239 saeirtnt
1330 2156 1477 2222 leminea.
1509 2158 1722 2223 armabitis
1739 2165 1784 2223 est
1799 2161 1887 2242 apud
1903 2159 2172 2243 Xenophontem)

162 2244 221 2310 sed
244 2243 377 2309 coneha.
423 2243 521 2324 Quod
544 2243 661 2308 vitium
684 2253 762 2310 tune
784 2245 818 2308 in
841 2245 954 2327 paucis
976 2258 1054 2321 erat,
1084 2245 1142 2309 ho-
1166 2210 1169 2323 Ι
1195 2245 1294 2322 aaa,
1322 2243 1377 2308 abi
1397 2245 1495 2322 docet,
1522 2266 1618 2331 antm
1646 2247 1780 2326 turpiter
1799 2247 2032 2329 depeneraasent
2056 2246 2174 2312 Persae

164 2330 216 2395 die
239 2329 376 2412 vulgare
397 2339 445 2394 est
469 2331 556 2393 inter
578 2351 691 2396 curuos
715 2330 846 2394 divites:
871 2342 908 2394 ut
930 2331 1053 2396 scilicet
1075 2353 1141 2395 non
1165 2338 1170 2455 q
1194 2352 1216 2395 a
1237 2330 1396 2394 maiorum
1417 2330 1578 2405 imonis,
1600 2337 1628 2396 et
1647 2331 1686 2395 ab
1708 2337 1832 2396 antero
1855 2333 1978 2396 crieeudi
1996 2354 2111 2416 aenon
2133 2334 2173 2398 ad

163 2416 228 2481 alio
250 2417 315 2479 fine
334 2416 478 2479 ieiunant
498 2417 561 2479 nisi
579 2427 615 2480 ut
638 2416 760 2480 lautius
783 2417 983 2499 nitidiusque
1006 2417 1141 2499 epulen·
1193 2415 1354 2481 modeim
1374 2419 1404 2481 et
1423 2415 1555 2482 detieim
1570 2417 1717 2498 prolapsi
1738 2424 1844 2496 maest,
1865 2423 1901 2482 nt
1920 2423 2022 2485 m
2043 2420 2174 2484 dam

161 2507 224 2565 tur.
271 2498 338 2564 Sed
368 2501 444 2565 nolo
466 2501 608 2566 multum
632 2501 806 2567 verbonmi
829 2503 1025 2585 profundere
1047 2504 1082 2566 in
1105 2525 1141 2568 re
1192 2502 1247 2567 boc
1263 2506 1401 2585 teperet,
1412 2503 1538 2584 priscos
1559 2505 1640 2566 rrae
1659 2504 1766 2569 sedule
1782 2524 1929 2569 oeroacoe
1964 2502 2172 2586 Numquam

54 2642 61 2652 .
160 2608 228 2652 non
249 2584 328 2650 adeo
351 2584 458 2650 dubia.
495 2587 567 2652 Hoc
587 2596 715 2652 tantum
739 2587 820 2659 dieo.
844 2611 920 2653 enm
942 2590 977 2653 in
1000 2589 1140 2665 ieiuniis,
1195 2586 1273 2671 Gyri
1293 2592 1427 2671 tmpore
1448 2607 1579 2669 emaqtte
1599 2591 1714 2672 ciperet
1735 2590 1886 2655 sobrietas
1906 2596 1934 2655 et
1952 2593 2174 2670 temperantia,

159 2678 230 2738 tum
253 2673 288 2735 in
312 2673 465 2738 omnibus
484 2674 555 2736 aliis
574 2673 764 2755 disciplinae
787 2675 935 2758 partibus
955 2674 1035 2739 adeo
1058 2675 1141 2739 nihil
1193 2680 1229 2737 nt
1248 2674 1374 2757 mrrrrpi
1390 2694 1469 2754 opus
1487 2695 1547 2738 nen
1566 2680 1651 2752 esset,
1674 2681 1765 2756 aque
1785 2678 1880 2740 etiarn
1895 2675 2005 2757 probi
2024 2676 2089 2740 loeo
2111 2677 2174 2738 du-

159 2759 249 2831 reeti
273 2757 355 2822 nihil
381 2760 515 2833 sinceri,
539 2759 621 2824 nihil
645 2759 728 2825 bene
750 2760 921 2842 compositi
944 2783 981 2825 ue
999 2761 1140 2825 ordinati
1192 2765 1326 2837 ceretnr,
1348 2760 1436 2839 apud
1451 2763 1592 2841 podera
1613 2760 1742 2825 aaran
1763 2762 1873 2846 reticio
1893 2782 1928 2825 ne
1948 2763 2020 2841 quate
2040 2781 2173 2826 meacm

159 2843 281 2909 habore
313 2846 473 2927 papistas,
503 2855 541 2908 ut
568 2844 778 2927 superbiendi
806 2847 1011 2911 occasionem
1039 2848 1140 2911 ullam
1193 2867 1209 2910 e
1231 2845 1364 2910 mutas
1387 2844 1533 2923 traheret,
1556 2846 1678 2912 sorbere
1698 2868 1768 2912 cero
1784 2853 1813 2912 et
1842 2850 1923 2913 tm
1942 2846 2025 2912 alere
2047 2846 2092 2910 ad
2109 2869 2176 2927 pu-

159 2929 319 3007 habeant,
348 2933 441 3013 qnasi
464 2929 585 3013 aliquid
608 2931 772 3014 reliquum
795 2933 838 2996 sit
860 2932 946 3014 apud
969 2954 1023 2997 eos
1045 2931 1142 2998 laude
1192 2932 1341 2996 tredinern
1363 2952 1461 3012 nsqae
1480 2931 1610 3013 foetidos
1631 2932 1774 2999 brumes
1794 2953 1872 3017 qnos
1888 2953 1927 2999 er
1946 2932 2087 3016 inplraie
2104 2953 2176 2998 eea

159 3015 307 3100 dignum.
1193 3022 1366 3096 taceant,
1382 3020 1584 3098 pemissnm.
1630 3018 1683 3083 Ita
1709 3040 1747 3083 er
1768 3025 1866 3085 vetere
1880 3023 2043 3102 praecepto
2065 3039 2176 3083 urceos

247 3105 297 3163 22.
343 3101 500 3185 Sequitur
528 3103 630 3167 altera
658 3124 736 3187 pars
762 3102 969 3187 disciplinae,
993 3126 1076 3186 quae
1098 3103 1140 3169 ad
1193 3103 1319 3183 adferre
1351 3104 1395 3168 ad
1426 3124 1565 3168 mersam
1599 3106 1707 3186 nesea·
1739 3127 1858 3170 ratonem
1889 3106 2109 3189 inperatore,
2141 3111 2174 3167 at

158 3186 283 3253 clerum
313 3187 522 3269 peculiariter
549 3190 698 3271 pertinet
747 3189 800 3273 Ea
828 3190 1009 3255 canonibus
1037 3193 1140 3257 eonti-
1192 3188 1295 3254 ebrios
1311 3190 1436 3270 auferri
1453 3211 1570 3256 neeesse
1585 3190 1672 3272 soret,
1694 3191 1858 3256 tolerabrte.
1899 3190 1999 3256 Serrei
2019 3192 2174 3256 remotim

159 3280 257 3338 netur
285 3295 366 3355 quos
395 3275 457 3339 sibi
486 3287 613 3340 veteres
643 3276 783 3358 episcopi
803 3296 928 3359 suoque
950 3276 1056 3341 ordini
1080 3278 1140 3341 im·
1188 3276 1434 3356 manpttnn:
1461 3275 1515 3340 hoc
1541 3297 1603 3340 nort
1630 3276 1855 3360 obmurmurat
1881 3277 1952 3342 boni
1983 3278 2038 3341 isti
2056 3296 2172 3343 stem

158 3371 347 3442 posuerunt.
385 3358 509 3439 Quales
532 3373 621 3424 sunt:
646 3383 688 3425 nc
710 3363 782 3444 quis
805 3362 941 3426 clericus
962 3363 1139 3437 renauoni,
1193 3381 1287 3439 sorra
1309 3362 1364 3426 seo
1385 3368 1418 3425 nt
1439 3384 1460 3426 a
1482 3363 1613 3427 rmridie
1633 3384 1731 3444 taque
1747 3365 1790 3429 ad
1810 3364 1948 3429 mediam
1970 3368 2087 3426 rtoctern
2106 3382 2174 3428 aa*

159 3465 202 3508 ne
229 3447 302 3526 quis
325 3445 429 3519 mette,
458 3468 500 3510 ne
523 3447 595 3528 quis
617 3447 908 3512 comessationibus
931 3460 1077 3526 vacaret;
1100 3471 1140 3513 ne
1192 3448 1351 3512 tinnarent
1377 3469 1456 3513 suas
1476 3449 1632 3528 aarum
1669 3447 1822 3529 Confieere
1842 3450 1997 3514 dianium
2020 3450 2082 3513 iter
2099 3449 2173 3513 ieie

158 3531 232 3613 quis
250 3540 417 3594 exerceret
440 3532 553 3596 toenus
576 3544 634 3596 aut
656 3544 890 3607 mercaturam:
918 3554 960 3598 ne
982 3536 1055 3616 quis
1077 3535 1140 3600 las·
1195 3553 1264 3613 noa,
1293 3534 1371 3615 qttia
1397 3534 1449 3599 ter
1476 3533 1610 3611 iubebat,
1634 3537 1779 3615 mutui
1800 3536 1888 3618 apnrd
1904 3555 1957 3600 coa
1977 3537 2079 3600 meris
2097 3536 2174 3616 suit:

160 3617 242 3682 civis
264 3616 490 3682 saltationibus
512 3619 699 3696 interesset,
723 3619 880 3702 aliique²)
902 3621 974 3684 eius
1000 3621 1140 3703 generis.
1193 3621 1248 3684 oea
1274 3619 1477 3685 lassitudinis
1502 3621 1648 3685 citandae
1678 3641 1775 3685 orosa
1808 3623 1866 3686 iter
1892 3622 1937 3685 ad
1967 3622 2054 3686 daos
2080 3621 2173 3685 toras

159 3700 410 3768 Adliciebantur
428 3712 461 3769 et
482 3725 614 3787 poenae,
635 3706 752 3787 quibus
773 3707 844 3788 ipsa
864 3727 1027 3771 canonum
1049 3718 1142 3771 auto-
1193 3705 1382 3783 corrtratere,
1410 3706 1542 3771 tiberem
1569 3712 1596 3770 et
1623 3709 1776 3770 maara
1802 3728 1841 3771 er
1861 3707 2084 3772 wnsaetudiee
2101 3708 2171 3786 fait.

159 3789 244 3853 ritas
265 3790 488 3869 sanciebatm,
517 3813 559 3856 ne
587 3792 659 3874 quis
681 3813 736 3856 eos
758 3793 891 3875 impune
914 3792 1059 3856 violaret
1100 3793 1141 3856 In
1197 3791 1322 3872 Quoties
1349 3792 1509 3876 caym
1535 3812 1612 3855 suas
1641 3793 1766 3875 reputas
1793 3793 1951 3857 aanor
1966 3795 2119 3873 papiano
2140 3797 2173 3853 at

161 3872 249 3938 hune
278 3876 379 3939 tinem
407 3878 583 3958 unicuique
604 3879 754 3961 episeopo
777 3878 1041 3942 committebatur
1063 3879 1141 3943 cleri
1193 3897 1226 3941 oe
1252 3879 1411 3943 eamdent
1438 3878 1552 3959 affines
1578 3898 1644 3942 esse
1670 3881 1788 3943 sanetis
1812 3879 1974 3959 pareus,
2002 3879 2171 3943 ridiculam

162 3960 213 4024 sui
242 3959 452 4042 gubernatio,
481 3973 518 4026 ut
543 3961 723 4028 seeundum
744 3984 885 4029 meones
907 3984 983 4027 suos
1005 3963 1141 4029 elericos
1193 3983 1299 4027 eoram
1309 3964 1510 4029 imitationem
1521 3964 1576 4028 hoc
1592 3965 1767 4047 mtptrtm
1784 3967 1864 4029 satis
1879 3970 2033 4048 coereeat,
2049 3971 2082 4028 at
2098 3963 2169 4026 nat-

160 4055 292 4127 regeret
320 4067 357 4112 ae
385 4049 420 4111 iu
449 4049 556 4115 officie
575 4050 742 4114 retineret.
787 4049 829 4112 In
857 4049 946 4114 hunc
968 4050 1069 4113 finem
1090 4052 1140 4113 in-
1193 4049 1245 4114 aa
1259 4050 1364 4128 pictor
1383 4051 1485 4132 napis
1507 4050 1550 4113 ad
1570 4051 1676 4114 noum
1691 4051 1794 4132 possit
1813 4052 1998 4131 optim.

161 4131 296 4195 sumtus
317 4146 412 4197 erant-
434 4156 563 4200 annum
593 4137 812 4218 inspectiones
834 4156 871 4200 ae
893 4135 1020 4219 synodi,
1042 4147 1089 4214 nt,
1111 4138 1140 4200 si
1279 4138 1329 4199 23.
1381 4135 1451 4201 Una
1474 4136 1508 4199 in
1531 4157 1564 4199 re
1579 4137 1659 4219 ptus
1684 4157 1779 4218 qtram
1801 4137 1900 4219 ripidi
1920 4143 1996 4201 sant
2017 4143 2047 4201 et
2066 4138 2170 4200 isere

160 4218 234 4300 quis
267 4217 349 4282 foret
379 4222 412 4283 in
440 4221 545 4285 officio
573 4220 804 4305 negligent-ior,
835 4221 1082 4300 admoneretur;
1112 4224 1139 4287 si
1192 4221 1316 4299 rabilea,
1337 4242 1376 4286 ne
1397 4223 1575 4306 minoium
1592 4222 1800 4287 amatae
1814 4225 2009 4304 affimant.
2048 4223 2171 4304 Quodn

160 4304 233 4386 quis
255 4317 428 4386 peccaset,
451 4328 510 4388 pro
527 4307 623 4370 modo
645 4305 755 4372 delicti
778 4309 812 4370 in
832 4329 908 4372 eum
931 4308 1139 4373 animadver-
1192 4307 1278 4389 apud
1304 4327 1355 4370 eoa
1381 4310 1540 4373 mactat·
1565 4315 1728 4392 eroesaar
1756 4311 1930 4392 impunes
1957 4309 2064 4373 dicem
2091 4308 2172 4372 aaa

159 4394 294 4454 teretur.
338 4391 407 4473 Ipsi
430 4413 557 4474 quoque
578 4393 721 4475 episcopi
745 4395 919 4475 quotannis
941 4415 1017 4458 suas
1038 4395 1139 4460 habe·
1191 4395 1305 4458 attinet.
1351 4394 1401 4458 Ac
1419 4393 1534 4476 foetido
1554 4415 1612 4459 sno
1632 4394 1784 4460 maeno
1802 4397 1875 4476 freti
1896 4395 2110 4461 eadm
2129 4393 2172 4458 ad

159 4474 240 4540 hant
265 4477 485 4624 Krorinciales
513 4478 669 4561 synodos,
697 4478 878 4562 antiquitus
906 4480 1004 4544 etiam
1033 4481 1138 4559 binas,
1191 4481 1296 4544 omitia
1317 4480 1452 4562 tlapiaa
1497 4480 1585 4545 Hace
1610 4487 1711 4546 mett
1735 4480 1906 4561 probibitio
1934 4482 2022 4546 etan
2043 4481 2172 4546 adedit

159 4578 182 4624 a
207 4563 264 4642 qui
286 4583 326 4625 ns
354 4562 584 4629 indicabantur
610 4565 637 4627 si
665 4563 744 4646 quid
765 4576 896 4647 praeter
917 4565 1059 4630 officium
1081 4567 1138 4631 ad·
1191 4587 1287 4649 qaam
1307 4568 1479 4648 pestiferae
1504 4569 1569 4633 sint
1595 4588 1699 4632 omnes
1725 4567 1925 4645 traditiones·
1957 4573 2066 4648 aaut
2092 4587 2173 4648 qaae

159 4647 329 4711 misertmt
378 4649 463 4714 Nam
495 4652 522 4714 si
547 4651 620 4731 quis
647 4652 817 4733 episcopus
843 4649 956 4716 donor
982 4662 1054 4716 erat
1079 4664 1138 4716 aut
1162 4672 1166 4687 ·
1192 4673 1251 4716 nort
1272 4653 1373 4717 solum
1394 4653 1513 4718 orbant
1539 4654 1697 4719 εωῑωὶαω
1714 4653 1824 4734 mobis
1844 4658 1874 4717 et
1896 4653 2019 4718 idoneis
2033 4655 2172 4737 putori

159 4732 336 4798 violentior
369 4735 404 4799 in
437 4758 534 4801 suum
560 4735 699 4811 elerum,
736 4736 815 4803 illuc
842 4745 913 4801 erat
941 4738 1137 4821 provocatio,
1191 4737 1263 4818 bra,
1290 4740 1345 4804 sed
1364 4737 1551 4805 harenam
1573 4740 1693 4804 iecerit
1715 4739 1864 4804 saetam
1884 4739 2068 4820 aum,
2095 4739 2173 4805 ml

159 4819 289 4883 etiamsi
311 4840 398 4886 unus
421 4832 548 4886 tantum
575 4821 842 4904 conquerebatur.
887 4824 1140 4889 animadversio

159 4905 368 4970 sevenssima
390 4922 468 4985 erat,
492 4921 529 4974 ut
550 4907 767 4991 deponeretur
793 4907 835 4974 ab
856 4910 964 4975 officio
985 4912 1042 4993 qui
1063 4930 1139 4993 peo-
1162 4988 1165 5005 Ι
1192 4933 1220 4938 -
1367 4933 1394 4939 ··

1260 5048 1290 5105 l)
1309 5047 1373 5101 Hac
1394 5063 1478 5116 usque
1499 5051 1616 5115 pertinet
1637 5053 1686 5118 qai
1706 5051 1771 5101 otiu
1792 5050 1848 5112 [καὶ
1868 5054 1961 5105 m
1985 5051 2055 5119 Ρη
2088 5051 2173 5105 rm.

1162 5114 1165 5128 '
1192 5115 1254 5168 Ian
1264 5119 1519 5183 mmetntmectr'a
1537 5125 1695 5184 repetuntur
1711 5135 1783 5187 qm
1800 5123 1830 5170 tre
1846 5114 1890 5173 d
1901 5132 1998 5193 μαι
2014 5122 2175 5191 W

230 5178 260 5243 l)
279 5179 322 5230 Ad
343 5180 533 5250 Nepotianum.
608 5180 639 5247 2)
658 5184 773 5251 aliisque
792 5185 861 5237 atate
881 5182 946 5236 1561
965 5201 1034 5254 seqq.
1163 5210 1166 5217 ·
1193 5184 1258 5253 Cap.
1280 5184 1340 5237 ΙΙΙ.
1359 5186 1382 5250 ς’.
1400 5184 1436 5237 67
1452 5202 1521 5253 seqq.
1592 5185 1622 5251 2)
1640 5187 1715 5239 Libr.
1733 5186 1758 5240 8.
1778 5185 1859 5239 Paed
1876 5180 1954 5256 05ri.
