4672 5842
160 265 246 329 1663
810 251 1075 320 INSTITU'PIO
1097 253 1203 320 REL.
1227 253 1407 321 CHRIB'P.
1433 261 1524 322 1559.
1993 277 2002 291 ⁸
2088 257 2162 318 1664

97 468 99 477 ¹
162 451 279 535 quibus
308 448 456 531 placetur
478 442 551 509 Deo
564 446 588 528 ¹)
612 442 729 529 (Η666.
752 430 808 523 13,Ι
825 445 885 526 16).
932 442 988 509 Sic
1010 443 1138 526 Philip·
1193 450 1226 506 66
1253 443 1454 526 simplicibus
1484 444 1612 524 verbis,
1648 445 1753 528 qualis
1781 447 1824 512 sit
1857 447 2069 512 sanctissima
2100 446 2162 530 ipsa

162 537 313 621 pcnsium
335 532 530 616 benignitas,
550 552 616 614 qua
632 529 730 595 Pauli
752 530 896 612 inopiam
918 529 1137 608 sublevarent,
1192 530 1310 594 missac
1332 531 1502 609 sanctitas;
1520 529 1562 593 ob
1579 552 1677 613 quam
1695 532 1775 596 adeo
1793 532 1980 615 spectabilis
2003 553 2076 598 esse
2096 538 2162 597 tan·

162 623 270 686 hostia
296 621 400 684 bonae
429 608 628 700 1666666666
659 615 761 699 (Phil.
780 623 814 694 4,
839 618 901 699 18).
948 615 1004 681 Sic
1028 617 1139 679 omnia
1192 624 1288 697 taque
1305 616 1341 680 in
1363 617 1574 680 veneratione
1597 616 1710 681 haberi
1732 619 1857 701 aliquot
1878 619 2019 684 saeculis
2041 619 2162 683 meruit

161 705 307 772 fidelium
334 706 420 769 bona
442 725 549 785 opera,
572 702 758 785 spirituales
778 701 913 766 hostiae.
1191 701 1279 765 Nam
1301 710 1335 765 et
1356 708 1450 765 tanta
1468 702 1548 767 haec
1566 704 1724 788 mysteria
1740 726 1799 787 pro
1817 703 1978 789 dignitate
2002 704 2162 783 illustrari,

252 797 299 855 17.
344 793 391 854 Et
412 790 489 872 quid
512 789 616 852 multa
634 788 834 870 persequor?
880 785 1028 853 Subinde
1051 789 1139 851 enim
1192 789 1324 851 maioris
1346 789 1452 870 operis
1474 789 1587 867 fuerit3
1610 798 1642 853 66
1664 789 1736 856 11166
1754 790 1929 856 obscoenas
1952 791 2069 856 sordes
2090 811 2164 873 quse

163 879 199 943 in
227 877 397 960 scripturis
426 877 565 941 recurrit
593 874 673 939 haec
701 872 854 956 loquendi
882 874 996 938 forma.
1048 873 1139 953 Quin
1193 883 1268 937 ante
1297 874 1406 938 oculos
1435 895 1555 956 oraque
1583 876 1729 940 omnium
1763 885 1955 955 versantur,
1990 877 2164 942 admiscere

163 966 263 1030 etiam
286 963 364 1028 dum
387 962 494 1026 adhuc
512 961 572 1025 sub
592 969 730 1024 externa
752 959 833 1042 legis
852 960 1051 1043 paedagogia
1075 959 1139 1023 Dei
1191 959 1281 1023 nolo:
1301 967 1339 1022 66
1349 981 1461 1024 omnes
1472 959 1669 1044 intelligant,
1681 963 1813 1028 missam
1825 965 1860 1026 in
1872 964 2163 1038 6616661661666666,

162 1050 302 1135 populus
325 1047 561 1126 continebatur,
583 1047 663 1111 66616
685 1054 794 1110 tamen
819 1047 1048 1127 exprimebant
1064 1067 1139 1128 pro·
1191 1052 1225 1108 et
1246 1066 1310 1126 qua
1331 1046 1474 1110 maxime
1499 1045 1665 1111 venditari
1691 1058 1812 1130 potest,
1841 1050 2037 1133 integritate
2060 1071 2164 1132 accep

164 1136 298 1221 phetae,
320 1134 451 1199 subesse
473 1133 537 1197 illis
559 1131 746 1197 carnalibus
769 1132 934 1195 sacrificiis
957 1133 1138 1209 veritatem,
1191 1137 1274 1210 tam,
1297 1134 1366 1196 sinc
1389 1133 1457 1195 suis
1480 1133 1725 1215 appendicibus,
1750 1157 1769 1199 a
1790 1135 1898 1200 radice
1920 1134 1964 1199 ad
1991 1136 2165 1220 fastigium,

165 1244 247 1306 quac
276 1221 473 1286 christianae
500 1218 653 1284 ccclesiae
684 1238 759 1281 cum
781 1215 909 1281 iudaica
933 1227 1030 1301 gente
1052 1240 1139 1282 ccm-
1192 1219 1282 1282 omni
1311 1239 1431 1300 genere
1457 1218 1650 1301 impietatis,
1683 1220 1921 1303 blasphemiae,
1954 1221 2165 1300 idololatriac,

165 1308 276 1373 munis
304 1315 361 1371 est.
411 1305 637 1385 (6666661666
669 1299 865 1386 precabatur
894 1302 1005 1368 David
1034 1304 1137 1387 (Psal.
1192 1303 1353 1387 sacrilegii
1376 1311 1509 1369 scatere.

170 1400 239 1472 141,
264 1394 297 1471 2)
316 1403 353 1456 66
371 1392 473 1455 oratio
492 1411 559 1468 666,
579 1392 662 1455 61666
679 1391 858 1467 incensum,
877 1389 913 1452 in
931 1404 1139 1472 conspectum
1281 1394 1328 1452 19.
1380 1393 1404 1473 ¹)
1416 1390 1550 1454 Habent
1571 1389 1708 1456 lectores
1730 1393 1765 1455 in
1783 1392 2017 1476 compendium
2040 1393 2167 1458 collecta

166 1480 230 1544 Dei
252 1477 447 1543 ascenderet.
492 1478 539 1539 Et
560 1475 663 1540 Oscae
684 1475 751 1558 (14,
771 1475 805 1558 3)
824 1477 1006 1558 gratiarum
1040 1474 1556 1557 66616-16616666666166666
1578 1478 1653 1541 66161
1671 1476 1711 1542 (16
1734 1477 1858 1544 duobus
1886 1479 1960 1543 istis
1982 1496 2168 1545 sacrama-

170 1588 228 1630 nes
247 1563 374 1628 dicebat
391 1562 512 1626 vitulos
535 1560 704 1638 labiorum,
724 1583 804 1643 quas
823 1561 899 1625 alibi
912 1560 1024 1627 David
1035 1560 1137 1644 (Psal.
1163 1564 1166 1643 l
1192 1562 1233 1625 tis
1256 1562 1377 1625 referre
1401 1560 1563 1640 duximus,
1588 1584 1727 1645 quorum
1749 1586 1871 1630 usus-a
1887 1565 2074 1648 primordio
2095 1562 2165 1629 nori

168 1657 216 1729 50,
237 1649 293 1732 23)
316 1649 473 1713 sacrificia
495 1648 600 1712 laudis
623 1654 799 1730 nuncupat.
846 1646 953 1727 Quem
976 1648 1140 1729 apostolus
1191 1647 1378 1711 testamenti
1408 1646 1449 1711 ad
1478 1650 1791 1714 consummationem
1811 1672 1914 1733 usquc
1937 1651 2065 1716 saeculi
2086 1651 2163 1716 chri·

166 1737 327 1811 imitatus,
349 1735 473 1798 hostias
495 1733 601 1797 laudis
622 1734 720 1797 etiam
742 1735 811 1815 ipse
833 1740 928 1798 vocat
951 1733 1067 1817 (Hebr.
1091 1736 1138 1812 13,
1192 1733 1318 1797 6616666
1347 1732 1501 1798 ecelesiae
1524 1742 1574 1798 666
1593 1735 1747 1800 traditus:
1777 1744 1814 1800 ut
1838 1737 1965 1802 seilicet
1987 1737 2166 1820 baptismus

168 1823 240 1907 15);
261 1828 296 1885 et
313 1822 550 1903 interpretatur
570 1821 714 1884 fructum
735 1818 895 1883 labiorum
914 1819 1140 1884 confitentium
1192 1817 1323 1900 quidam
1345 1820 1437 1901 quasi
1460 1820 1625 1901 ingressus
1648 1821 1682 1885 in
1707 1822 1812 1904 ipsam
1835 1830 1931 1899 esset,
1953 1831 1988 1887 66
2010 1823 2089 1888 fidei
2108 1824 2164 1886 ini-

166 1908 289 1972 nomini
318 1907 397 1971 6166.
447 1906 557 1969 Huius
584 1906 713 1990 generis
745 1905 912 1969 sacrificio·
936 1926 1046 1969 carere
1073 1926 1141 1968 666
1192 1905 1298 1983 616616;
1324 1926 1424 1969 66666
1455 1925 1533 1970 vero
1561 1906 1728 1971 assiduum
1757 1908 1847 1973 velut
1874 1908 2082 1988 alimentum,
2107 1929 2166 1992 666

165 2001 272 2077 potest
293 2013 393 2056 coena
415 1991 564 2055 Domini:
588 1992 621 2055 in
645 2013 710 2073 qua
732 1989 809 2054 dum
833 1993 903 2055 eius
924 1999 1064 2056 mortem
1082 2010 1140 2054 an·
1192 1988 1345 2054 Christus
1366 1989 1513 2054 fidelium
1535 2012 1668 2056 suorum
1686 1994 1844 2059 familiam
1862 1995 2082 2077 spiritualiter
2098 2016 2166 2078 pas-

166 2079 366 2155 nuntiamus,
390 2084 423 2142 ct
445 2078 627 2160 gratiarum
654 2078 814 2142 actionem
847 2077 1033 2156 referimus,
1056 2076 1139 2140 nihil
1192 2076 1243 2140 cit.
1289 2075 1415 2156 Quare,
1444 2083 1569 2142 utnon
1587 2079 1650 2143 nisi
1672 2101 1758 2144 unus
1780 2088 1830 2145 est
1850 2081 1960 2159 Deus,
1992 2103 2062 2145 una
2080 2081 2165 2158 fides,

167 2164 256 2231 aliud
283 2186 381 2246 quam
411 2163 578 2228 offerimus
607 2163 802 2227 sacrificium
830 2162 945 2226 laudis.
999 2163 1050 2227 Ab
1079 2161 1140 2226 hoc
1192 2184 1278 2226 unus
1300 2161 1463 2242 Christus,
1487 2185 1552 2227 una
1574 2163 1709 2229 ccclesia
1731 2167 1800 2230 eius
1822 2187 1953 2248 corpus:
1978 2167 2027 2231 ita
2048 2166 2167 2251 baptis·

166 2249 369 2316 sacrificandi
392 2270 529 2312 munere
547 2249 657 2332 regale
675 2248 891 2313 sacerdot-ium
913 2270 1141 2331 nuncupamur
1191 2269 1265 2311 mus
1287 2268 1354 2311 non
1376 2249 1439 2312 nisi
1461 2271 1546 2314 unus
1568 2257 1633 2328 666,
1662 2272 1722 2316 666
1745 2272 1842 2334 saepe
1864 2252 2014 2317 iteratur.
2061 2253 2167 2318 Coena

166 2358 278 2401 omnes
301 2335 481 2400 Christiani
504 2335 535 2418 (1
557 2335 645 2399 Petr.
665 2338 693 2411 2,
714 2333 763 2416 9);
785 2333 870 2417 quod
892 2357 951 2417 per
968 2334 1141 2399 Christum
1193 2341 1301 2397 autem
1319 2332 1456 2399 subinde
1474 2334 1689 2415 distribuitur,
1713 2344 1751 2402 ut
1770 2337 1962 2421 intelligant
1983 2361 2020 2404 se
2038 2339 2167 2404 Christe

166 2423 334 2487 offerimus
356 2422 455 2499 illam,
474 2419 513 2485 de
535 2443 600 2504 qua
621 2421 765 2503 loquitur
794 2421 972 2503 apostolus,
999 2420 1141 2485 hostiam
1192 2419 1321 2484 assidue
1342 2421 1442 2503 pasci,
1472 2421 1528 2503 qui
1554 2422 1656 2486 semel
1678 2423 1712 2486 in
1741 2423 1911 2489 ecclesiam
1943 2425 2052 2489 allecti
2082 2434 2164 2490 sunt.

166 2507 272 2572 laudis
294 2507 376 2583 Dec,
399 2507 543 2571 fructum
569 2505 729 2570 labiorum
758 2508 983 2572 confitentium
1014 2506 1141 2570 nomini
1191 2506 1329 2570 Praeter
1347 2504 1428 2571 haee
1446 2504 1510 2571 duo
1528 2515 1565 2571 66
1582 2508 1713 2572 nullum
1734 2509 1825 2574 aliud
1847 2532 1867 2573 a
1884 2509 1958 2575 Deo
1979 2511 2166 2575 institutum

166 2594 244 2658 cius.
289 2593 403 2674 Neque
425 2593 514 2656 enim
532 2614 685 2657 noscam
703 2594 824 2657 nostris
845 2593 1045 2670 muneribus,
1068 2595 1139 2656 6166
1191 2597 1249 2669 est,
1271 2592 1318 2656 ita
1339 2614 1400 2656 nec
1423 2592 1524 2656 ullum
1543 2615 1719 2677 agnoscere
1737 2595 1833 2660 debet
1853 2595 1997 2661 fidelium
2020 2596 2162 2662 ecclesia.

164 2682 386 2757 intercessore,
409 2679 442 2743 in
463 2687 672 2760 conspectum
701 2679 765 2742 Dei
793 2699 994 2762 apparemus.
1041 2678 1139 2743 Chri·
1164 2672 1166 2697 '
1190 2677 1276 2741 Rem
1309 2679 1398 2741 enim
1430 2699 1496 2743 666
1529 2701 1600 2745 esse
1627 2679 1764 2746 humani
1791 2681 1936 2760 arbitrii,
1967 2683 2090 2765 erigere
2122 2703 2162 2746 ac

163 2773 233 2831 stus
255 2772 314 2843 est,
334 2786 398 2847 quo
419 2766 599 2829 mediatore
626 2763 855 2842 intercedente,
884 2785 944 2829 nos
967 2786 1004 2829 ac
1027 2773 1140 2829 666666
1191 2770 1335 2827 statuere
1362 2785 1448 2828 nova
1469 2772 1687 2844 sacramenta,
1715 2767 1808 2832 facile
1830 2768 1990 2851 intelliget
2014 2769 2071 2850 qni
2091 2788 2161 2832 me-

162 2852 247 2935 patri
278 2852 453 2916 offerimus.
498 2850 560 2913 llle
582 2851 728 2933 pontifex
757 2859 883 2928 noster,
906 2851 1018 2932 quiin
1044 2871 1139 2915 sanc·
1190 2848 1988 2936 666661666οό66666666166166666611666666
2007 2854 2083 2918 fuit:
2111 2875 2164 2918 sa·

162 2939 305 3001 tuarium
327 2937 406 3001 coeli
428 2938 594 3020 ingressus
617 2957 781 3001 accessum
805 2935 898 3001 nobis
920 2937 1034 3019 aperit.
1075 2936 1138 3001 Ille
1189 2942 1356 2999 eramenta
1387 2935 1424 2999 in
1446 2935 1508 3003 hoc
1537 2938 1651 3001 aDco
1677 2939 1784 3021 posita
1812 2961 1893 3018 6666,
1924 2948 1961 3004 66
1986 2939 2028 3005 (16
2058 2939 2165 3022 aliqua

164 3023 276 3101 altare,
300 3024 351 3087 cui
375 3023 509 3087 donaria
531 3031 644 3087 nostra
664 3023 871 3105 imponimus,
895 3022 1137 3086 6616111666-
1189 3022 1259 3086 eius
1287 3022 1501 3104 promissione
1522 3045 1581 3088 666
1603 3023 1773 3104 edoceant,
1803 3033 1837 3089 et
1865 3025 1983 3089 bonam
2007 3047 2087 3110 erga
2107 3047 2165 3090 nos

164 3108 298 3173 deamus
325 3106 482 3190 quidquid
510 3108 676 3173 audemus.
723 3109 798 3187 Ille,
827 3108 976 3190 inquam,
1005 3108 1137 3195 estqui
1188 3107 1390 3172 voluntatem
1412 3109 1507 3174 nobis
1524 3109 1753 3190 testificentur3
1771 3112 1826 3193 661
1845 3120 2017 3193 praeterea
2038 3113 2164 3196 cogitet,

164 3216 223 3259 nos
250 3195 336 3277 patri
365 3216 502 3278 regnum
532 3216 569 3259 66
592 3194 775 3260 6666616666
798 3195 874 3258 fecit
896 3195 1021 3293 (Apoc,
1040 3199 1065 3273 l,
1091 3194 1135 3344 (ig.
1189 3193 1319 3257 nullum
1349 3193 1543 3259 1616661166
1570 3195 1806 3276 consiliarium,
1835 3197 1892 3281 qul
1917 3196 2013 3263 nobis
2041 3207 2165 3264 certum

254 3284 302 3345 18.
325 3279 354 3363 ²)
362 3277 450 3360 Quid
469 3290 625 3362 superest,
645 3282 708 3344 nisi
727 3289 764 3344 ut
777 3280 863 3345 caeci
881 3280 1025 3359 videant,
1045 3280 1137 3345 suri
1189 3278 1312 3363 aliquid
1334 3278 1374 3343 de
1396 3279 1465 3344 eius
1486 3280 1654 3346 voluntate
1681 3282 1840 3365 spondere
1861 3285 1981 3366 possit,
2012 3291 2072 3349 666
2099 3305 2164 3350 666-

163 3364 312 3445 audiant,
342 3368 436 3450 pueri
455 3366 518 3448 ipsi
532 3366 561 3448 ⁸)
588 3367 774 3451 intelligant
802 3367 888 3430 hanc
915 3367 1034 3431 missae
1060 3366 1137 3430 abo-
1189 3366 1287 3428 tiores
1321 3384 1516 3447 securosque
1548 3365 1685 3432 reddere
1718 3389 1782 3451 666
1810 3369 1854 3434 616
1881 3370 1916 3433 16
1947 3391 2008 3434 666
2038 3371 2163 3448 affectu,

162 3452 400 3515 minationem?
430 3474 512 3533 quae
539 3453 574 3515 in
597 3453 695 3516 calice
728 3473 827 3516 aureo
862 3454 1034 3535 propinata
1066 3474 1136 3517 om·
1189 3449 1266 3534 quid
1287 3448 1375 3530 dare,
1398 3450 1478 3533 quid
1505 3474 1626 3536 negare
1655 3454 1743 3519 velit
1789 3452 1897 3520 Simul
1925 3477 2070 3540 namque
2093 3478 2164 3522 eon·

162 3557 222 3601 666
244 3558 339 3621 reges
361 3546 468 3601 terrae
491 3547 523 3601 66
543 3537 689 3621 6666166,
714 3558 878 3602 6666666
896 3559 999 3621 66666
1018 3539 1060 3603 ad
1077 3560 1136 3603 no-
1189 3536 1352 3616 stituitur,
1377 3538 1542 3603 neminem
1569 3539 1700 3622 signum
1727 3562 1909 3623 proponere
1937 3562 2051 3625 posse,
2083 3540 2164 3625 quod

161 3622 343 3699 vissimum,
366 3623 412 3687 sic
431 3623 612 3702 inebriavit,
635 3624 681 3688 sic
697 3625 859 3706 percussit
875 3646 988 3708 sopore
1007 3645 1044 3689 ao
1060 3647 1135 3689 ver·
1187 3623 1257 3687 eius
1278 3622 1459 3689 voluntatis
1481 3631 1514 3689 et
1535 3624 1758 3707 promissionis
1778 3627 1918 3692 alicuius
1940 3630 2165 3694 testimonium

160 3709 273 3793 tigine,
296 3717 333 3773 ut
354 3708 459 3773 brutis
481 3710 560 3791 ipsis
577 3708 772 3792 stupidiores
793 3732 922 3792 proram
945 3723 978 3776 66
998 3711 1135 3794 puppim
1187 3710 1336 3774 futurum
1363 3709 1423 3787 sit,
1453 3710 1543 3776 solus
1567 3712 1637 3797 ipse
1659 3718 1723 3792 cst,
1751 3713 1807 3794 qui
1830 3714 1925 3796 signo
1948 3713 2026 3779 dato
2060 3714 2101 3781 de
2130 3734 2162 3778 66

161 3816 238 3859 suae
261 3795 376 3860 salutis
398 3795 435 3857 in
453 3795 514 3860 hac
538 3816 605 3860 una
627 3795 750 3859 exitiali
769 3797 926 3879 voragine
949 3799 1132 3861 statuerint.
1186 3792 1273 3876 apud
1306 3815 1366 3860 nos
1391 3797 1506 3860 testari
1533 3806 1647 3879 666666
1698 3798 1817 3863 Dicam
1844 3797 1992 3879 brevius,
2022 3807 2056 3866 66
2083 3802 2162 3866 forte

160 3880 259 3946 Certe
281 3882 373 3945 nulla
395 3903 540 3964 unquam
564 3881 719 3947 validiore
750 3882 903 3948 machina
924 3889 1019 3946 satan
1040 3884 1135 3947 1666-
1187 3880 1312 3957 rudius,
1334 3879 1392 3946 sed
1414 3883 1572 3964 apertius:
1596 3891 1837 3950 sacramentum
1859 3884 1931 3950 sine
1949 3886 2070 3952 salutis
2090 3905 2161 3970 666-

160 3967 233 4031 buit
249 3967 291 4031 ad
308 3968 566 4052 oppugnandum
582 3969 901 4053 expugnandumque
921 3967 1045 4033 Christi
1060 3989 1134 4052 reg·
1187 3966 1342 4031 missione
1364 3988 1435 4032 esse
1462 3989 1631 4051 nunquam
1649 3977 1765 4054 potest.
1810 3967 1936 4036 Omnes
1959 3971 2106 4038 homines
2124 3971 2159 4034 in

160 4073 249 4115 num.
299 4052 390 4118 Haec
419 4062 467 4118 666
492 4053 629 4132 Η61666,
659 4076 806 4137 proque
841 4053 990 4118 veritatis
1024 4053 1134 4118 hostes
1187 4052 2092 4140 6666661666]666661,61161166666616661116661(16
2106 4077 2159 4122 ss·

160 4144 254 4201 tanta
286 4138 383 4202 hodie
417 4139 522 4217 rabie,
557 4148 650 4204 tanto
680 4141 805 4218 furore,
841 4146 932 4204 tanta
964 4140 1134 4205 atrocitate
1187 4137 1378 4203 1666666666
1394 4150 1537 4222 6666666
1572 4142 1663 4225 Ergo
1680 4164 1741 4208 nec
1758 4165 1778 4207 a
1795 4165 1830 4209 se
1847 4143 1945 4209 edere
1963 4155 2024 4210 aut
2039 4145 2160 4228 en’gere

160 4222 392 4308 digladiantur.
443 4226 488 4289 Et
513 4248 589 4290 vere
611 4226 755 4304 Helena,
790 4247 865 4291 cum
887 4248 951 4308 qua
973 4226 1136 4308 spirituali
1187 4232 1437 4290 sacramentum.
2169 4280 2175 4295 .

158 4310 371 4376 fornicatione
395 4311 492 4396 (quae
514 4312 660 4375 omnium
679 4318 729 4376 est
745 4313 889 4376 maxime
911 4309 1135 4397 exsecrabilis)
1274 4313 1324 4373 20.
1369 4310 1433 4375 His
1465 4333 1543 4396 ergo
1571 4312 2159 4383 (166666666666666166661661666

159 4396 205 4460 itu
226 4418 259 4462 se
279 4402 492 4478 6666666666.
537 4397 612 4461 Non
636 4397 689 4463 hic
709 4396 763 4461 vcl
789 4398 926 4462 minimo
955 4398 1057 4483 digito
1086 4407 1135 4463 66
1187 4395 1338 4474 66616616;
1366 4418 1427 4461 666
1454 4395 1567 4473 mode,
1580 4399 1709 4464 nullum
1737 4400 1826 4465 aliud
1849 4402 1984 4466 tertium
2009 4402 2053 4467 ad
2071 4422 2159 4485 prae-

159 4483 250 4566 tingo
273 4505 397 4548 crassos
419 4483 491 4548 illos
515 4482 635 4547 abusus
652 4481 768 4566 quibus
786 4503 897 4549 sacrae
916 4506 995 4549 6666
1016 4487 1135 4550 missae
1188 4503 1264 4547 6666
1285 4481 1439 4547 admittat
1461 4493 1519 4548 aut
1539 4492 1714 4569 agnoscat5'
1731 4486 1789 4551 sed
1806 4509 1848 4551 66
1865 4496 2002 4572 appetat
2024 4486 2159 4573 quidem,

159 4570 367 4651 profanatam
399 4570 578 4652 puritatem
610 4568 824 4651 praetendam
856 4579 1004 4652 possent;
1036 4590 1134 4653 qnam
1189 4575 1247 4633 666
1271 4570 1460 4651 exspectet,
1488 4568 1530 4633 ad
1553 4573 1868 4639 consummationem
1896 4595 2002 4656 usque
2035 4573 2160 4640 saeculi

159 4662 273 4738 turpes
291 4655 457 4720 nundinas
490 4669 672 4735 exerceant,
696 4675 793 4740 quam
816 4655 962 4720 sordidos
980 4664 1135 4738 quaestus
1187 4655 1274 4718 Nam
1295 4654 1383 4737 quod
1411 4655 1541 4721 diversa
1563 4657 1686 4740 aliquot
1707 4657 1853 4737 Iudaeis,
1882 4662 2060 4742 66666616
2082 4669 2162 4725 tem·

159 4741 281 4806 faciant
303 4742 371 4806 6616
392 4742 649 4821 missationibus,
684 4749 806 4824 quanta
827 4744 1005 4826 rapacitate
1027 4741 1134 4806 avari·
1187 4761 1304 4822 porum
1332 4741 1558 4822 inclinatione,
1586 4753 1716 4826 practer
1738 4764 1798 4810 sua
1817 4744 1875 4808 illa
1895 4745 2067 4813 ‘ordinaria
2090 4747 2163 4811 data

161 4827 239 4891 tiam
261 4848 353 4892 suam
376 4828 538 4910 expleant.
584 4829 729 4893 'fantum
751 4827 872 4908 indico,
901 4827 999 4910 idque
1020 4827 1134 4910 paucis
1188 4834 1267 4890 sunt
1287 4826 1341 4911 (66
1362 4849 1455 4907 man,
1485 4849 1570 4912 aqua
1591 4852 1609 4894 6
1631 4837 1725 4914 petra
1744 4832 1927 4914 profluens,
1950 4854 2089 4916 serpens
2112 4855 2163 4898 ae·

1187 4934 1283 4991 neus,
1312 4921 1347 4976 66
1374 4914 1508 5004 similia)
1536 4915 1598 4982 hac
1626 4917 1807 4984 6661661666
1836 4916 2104 4986 admonebantur
2124 4939 2165 4984 na

159 5019 363 5028 ψ

231 5119 259 5183 l)
278 5120 351 5172 Deus
371 5118 587 5203 taso-'leeg
629 5119 659 5184 2)
681 5118 751 5173 Olim
768 5119 853 5242 wid.
932 5121 962 5204 3).
980 5122 1032 5191 1661
1050 5124 1134 5178 omitt.
1538 5190 1544 5202 ⁸
1629 5191 1657 5203 ..
2003 5199 2009 5207 1

160 5184 236 5240 1596.
255 5186 331 5241 1592.
352 5187 425 5241 1601.
447 5188 520 5240 1611.
541 5187 615 5241 lesa.
635 5187 702 5242 1661
721 5195 746 5242 st
825 5191 841 5243 1.
857 5196 1000 5258 posternas.
1079 5205 1086 5212 ·
1255 5187 1283 5254 1)
1304 5187 1436 5243 Gramma
1452 5187 1814 5259 neocaesarienses
1831 5208 1901 5264 seqq.
1920 5201 2038 5264 repetam
2055 5203 2103 5251 est.
