4672 5842
132 307 193 368 777
452 306 542 375 Lm.
564 307 617 375 IV
618 357 626 374 .
670 309 734 375 DE
756 309 992 377 EX'PERMS
1013 306 1179 376 MEDIIS
1202 310 1266 374 AD
1289 308 1519 376 SALUTEM.
1564 309 1663 376 CAP.
1686 311 1731 374 Π.
1755 310 1815 376 ΠΙ.
2071 318 2133 379 778

131 495 201 576 ipse
224 514 305 576 opus
328 503 419 579 agat,
449 495 589 578 qualiter
611 498 652 562 ad
673 520 753 581 opus
776 520 902 581 quoquc
923 499 1107 566 faciendum
1132 499 1135 591 Ι
1159 496 1215 579 qui
1236 498 1383 563 aseendit
1404 507 1441 561 ιιῖ
1461 498 1614 581 impleret
1634 498 1757 577 omnia;
1781 505 1814 562 et
1835 497 1922 563 idem
1944 499 2034 565 dedit
2054 502 2134 569 alios

133 582 350 644 instrumento
369 582 472 646 utitur
491 583 617 648 artifex.
655 584 739 665 Quia
756 585 823 649 tom
845 591 914 651 oute
936 588 1073 666 exposui,
1083 585 1106 670 ¹)
1132 598 1135 617 '
1160 582 1291 664 quidem
1312 583 1482 665 apostolos,
1507 585 1586 649 alios
1609 605 1686 649 vcro
1707 585 1897 666 prophetas,
1922 584 2001 650 alios
2024 595 2134 654 autem
2174 636 2177 643 ·

131 669 244 730 iteam
266 671 397 746 repetere
419 687 513 751 ceper.
553 670 670 735 Posset
697 669 731 734 id
762 671 894 752 quidem
917 671 968 736 vel
990 693 1050 753 per
1072 694 1106 737 se
1159 669 1392 752 evangelistas,
1421 670 1503 734 alios
1523 678 1670 752 pastores
1693 690 1730 735 ac
1753 669 1915 748 doctores,
1945 670 1987 735 ad
2008 673 2134 738 instau-

131 752 239 833 ipsum
268 752 339 816 sine
368 752 431 817 alio
460 756 574 835 quovis
597 766 655 820 aut
676 755 873 822 adminiculo
897 764 954 822 aut
975 777 1105 841 organo,
1158 754 1318 818 rationem
1352 762 1555 833 sanctorum,
1589 756 1624 820 in
1651 777 1731 838 opus
1760 754 2067 835 administrationis,
2099 759 2134 824 in

131 838 183 902 vel
212 838 310 901 etiam
339 858 397 919 per
426 839 558 922 angelos
586 842 707 919 facere;
736 840 793 907 sed
821 843 1003 924 complures
1030 851 1108 908 sunt
1131 796 1135 927 Ι
1159 840 1416 905 aedificationem
1443 842 1586 924 corporis
1608 839 1747 921 Christi3
1774 841 1878 906 donec
1903 844 2135 924 perveniamus

131 944 247 988 causae
281 945 340 988 cur
372 945 431 1005 por
464 924 613 992 homines
644 927 745 992 malit.
790 928 863 992 Hoc
895 929 983 993 enim
1011 928 1107 993 modo
1132 932 1134 937 '
1160 946 1272 990 omnes
1294 927 1330 989 in
1351 928 1511 992 unitatem
1533 926 1624 1006 fidei,
1654 934 1687 991 et
1713 928 1888 1010 agnitionis
1909 927 1969 991 filii
1990 927 2070 1007 Dei,
2098 930 2135 994 in

131 1011 273 1092 primum
297 1008 520 1093 dignationem
542 1033 621 1095 erga
641 1034 701 1078 nos
720 1035 813 1078 suam
831 1013 982 1092 declarat,
1005 1035 1106 1097 quum
1159 1012 1267 1076 virum
1291 1013 1484 1094 perfectum,
1513 1014 1548 1076 in
1570 1033 1758 1077 mensuram
1783 1013 1900 1078 aetatis
1922 1012 2017 1095 plene
2041 1014 2135 1079 adul·

133 1116 174 1158 ex
197 1094 382 1160 hominibus
405 1099 505 1160 sumit
526 1100 581 1179 qui
604 1120 663 1180 pro
685 1120 721 1163 se
743 1099 778 1162 in
800 1099 921 1163 mundo
943 1099 1106 1183 legatione
1159 1105 1225 1176 tae;
1249 1108 1369 1162 utnon
1390 1099 1530 1181 amphus
1548 1100 1651 1163 simus
1670 1101 1774 1181 pueri,
1792 1100 1848 1180 qui
1867 1100 2134 1166 circumferamur

132 1181 326 1264 fungantur,
356 1182 411 1263 qui
439 1203 577 1248 arcanae
605 1205 685 1250 suae
715 1185 894 1250 voluntatis
916 1185 982 1250 sint
1005 1187 1106 1250 inter·
1159 1184 1248 1246 omui
1276 1188 1379 1248 vento'
1403 1183 1582 1263 doctrinae;
1617 1184 1673 1248 sed
1706 1185 1880 1248 veritatem
1909 1194 2069 1250 sectantes
2097 1185 2134 1252 in
2206 1185 2211 1198 ’

152 1277 252 1343 retes,
281 1268 337 1349 qui
363 1288 539 1349 personam
569 1269 707 1353 denique
735 1292 829 1336 suam
850 1278 1104 1354 repraesentent.
1131 1284 1134 1309 ¹
1159 1269 1309 1347 caritate,
1338 1268 1560 1335 adolescemus
1589 1270 1626 1332 in
1647 1270 1741 1333 illum
1762 1290 1820 1351 per
1842 1271 1967 1348 omnia,
1997 1271 2056 1354 qui
2083 1279 2134 1338 est

130 1288 252 1435 bisque
292 1354 516 1436 experimento
555 1355 743 1437 comprobat
781 1377 847 1421 nou
881 1377 1003 1422 venum
1036 1377 1106 1422 esse
1158 1364 1263 1437 caput,
1288 1377 1404 1438 nempe
1427 1354 1607 1434 Christum,
1629 1357 1666 1419 in
1688 1376 1750 1437 quo
1774 1361 1878 1419 totum
1900 1377 2016 1438 corpus
2038 1378 2134 1440 eoag-

129 1437 214 1520 quod
243 1439 364 1519 passim
392 1460 451 1505 nos
481 1452 575 1506 vocat
603 1442 726 1524 templa
760 1464 834 1521 sua,
867 1441 955 1507 dum.
977 1464 1019 1507 ex
1051 1464 1105 1507 ore
1158 1449 1340 1505 mentatum
1363 1448 1395 1505 et
1416 1452 1618 1524 compactum
1640 1461 1699 1524 per
1728 1462 1858 1504 omnem
1886 1443 2133 1507 commissmam
2245 1473 2254 1484 ¹

130 1524 301 1587 hominum
328 1525 421 1590 velut
442 1547 482 1590 ex
506 1529 707 1606 sanctuario,
735 1550 890 1610 respousa
918 1526 1106 1593 hominibus
1158 1527 1482 1603 subministrationis,
1516 1529 1609 1591 iuxta
1637 1536 1745 1592 aetum
1771 1527 1808 1588 in
1835 1547 1989 1591 mensura
2019 1529 2133 1592 unius·

130 1608 244 1673 reddit.
259 1611 288 1692 ²)
332 1609 461 1676 Deinde
484 1612 545 1677 hoo
574 1614 734 1694 optimum
761 1635 799 1679 ac
826 1615 1036 1679 utilissimum
1064 1614 1106 1679 ad
1157 1612 1312 1694 cuiusque
1333 1614 1450 1695 partis,
1473 1614 1710 1678 incrementum
1732 1612 1876 1695 corporis
1898 1613 1989 1689 facit,
2021 1613 2056 1677 in
2078 1635 2133 1679 ae·

129 1695 352 1760 humilitatem
370 1698 561 1762 exercitium
580 1709 638 1775 est,
657 1699 735 1763 dum
753 1721 812 1765 uos
830 1698 871 1764 ad
889 1700 1105 1765 obediendum
1157 1696 1374 1762 difioationem
1395 1699 1445 1763 sui
1466 1699 1569 1781 ipsius
1591 1720 1651 1782 per
1672 1700 1849 1763 caritatem.

130 1780 228 1845 verbo
252 1801 310 1844 suo
333 1784 522 1860 assuefacit,
545 1793 708 1866 utcunque
730 1806 789 1867 per
810 1786 960 1851 homines
982 1787 1104 1851 similes
1244 1787 1271 1847 2.
1305 1784 1369 1847 His
1390 1785 1498 1850 verbis
1521 1783 1602 1848 illud
1625 1783 1768 1848 ostendit
1788 1783 1961 1848 hominum
1983 1784 2132 1850 ministe-

128 1867 230 1944 nobis,
253 1868 417 1932 interdum
440 1869 541 1933 etiam
562 1869 722 1953 dignitate
738 1872 916 1950 inferiores,
940 1872 1105 1954 praedice—
1157 1869 1252 1948 rium,
1275 1890 1337 1951 quo
1355 1868 1447 1934 Deus
1464 1870 1500 1935 in
1519 1869 1732 1953 gubernanda
1749 1869 1884 1934 ecclesia
1901 1870 2015 1946 utitur,
2038 1890 2132 1952 prae·

130 1961 192 2015 tur.
232 1950 270 2017 si
293 1952 333 2017 de
355 1953 443 2019 coelo
465 1955 534 2036 ipsc
555 1955 751 2037 loqueretur,
773 1957 857 2021 nihil
879 1959 999 2022 mirum
1019 1959 1105 2023 soret
1156 1955 1288 2036 cipuum
1316 1977 1386 2020 esse
1418 1978 1557 2021 nervum
1590 1977 1653 2039 quo
1687 1955 1799 2020 fideles
1832 1956 1867 2018 in
1901 1977 1966 2019 uno
1999 1976 2132 2038 corpore

129 2038 157 2102 si
180 2059 273 2102 sacra
294 2039 364 2102 eius
386 2039 518 2105 oracula
540 2043 687 2105 omnium
710 2042 842 2107 auribus
865 2052 961 2125 atque
986 2044 1104 2108 animis
1157 2040 1366 2120 eohaereant;
1395 2050 1467 2106 tum
1490 2064 1566 2107 vero
1589 2043 1689 2106 etiam
1710 2040 1847 2118 iudicat,
1877 2063 1943 2105 non
1965 2041 2060 2104 aliter
2081 2041 2132 2107 in-

128 2132 317 2189 reverenter
334 2125 404 2190 sine
422 2146 515 2190 mora
533 2127 769 2209 exciperentur.
803 2127 886 2209 Quis
904 2131 992 2193 enim
1009 2151 1104 2213 prae-
1156 2125 1316 2191 columem
1333 2128 1458 2192 servari
1476 2127 1645 2193 ecclesiam
1666 2148 1769 2209 posse,
1793 2148 1891 2209 quam
1914 2127 1942 2190 si
1963 2126 2016 2191 his
2038 2148 2132 2209 pree-

128 2219 254 2274 sentem
277 2211 346 2274 eius
367 2217 562 2293 potestatem
584 2233 649 2276 uon
671 2212 841 2278 horreret?
872 2216 946 2296 quis
973 2237 1040 2279 non
1062 2215 1103 2280 ad
1156 2211 1248 2276 sidiis
1289 2213 1445 2278 fulciatur
1477 2217 1512 2278 in
1545 2212 1661 2296 quibus
1700 2211 1840 2278 salutem
1872 2213 1941 2276 eius
1974 2234 2132 2295 reponere

127 2297 272 2378 primum
293 2303 404 2361 tantae
425 2298 606 2362 maiestatis
629 2306 796 2382 aspectum
818 2300 1102 2383 prosterneretur?
1155 2297 1298 2362 Domino
1316 2298 1446 2381 placuit.
1480 2299 1638 2364 Ascendit
1655 2298 1809 2364 Christus
1827 2300 1861 2362 iu
1879 2298 1990 2385 altum,
2014 2300 2131 2381 inquit,

127 2382 199 2464 quis
222 2402 289 2445 non
310 2383 470 2446 immenso
492 2383 548 2446 illo
569 2383 697 2466 fulgore
720 2384 991 2450 confunderetur?
1036 2387 1103 2451 Ve-
1155 2391 1193 2448 ut
1225 2385 1336 2449 omnia
1369 2386 1527 2467 impleret
1580 2385 1672 2451 Haec
1705 2392 1815 2448 sutem
1847 2382 2005 2466 implendi
2038 2384 2130 2463 ratio,

127 2488 201 2530 rum
224 2466 278 2530 ubi
300 2467 475 2532 homuncio
497 2469 659 2550 quispiam
681 2492 722 2534 ex
744 2470 881 2554 pulvere
902 2492 1047 2561 emersus
1068 2473 1103 2537 in
1155 2469 1241 2553 quod
1266 2491 1325 2552 per
1352 2471 1534 2548 ministros,
1564 2471 1679 2554 quibus
1708 2471 1851 2536 officium
1877 2471 1939 2536 hoc
1961 2469 2132 2536 mandavit

128 2553 261 2617 nomine
278 2552 343 2618 Dei
360 2554 512 2636 loquitur,
537 2555 590 2621 hic
607 2563 754 2620 nostram
772 2577 851 2639 erga
868 2557 978 2621 Deum
995 2559 1103 2639 ipsum
1155 2563 1190 2619 et
1209 2556 1357 2622 muneris
1380 2557 1520 2622 obeundi
1543 2558 1683 2640 gratiam
1704 2556 1849 2634 eontulit,
1877 2578 1936 2621 sua
1958 2555 2044 2620 dona
2063 2555 2131 2621 dis·

125 2640 279 2720 pietatem
302 2649 335 2704 et
355 2638 595 2705 observantiam
618 2641 739 2724 optimo
757 2643 941 2707 testimonio
959 2640 1103 2708 deelara-
1154 2649 1272 2723 pensat
1303 2664 1341 2707 ac
1374 2641 1542 2708 distribuit
1574 2642 1743 2715 ecelesiae,
1777 2663 1876 2724 seque
1909 2640 1989 2706 adeo
2021 2644 2131 2724 ipsum

125 2746 207 2801 mus,
231 2726 259 2790 si
280 2724 400 2791 dociles
422 2747 482 2792 nos
504 2726 696 2793 exhibemus
719 2730 787 2792 eius
809 2729 976 2806 ministro,
1001 2750 1103 2811 quum
1154 2736 1360 2809 praesentem
1387 2728 1624 2811 quodammodo
1652 2728 1799 2805 exbibet,
1828 2727 1961 2810 spiritus
1988 2729 2040 2791 sui
2062 2727 2130 2792 vir·

126 2810 216 2875 nulla
244 2819 355 2876 tamen
382 2812 416 2875 in
444 2833 480 2876 re
507 2835 567 2878 nos
594 2814 740 2878 excellat.
785 2813 860 2880 Hae
881 2815 982 2898 igitur
1004 2816 1103 2879 etiam
1154 2819 1259 2876 tutem
1281 2813 1316 2877 in
1338 2835 1400 2878 sua
1421 2815 1482 2880 hac
1504 2815 1710 2879 institutione
1734 2813 1927 2891 exserendo,
1957 2835 1998 2877 ne
2021 2814 2130 2878 inanis

125 2917 224 2962 causa
251 2897 400 2963 coelestis
427 2919 507 2964 suae
535 2899 715 2983 sapientiae
741 2899 937 2966 thesaurum
956 2901 992 2964 in
1014 2902 1102 2966 vasis
1154 2897 1198 2961 sit
1218 2900 1270 2963 vel
1293 2900 1404 2965 otiosa.
1444 2898 1500 2966 Sic
1521 2901 1715 2965 instauratio
1737 2908 1925 2965 sanctarum
1945 2898 2129 2983 peragitur;

124 2982 295 3066 fragilibus
323 3003 361 3048 ac
386 2983 485 3049 luteis
513 2985 697 3065 abscondit,
731 3008 795 3069 quo
822 2987 943 3065 certius
973 2988 1101 3069 experi·
1154 2984 1200 3050 sie
1230 2984 1420 3050 aedificatur
1446 3007 1564 3068 eorpus
1586 2986 1711 3052 Christi
1718 3008 1726 3064 ;
1758 2987 1803 3051 sic
1833 2984 2047 3050 adolescimus
2068 3006 2129 3068 per

123 3078 272 3133 mentum
299 3069 414 3152 capiat,
437 3071 550 3152 quanti
572 3091 592 3134 a
614 3072 708 3137 nobis
728 3074 794 3138 fiat.
839 3072 893 3137 Ad
915 3073 997 3138 haee
1018 3072 1101 3137 nibil
1153 3071 1264 3135 omnia
1284 3072 1320 3135 in
1342 3093 1417 3136 eum
1439 3073 1495 3155 qui
1517 3081 1568 3136 θεῖ
1588 3080 1700 3157 caput,
1730 3077 1763 3136 et
1784 3071 1872 3135 inter
1893 3091 1954 3134 nos
1976 3070 2140 3156 coaleseiq

125 3152 167 3216 ad
193 3154 366 3219 fovendam
392 3165 542 3221 mutuam
564 3159 735 3224 caritatem
762 3158 871 3240 aptius
893 3166 979 3237 erat,
1002 3180 1101 3241 quam
1153 3177 1241 3235 mus;
1269 3158 1315 3223 sio
1342 3157 1524 3242 redigimur
1550 3180 1662 3224 omnes
1684 3159 1718 3221 in
1741 3158 1904 3221 unitatem
1926 3155 2068 3236 Christi,
2098 3156 2128 3222 si

125 3238 187 3302 hoc
215 3239 346 3305 vinculo
374 3241 641 3329 homines,inter
661 3265 697 3307 se
719 3245 879 3328 colligari,
908 3245 987 3311 dum
1014 3266 1101 3310 unus
1151 3241 1324 3391 prophetia
1344 3244 1430 3309 inter
1451 3265 1512 3309 nos
1533 3245 1632 3328 viget,
1655 3244 1683 3309 si
1705 3242 1868 3327 apostolos
1890 3242 2074 3326 recipimus,
2097 3242 2127 3307 ai

125 3324 335 3389 constituitur
360 3334 473 3410 pastor
499 3328 555 3410 qui
582 3329 725 3412 reliquos
753 3331 850 3396 simul
883 3330 1012 3409 doceat;
1045 3331 1101 3413 qui
1174 3329 1333 3394 octrinam
1370 3330 1464 3395 uobis
1502 3330 1764 3396 administratam
1801 3350 1867 3393 non
1903 3349 2125 3410 aspernamur.

124 3428 203 3474 vero
226 3408 374 3493 discipuli
395 3435 467 3478 esse
488 3412 651 3493 iubentur,
674 3437 879 3481 communem
900 3439 942 3481 ex
959 3436 1027 3481 uno
1045 3437 1100 3482 ono
1151 3414 1318 3479 Ecclesiae
1339 3437 1417 3499 ergo
1440 3415 1699 3499 dissipationem,
1728 3415 1781 3480 vel
1810 3415 1941 3480 ruinam
1962 3415 2070 3495 potius
2092 3421 2127 3478 et

125 3493 308 3560 doctrinam
326 3500 502 3580 excipiunt
531 3496 570 3564 si
587 3501 675 3564 enim
693 3502 756 3567 sibi
773 3503 908 3585 quisque
925 3503 1098 3580 sufficeret,
1153 3500 1291 3564 exitium
1312 3501 1446 3566 molitur
1463 3503 1608 3586 quisquis
1630 3501 1778 3567 ordinem
1800 3501 1889 3566 hune
1911 3499 1951 3564 de
1973 3521 2037 3583 quo
2059 3499 2127 3567 dis-

124 3601 184 3644 nee
206 3579 367 3664 indigeret
389 3584 524 3648 alterius
545 3606 657 3669 opera,
686 3608 771 3669 quae
792 3589 945 3669 superbia
966 3596 1016 3654 est
1037 3589 1099 3653 hu·
1150 3592 1313 3668 putamus,
1337 3593 1370 3651 et
1392 3587 1453 3653 hoc
1474 3609 1579 3672 genus
1601 3587 1771 3672 regiminis
1791 3586 1845 3653 vel
1862 3585 1989 3651 abolere
2007 3585 2125 3665 studet,

124 3667 215 3729 mani
243 3667 380 3749 ingenii,
409 3678 632 3737 contemneret
658 3673 794 3755 quisque
816 3673 895 3738 alios
917 3673 1012 3738 stab
1034 3674 1099 3739 illis
1151 3671 1206 3738 vel
1232 3674 1325 3754 quasi
1351 3673 1461 3739 minus
1487 3675 1706 3740 necessarium
1736 3673 1850 3738 elevat
1895 3672 2009 3755 Neque
2038 3672 2125 3735 enim

124 3760 396 3818 contemneretur.
421 3754 530 3834 Quem
547 3758 649 3840 igitur
665 3760 891 3824 firmissimum
909 3759 1099 3825 retinendae
1151 3758 1205 3824 vel
1232 3758 1309 3824 solis
1335 3758 1446 3826 lumen
1474 3782 1512 3825 eo
1539 3758 1641 3834 calor,
1672 3759 1726 3824 vel
1752 3759 1843 3823 cibus
1871 3778 1908 3822 ae
1934 3766 2029 3904 potus
2056 3766 2125 3821 tam

123 3839 260 3902 unitatis
281 3838 403 3903 nodum
425 3841 493 3905 fore
514 3843 657 3925 providit
675 3845 848 3926 Dominus,
871 3866 908 3909 eo
931 3843 1100 3911 eeclesiam
1151 3852 1231 3909 sunt
1248 3847 1412 3927 praesenti
1435 3847 1524 3913 vitae
1551 3843 1709 3910 fovendae
1729 3864 1767 3910 ac
1784 3844 1932 3908 sustinen
1956 3861 1993 3905 ae
2011 3861 2125 3906 neces·

124 3945 219 3988 suam
237 3923 422 4004 adstrinxit,
446 3926 524 3991 dum
546 3929 660 3993 salutis
682 3951 719 3996 ac
741 3932 830 3996 vitae
852 3939 1003 3996 aeternae
1025 3931 1100 3997 doe·
1152 3931 1258 4009 saria,
1291 3951 1389 4013 quam
1422 3939 1471 3997 est
1503 3928 1744 3996 conservandae
1776 3930 1811 3992 in
1844 3928 1939 3992 terris
1970 3927 2125 4015 ecclesiae

124 4011 247 4074 trinam
270 4010 355 4092 apud
375 4011 522 4078 homines
540 4013 698 4096 deposuit,
722 4024 761 4080 ut
776 4039 836 4100 per
853 4039 966 4083 eorum
982 4037 1099 4082 manus
1153 4017 1364 4099 apostolicum
1387 4038 1424 4082 ac
1446 4016 1607 4099 pastorale
1628 4035 1759 4078 munus.

123 4097 257 4179 reliquis
280 4098 542 4163 communicaret.
581 4100 658 4166 Huc
679 4105 823 4185 respexit
842 4104 976 4181 Paulus,
999 4125 1100 4186 quum
1239 4106 1267 4168 3.
1300 4101 1446 4167 Proinde
1463 4122 1563 4183 supra
1581 4100 1739 4177 admorsae,
1761 4099 1869 4162 Deum
1886 4100 2002 4182 quibus
2019 4100 2127 4182 potuit

124 4182 277 4264 Ephesiis
300 4182 344 4265 (4,
369 4189 388 4246 4
412 4184 515 4266 seqq.)
539 4184 708 4251 scriberet:
732 4209 835 4253 unum
857 4211 990 4272 eorpus,
1014 4211 1100 4255 unus
1152 4189 1266 4272 elogiis
1288 4189 1358 4253 eius
1379 4182 1573 4271 dignitatem
1591 4186 1684 4250 nobis
1701 4206 1798 4267 saepe
1817 4186 2065 4263 commendasse,
2088 4192 2126 4249 ut

124 4268 272 4350 spiritus,
300 4269 574 4350 quemadmodum
601 4280 635 4335 et
661 4274 767 4338 vocati
793 4276 870 4340 estis
897 4277 932 4339 in
954 4297 1022 4340 una
1042 4296 1099 4357 spe
1152 4275 1186 4338 in
1212 4295 1339 4338 summo
1367 4274 1490 4338 honore
1517 4294 1555 4338 ao
1577 4271 1697 4356 pretio,
1726 4276 1883 4353 tanquam
1905 4294 1957 4337 res
1979 4271 2126 4334 omnium

123 4355 303 4420 vocationis
326 4363 470 4434 vestram
491 4377 579 4420 unus
600 4357 773 4438 Dominus,
795 4382 862 4425 una
883 4361 973 4440 fides,
996 4382 1100 4425 unum
1152 4360 1444 4443 praestantissima,
1475 4358 1562 4442 apud
1584 4379 1644 4423 nos
1666 4367 1760 4422 esset.
1805 4356 1981 4442 Singulare
2004 4355 2124 4421 benefi-

123 4438 292 4523 baptisma,
311 4462 400 4506 unus
417 4440 511 4506 Deus
528 4447 562 4506 et
578 4451 671 4526 pater
688 4445 843 4525 omnium,
862 4447 918 4528 qui
935 4453 985 4512 est
1002 4467 1101 4530 super
1152 4447 1238 4511 oium
1266 4468 1301 4511 se
1328 4446 1516 4511 hominibus
1542 4443 1672 4528 largiri,
1701 4442 1846 4509 doctores
1873 4445 1920 4508 eis
1942 4440 2126 4521 excitando,

124 4527 249 4605 omnia,
274 4533 307 4591 et
328 4548 386 4610 per
408 4529 532 4605 omnia,
564 4536 597 4593 et
618 4530 654 4592 in
676 4529 826 4596 omnibus
847 4532 954 4597 nobis:
984 4553 1099 4597 verum
1151 4538 1300 4610 testatur,
1319 4532 1376 4597 ubi
1393 4531 1484 4598 iubet
1499 4532 1694 4616 prophetam
1712 4529 1789 4614 (Ies.
1810 4534 1860 4609 52,
1881 4529 1915 4614 7)
1933 4528 2126 4608 exclamare,

124 4613 297 4694 unicuique
324 4621 475 4678 nostrum
505 4612 583 4679 data
609 4623 659 4680 est
680 4614 786 4698 gratia
808 4617 986 4682 secundum
1007 4638 1100 4682 men·
1150 4617 1306 4700 pulchros
1323 4640 1394 4684 esse
1411 4618 1510 4701 pedes
1527 4626 1562 4683 et
1579 4619 1712 4682 beatum
1729 4615 1907 4680 adventum
1929 4613 2127 4679 annuntian-

124 4717 237 4761 suram
267 4697 451 4765 donationis
474 4699 608 4766 Christi.
656 4698 864 4784 Quapropter
886 4702 977 4768 dicit:
1001 4724 1100 4786 quum
1151 4705 1235 4768 tium
1256 4725 1384 4787 pacem;
1406 4726 1508 4786 quum
1531 4703 1694 4786 apostolos
1716 4702 1823 4766 lucem
1839 4700 1957 4765 mundi
1974 4707 2007 4764 et
2024 4699 2127 4764 salem

125 4784 324 4849 ascendisset
352 4786 387 4850 in
415 4785 532 4866 altum,
563 4787 728 4871 captivam
750 4786 845 4851 duxit
866 4789 1098 4870 captivitatem,
1151 4796 1260 4854 terrae
1280 4791 1431 4854 nominat
1452 4789 1585 4873 (Matth.
1606 4794 1633 4868 5,
1657 4790 1704 4850 13.
1727 4786 1791 4870 14).
1833 4787 1903 4852 Neo
1926 4784 2126 4868 splendidius

124 4867 214 4932 dedit
236 4868 320 4934 dona
342 4872 544 4951 hominibus;
577 4875 634 4956 qui
655 4873 836 4954 descendit,
864 4871 952 4938 idem
972 4874 1027 4940 ille
1049 4882 1100 4939 est
1151 4876 1262 4940 ornari
1283 4883 1411 4958 poterat
1432 4876 1493 4940 hoo
1515 4875 1666 4949 officium,
1689 4893 1788 4954 quam
1809 4893 1911 4957 quum
1933 4871 2017 4936 dixit
2028 4870 2125 4955 (Luc.

1155 4965 1202 5040 10,
1230 4961 1297 5044 16);
1326 4963 1383 5046 qui
1405 4982 1463 5033 ros
1485 4960 1593 5036 audit,
1622 4979 1677 5022 me
1698 4955 1804 5039 audit;
1831 4960 1888 5042 qui
1908 4979 1967 5024 vos
1989 4956 2124 5039 spernit,

1151 5068 1204 5111 me
1226 5048 1363 5130 spernit.
1406 5043 1474 5112 Sed
1501 5045 1613 5110 nullus
1640 5052 1691 5109 est
1717 5042 1878 5111 illustrior
1905 5043 1996 5111 loeus
2025 5064 2125 5126 quam

190 5158 219 5225 1)
238 5160 276 5213 Oa
323 5163 346 5215 1.
366 5172 430 5217 sect.
449 5162 474 5217 5.
533 5163 563 5233 2)
581 5166 653 5237 Lege
671 5167 787 5236 August.
807 5166 867 5219 libr.
888 5165 911 5219 1.
931 5165 965 5220 de
983 5165 1098 5220 doctrin.
1151 5133 1240 5216 apud
1261 5134 1291 5197 P
1292 5133 1404 5198 aulum
1424 5134 1461 5197 in
1483 5130 1626 5198 fleounda
1646 5128 1688 5193 “d
1710 5127 1896 5197 Gorlfllhiffl
1919 5130 1960 5213 (e.
1981 5134 1998 5194 3
2022 5140 2056 5194 et
2077 5128 2123 5214 4))
2237 5150 2248 5165 ’

55 5184 59 5190 ⁴
118 5226 219 5281 chria.
239 5246 261 5282 c.
332 5248 407 5301 seqq.
1150 5219 1207 5283 ubi
1240 5219 1325 5285 hanc
1357 5219 1580 5301 quaestionem
1611 5215 1703 5282 velut
1738 5239 1779 5282 ex
1818 5217 1962 5302 professo
1996 5222 2124 5282 tractat
