4672 5842
241 297 304 360 215
571 367 573 370 y
892 288 1158 357 maurulio
1181 290 1285 355 RDL.
1309 287 1489 355 cuman
1516 293 1607 354 1559.
2184 289 2249 354 116
2321 280 2324 284 ’

242 504 337 548 sasso
357 481 499 565 pardae
516 481 733 563 Aapastiaua,
762 480 898 544 amitte
917 479 983 559 fere
1003 481 1097 543 areas
1112 485 1221 560 postea
1273 497 1359 559 opas
1407 478 1472 558 Qua
1504 498 1597 543 senas
1624 478 1703 543 alibi
1721 480 1810 558 dicit,
1840 477 1946 544 Deam
1973 477 2117 559 assequi
2144 478 2250 542 amaia

242 571 279 634 ia
311 569 458 634 olatatris
484 567 704 631 raorraolroram
731 572 878 631 raretum
903 565 975 645 fait.
1025 565 1221 630 Lombordas
1273 568 1419 646 operatur
1441 567 1476 628 ia
1498 565 1640 628 armabas
1662 566 1693 648 (l
1716 565 1789 630 Oor.
1814 569 1861 643 12,
1875 565 1919 649 6).
1951 565 2059 644 Neque
2080 565 2164 628 enim
2184 563 2251 628 {aa

243 654 870 734 autem,qaamrreoessitatemacoaaioao
883 652 1219 734 distirrpaereoosctret,
1272 651 1310 714 de
1330 651 1503 715 arrioersoto'
1529 650 1748 733 paenuriae
1773 652 1913 729 disserit,
1941 651 1995 715 aad
2023 650 2169 715 bonomo
2187 670 2251 715 oar·

236 742 414 821 perrotor‘oso
436 741 536 804 errori
556 740 721 821 aratoriam
741 738 833 802 dedit.
1271 739 1370 814 aiant,
1399 737 1510 817 quibas
1527 737 1641 818 polleat
1661 736 1784 816 fideles,
1813 738 1937 801 laadan
1963 737 2077 800 assae
2094 737 2152 800 aar
2172 733 2251 802 Deo.

329 830 358 888 6.
392 825 591 906 Eeoppoeito
610 829 756 905 reputare
773 844 881 904 operae
898 823 1036 902 pret-ium
1054 828 1106 900 eet,
1128 825 1220 904 quote
1276 822 1391 886 Οιιιιιὶα
1412 827 1515 886 autem
1536 822 1678 900 danao,
1707 829 1783 888 aaa
1804 823 1843 887 ab
1863 823 1954 887 ireitio
1975 823 2019 886 ad
2037 822 2131 902 finem
2152 840 2250 972 ogque

241 912 284 976 eit
305 910 436 975 divinae
458 910 583 993 matina
600 909 790 983 remedium,
812 930 875 990 quo
899 918 1035 973 naturae
1059 910 1218 975 vitiositas
1271 906 1376 972 Dara
1397 909 1577 988 spiritualis
1598 909 1679 972 ottae
1701 915 1838 974 autorem
1853 909 1946 989 faoit;
1967 909 2049 990 quod
2070 908 2105 971 id
2206 906 2250 972 iis

240 994 409 1079 arripitur
428 1017 464 1060 ao
477 1001 617 1060 sonatur.
651 996 737 1058 Nam
750 1016 850 1076 quum
862 995 1026 1059 Dominus
1043 997 1079 1059 in
1095 1017 1154 1078 ope
1170 998 1217 1060 fe-
1271 992 1372 1057 eoois
1396 994 1495 1075 priua
1521 995 1679 1072 docuerat,
1705 995 1812 1075 fideles
1838 1016 1877 1059 ea
1899 994 1967 1058 Deo
1994 1014 2059 1059 esse
2083 994 2187 1058 diceas
2214 992 2250 1057 ia

241 1081 354 1161 reuda,
374 1082 461 1164 quod
473 1083 565 1146 nobis
577 1081 668 1145 deest
677 1081 846 1164 largiatur,
860 1081 916 1144 ubi
928 1082 1112 1146 constiterit
1122 1082 1218 1164 quale
1272 1077 1394 1143 Christo
1411 1080 1512 1163 (Eph.
1536 1084 1561 1158 l,
1579 1080 1626 1164 l):
1647 1081 1701 1144 abi
1717 1085 1821 1163 operte
1841 1101 1954 1145 amam
1972 1081 2162 1158 arataeo,
2183 1100 2250 1161 quo

240 1169 284 1234 sit
305 1169 340 1232 in
362 1168 455 1232 nobis
476 1167 564 1231 illius
584 1188 680 1249 opus,
709 1186 790 1247 quae
818 1168 861 1231 sit
888 1187 906 1229 c
928 1189 1084 1264 convorso
1106 1178 1218 1232 nostra
1270 1165 1408 1263 aboletur
1429 1167 1512 1263 qood
1528 1168 1700 1262 cormaaraa
1717 1171 1851 1231 natmae
1868 1171 1920 1244 est,
1942 1167 2144 1264 commatdat.
2171 1164 2250 1229 Sab-

239 1251 1218 1422 latrastis}15¹ttf³500bd¹¹tt¹qtttqtttbt
1270 1251 1875 1418 tttttttttttt‘ftt
1894 1250 2249 1402 {libitima}

240 1425 277 1489 in
298 1425 377 1506 ipsis
399 1446 479 1506 opus
501 1424 638 1498 bonum,
661 1425 864 1505 perfecturus
886 1424 929 1488 sit
950 1446 1052 1507 usque
1074 1427 1108 1488 iu
1131 1424 1217 1490 diem
1268 1421 1433 1501 facturam,
1454 1428 1570 1487 acatos
1588 1425 1622 1487 ia
1642 1422 1763 1488 Christo
1781 1424 1822 1488 ad
1843 1423 1923 1488 borao
1943 1445 2045 1505 opera,
2062 1443 2143 1504 qaae
2154 1442 2250 1504 prae-

240 1511 317 1575 Iesu
329 1510 462 1583 Christi,
486 1531 552 1572 non
571 1509 705 1573 dubium
729 1509 807 1590 quin
830 1531 888 1591 per
911 1510 985 1574 boni
1003 1512 1109 1592 operis
1126 1513 1217 1593 prin·
1263 1509 1395 1589 paravit
1416 1513 1449 1571 at
1471 1510 1505 1571 ia
1527 1509 1594 1573 iltis
1616 1510 1806 1574 sodalemne
1824 1509 1915 1591 (ibid.
1936 1514 1964 1587 2,
1981 1508 2043 1592 10).
2078 1509 2149 1573 Hae
2166 1509 2250 1571 caim

239 1597 374 1679 cipium,
408 1596 513 1677 ipsam
541 1595 762 1659 conversionis
791 1596 966 1678 originem.
1000 1609 1154 1679 quaeest
1183 1599 1216 1661 in
1268 1595 1387 1658 ratione
1409 1595 1544 1675 probare
1565 1594 1631 1658 salt
1655 1597 1830 1677 prataitam
1856 1616 1922 1660 esse
1942 1600 2080 1659 nostram
2100 1594 2250 1674 solutam

238 1680 415 1754 voluntate,
440 1679 595 1762 designet.
640 1681 771 1744 Bonum
790 1682 901 1762 itaque
926 1703 1006 1765 opus
1029 1683 1160 1747 inchoat
1182 1685 1216 1747 in
1268 1680 1344 1758 qaia
1366 1680 1494 1743 initium
1516 1682 1618 1744 ornate
1639 1680 1710 1744 boui
1731 1682 1774 1746 sit
1795 1681 1962 1746 asooaada
1981 1681 2132 1745 creatione
2153 1701 2249 1761 quam

236 1766 331 1831 nobis
352 1767 459 1841 Deus,
491 1767 636 1830 iustitiae
664 1777 697 1830 et
724 1787 870 1830 aurorem
899 1776 932 1831 et
959 1767 1156 1832 desiderium
1183 1780 1217 1834 et
1267 1766 1302 1827 io
1327 1763 1448 1830 Christo
1478 1768 1701 1846 caaaqatmar.
1745 1767 1847 1848 Atqui
1875 1768 1906 1831 ai
1933 1787 1997 1847 qao
2018 1772 2095 1831 esset
2121 1766 2169 1831 vel
2189 1767 2249 1830 mi-

237 1851 383 1916 studium
406 1853 441 1915 in
464 1851 616 1916 cordibus
638 1852 758 1916 nostris
781 1852 968 1930 excitand03
999 1855 1048 1918 vel
1072 1856 1125 1934 (ut
1146 1877 1215 1918 ma·
1267 1852 1355 1913 orioro
1371 1872 1409 1914 es
1427 1852 1514 1916 nobis
1529 1853 1673 1932 facultas
1691 1853 1800 1932 aliqua
1817 1855 1911 1917 etiam
1928 1857 2003 1917 esset
2018 1853 2123 1916 meriti
2134 1853 2247 1933 portae.

236 1938 287 2022 gis
313 1938 443 2020 proprie
472 1937 658 2020 loquamur)
687 1937 784 2001 corda
811 1949 923 2002 nostra
946 1940 1119 2017 flectendo,
1150 1942 1214 2005 for·
1276 1936 1392 1999 Veram
1412 1943 1448 2000 ut
1464 1958 1519 2000 aas
1535 1958 1670 2018 prorsas
1686 1938 1858 2016 sairraaiat,
1880 1939 1962 2003 aitril
1977 1939 2165 2019 prornert'toe
2181 1958 2246 2004 ease

150 2057 160 2073 ·
236 2023 364 2100 mando,
398 2021 568 2106 dirigendo
596 2025 631 2086 in
660 2023 832 2099 iustitiam;
862 2027 989 2107 perficit
1019 2037 1143 2103 autem,
1172 2027 1214 2091 ad
1265 2023 1487 2101 ratiomratar,
1515 2025 1593 2104 qaia
1621 2025 1656 2087 ia
1680 2022 1802 2088 Christo
1829 2024 1944 2089 ooaditr'
1969 2044 2080 2088 sumta
2102 2025 2144 2088 ad
2166 2023 2245 2088 borsa

234 2110 512 2192 perseverantiam
545 2131 604 2172 nos
637 2110 869 2173 confirmando.
915 2111 965 2175 Ne
999 2113 1070 2192 quis
1098 2134 1117 2175 a
1144 2114 1213 2176 Do·
1266 2127 1360 2188 opera
1392 2130 1471 2188 qaae
1497 2110 1706 2189 praeparavit
1728 2109 1833 2174 Dare:
1865 2109 1977 2191 aridae
2005 2109 2106 2174 verbis
2135 2110 2246 2173 teram

234 2196 324 2258 mino
354 2193 473 2258 bonurn
500 2194 644 2259 inchoari
665 2196 914 2278 tergiversetur,
943 2197 1029 2278 quod
1052 2197 1211 2276 voluntas,
1265 2193 1421 2274 siarifiat
1437 2214 1540 2258 oroaes
1557 2196 1706 2259 bonoram
1726 2216 1852 2276 aprorum
1871 2201 1979 2277 partes
2001 2217 2022 2258 a
2038 2196 2145 2277 priato
2162 2201 2246 2259 mota

234 2302 293 2363 per
326 2301 360 2343 se
389 2280 535 2356 infirma,
570 2278 756 2356 adiuvetur,
791 2282 870 2346 alibi
903 2281 1046 2347 declarat
1078 2284 1213 2365 spiritus
1266 2276 1328 2341 Dei
1347 2300 1411 2342 esse
1426 2281 1585 2362 proptiae.
1622 2281 1693 2344 Hoc
1713 2283 1832 2346 ratione
1847 2281 2009 2362 propheto,
2024 2286 2193 2363 postauam
2209 2283 2245 2345 io

179 2416 187 2436 .
234 2365 313 2448 quid
337 2365 444 2429 valeat
464 2365 616 2430 voluntas
638 2366 699 2430 sibi
720 2367 842 2433 relicta.
883 2369 987 2441 Deba,
1010 2370 1117 2451 inquit
1138 2371 1211 2453 (Er.
1267 2362 1397 2428 Psalmo
1425 2366 1507 2430 dixit
1533 2386 1588 2429 aas
1608 2366 1673 2431 Der·
1702 2388 1767 2431 esse
1786 2369 1964 2449 domatum
1982 2365 2084 2451 (Psal.
2109 2372 2179 2445 100,
2200 2367 2243 2451 3),

236 2455 285 2528 36,
307 2450 372 2534 26),
395 2452 487 2516 vobis
505 2472 561 2516 eor
579 2473 709 2531 novum,
727 2455 878 2534 spiritum
897 2476 1018 2518 novum
1040 2476 1160 2537 ponam
1177 2458 1212 2520 in
1264 2470 1303 2513 oe
1329 2471 1392 2530 aaa
1416 2449 1473 2530 fiat
1495 2453 1640 2533 partitio,
1669 2473 1740 2516 mar
1761 2454 1919 2536 adiaaoit:
1947 2473 2009 2517 aaa
2035 2451 2166 2533 fecimus
2187 2474 2244 2518 uos

233 2535 340 2600 medio
368 2538 484 2613 vestri,
518 2547 552 2600 et
584 2539 729 2602 auferam
760 2561 816 2604 eor
847 2538 1014 2622 lapideum
1047 2539 1086 2604 de
1114 2563 1212 2607 carne
1264 2537 1336 2616 11136
1380 2535 1431 2600 De
1461 2539 1684 2620 reyetwraiimw
1710 2559 1780 2602 111111
1808 2540 1909 2620 loqui,
1943 2559 2022 2620 W
2044 2539 2242 2619 primitium

234 2630 351 2700 vestra,
371 2631 404 2686 et
422 2621 504 2686 dabo
521 2624 680 2687 vobiscor
697 2644 862 2701 carneum,
883 2635 915 2688 et
933 2627 1083 2707 spiritum
1101 2649 1212 2692 meum
1263 2626 1306 2684 est
1335 2623 1516 2703 spiritualis
1544 2625 1640 2701 vilae,
1670 2645 1708 2687 ex
1735 2631 1873 2689 carras
1890 2630 1995 2705 potet,
2025 2624 2080 2688 abi
2100 2626 2242 2689 matiana

232 2729 352 2790 ponam
381 2709 416 2771 in
444 2708 550 2773 medio
578 2711 695 2788 vestri,
723 2710 896 2776 etfaciam
917 2724 954 2774 ut
976 2713 1011 2774 in
1033 2717 1212 2796 praeceptis
1257 2712 1331 2786 post
1352 2710 1502 2788 secutur,
1520 2730 1577 2774 oos
1597 2729 1662 2774 esse
1678 2711 1912 2792 poptdaraeias
1929 2716 1957 2775 et
1973 2730 2096 2793 prooem
2112 2729 2244 2791 pacato-

232 2795 313 2858 meis
340 2794 523 2859 ambuletis,
569 2794 652 2875 Quis
665 2796 689 2877 ¹)
718 2796 897 2860 voluntatis
927 2797 1092 2863 humanae
1120 2801 1211 2864 infir.
1263 2795 1433 2868 ruricius.
1485 2794 1635 2860 Valerius
1660 2801 1778 2875 auteur,
1808 2802 1927 2873 taxatos
1948 2801 2103 2861 araneas
2120 2796 2243 2879 sirapti·

231 2881 379 2944 mitatem
406 2880 485 2945 dicit
512 2881 654 2946 subsidio
682 2881 843 2959 roborari,
873 2904 936 2964 quo
965 2882 1007 2946 ad
1028 2883 1104 2948 boni
1127 2885 1210 2952 eleo·
1263 2878 1338 2942 citer
1354 2880 1468 2944 salotis
1486 2886 1608 2946 nostrae
1619 2880 1744 2946 laudem
1754 2882 1821 2946 Deo
1831 2882 1960 2961 dodasc,
1978 2882 2092 2947 aborto
2108 2881 2243 2947 oboram

230 2967 353 3030 tionem
375 2967 550 3031 efficaciter
573 2968 707 3049 aspiret,
738 2989 839 3048 quum
861 2969 1087 3034 transformari
1114 2993 1210 3035 reno-
1262 2965 1639 3047 &memonasterium
1656 2970 1749 3050 quaa
1761 2968 1931 3046 discretae
1948 2968 2106 3033 tortitiam
2117 2969 2243 3049 quiden

229 3053 365 3132 verique
387 3062 488 3114 totam
511 3051 681 3134 oporteat?
727 3051 766 3117 Si
787 3073 853 3133 qua
874 3064 924 3119 est
944 3055 977 3118 in
1004 3055 1111 3138 lapide
1128 3059 1210 3122 mol·
1262 3055 1381 3116 restare
1403 3051 1521 3116 leontiae?
1544 3053 1579 3117 r'a
1596 3074 1656 3134 quo
1676 3053 1836 3136 olora'otar,
1858 3055 1936 3136 qaia
1951 3059 2048 3119 totam
2061 3074 2082 3117 a
2098 3054 2168 3118 Deo
2186 3060 2240 3118 est.

230 3135 330 3213 lities,
358 3157 440 3217 quae
462 3135 659 3203 adminiculo
680 3139 823 3202 tenerior
844 3140 930 3205 facte
952 3142 1074 3205 flexum
1097 3164 1209 3225 quem·
1349 3142 1376 3200 7·
1423 3135 1490 3202 Sed
1519 3148 1616 3202 erunt
1642 3140 1726 3203 forte
1752 3140 1808 3221 qui
1829 3139 2005 3204 concedent
2025 3139 2239 3218 voluntatem,

229 3219 309 3285 libet
330 3221 472 3303 recipiat,
496 3244 601 3305 noque
624 3222 743 3289 ductile
761 3245 832 3290 esse
849 3247 905 3291 cor
923 3227 1064 3292 hominis
1082 3230 1209 3313 negabo
1260 3243 1281 3286 a
1301 3222 1386 3287 bono
1408 3232 1523 3306 suopte
1546 3225 1679 3308 ingenio
1698 3246 1858 3304 aversam,
1877 3225 1946 3290 sola
1961 3225 2096 3289 Domini
2117 3225 2239 3290 virtute

229 3307 265 3372 in
293 3309 372 3372 recti
401 3307 633 3388 obedientiam,
661 3310 757 3375 modo
779 3312 886 3394 gratia
907 3313 972 3377 Dei
1001 3313 1088 3395 quod
1114 3316 1149 3379 in
1170 3338 1208 3381 eo
1259 3310 1419 3388 convertb
1451 3311 1496 3374 sio
1528 3321 1639 3376 tamen
1670 3320 1708 3375 ut
1735 3320 1929 3393 praeparata
1955 3331 2031 3394 suae
2059 3309 2175 3375 deinde
2202 3312 2240 3375 in

229 3393 276 3457 im
300 3395 456 3458 erfectum
482 3402 532 3459 est
554 3395 753 3479 suppleatur.
797 3397 924 3462 Verum
952 3400 980 3463 si
1008 3399 1070 3465 hac
1093 3400 1206 3465 simili·
1258 3393 1385 3476 agendo
1405 3403 1516 3477 partes
1538 3396 1665 3463 habeat.
1706 3396 1990 3477 Quemadmodum
2011 3396 2105 3462 docet
2121 3398 2239 3482 Augu·

228 3487 265 3542 tu
291 3479 520 3544 'neostendere
530 3481 759 3565 voluit²)nihil
771 3505 915 3565 unquam
927 3483 1003 3548 boui
1014 3507 1206 3568 expressum
1258 3479 1374 3557 81111118,
1388 3479 1412 3563 Ι)
1440 3502 1537 3546 omne
1558 3481 1682 3547 bonum
1702 3502 1783 3566 011118
1806 3484 1947 3566 gratiam
1966 3482 2176 3566 11111110θᾶ016,
2205 3492 2239 3548 111

229 3564 272 3629 iri
294 3584 313 3626 a
335 3564 431 3628 eorde
449 3575 576 3644 nostro,
607 3567 671 3632 nisi
692 3569 823 3651 penitus
845 3569 934 3634 aliud
956 3574 1027 3648 fiat,
1056 3594 1098 3637 ne
1119 3574 1206 3638 inter
1255 3564 1290 3629 id
1312 3566 1496 3646 eomitante,
1517 3589 1586 3632 non
1607 3567 1761 3648 ducente;
1789 3568 1992 3653 pedissequa,
2016 3589 2083 3633 non
2104 3570 2237 3651 praevia

227 3651 335 3734 ipsum
357 3658 391 3715 et
412 3671 470 3716 nos
491 3652 673 3733 partiamur
694 3653 780 3736 quod
799 3656 860 3720 sibi
883 3656 941 3720 uni
963 3656 1122 3723 vendicat.
1167 3658 1206 3725 Si
1256 3650 1433 3717 V011111law·
1466 3653 1554 3733 Quod
1574 3674 1635 3718 novt
1656 3654 1738 3718 mole
1757 3660 1903 3718 (131111άο
1924 3656 1992 3719 viro
2009 3655 2126 3720 atam
2140 3675 2234 3736 prat»

227 3757 305 3821 ergo
338 3736 422 3818 lapis
449 3737 485 3801 in
517 3759 649 3802 carnem
681 3741 950 3820 transformatur,
983 3742 1112 3824 quando
1145 3767 1205 3810 noe
1250 3743 1371 3818 potiere
1392 3738 1451 3802 duc
1467 3740 1620 3821 delorem
1635 3738 1749 3804 Petrus
1760 3739 2003 3825 lumbardus-²)
2032 3741 2106 3825 Ego
2123 3750 2234 3804 1111111111

226 3823 319 3887 Deus
342 3821 384 3887 ad
406 3824 486 3888 recti
508 3822 653 3888 studium
675 3828 851 3904 convertit,
881 3827 1028 3893 aboletur
1049 3830 1206 3914 quidquid
1255 3828 1320 3886 tem
1347 3824 1384 3887 in
1409 3825 1587 3906 prophetae
1609 3824 1718 3889 verbis
1740 3847 1819 3906 qaae
1839 3827 1947 3905 citari,
1974 3848 2070 3909 qaam
2096 3827 2131 3891 ia
2156 3826 2234 3890 aliis

227 3915 277 3973 est
298 3909 448 3990 propriae
470 3918 602 3974 nostrae
624 3911 818 3991 voluntatis;
840 3914 926 3995 quod
947 3915 982 3978 in
1004 3916 1075 3979 eius
1095 3915 1204 3983 locum
1255 3908 1329 3974 loeis
1360 3909 1443 3974 clare
1475 3909 1539 3974 duo
1572 3910 1697 3993 signari
1723 3912 1881 3977 maenaa·
1913 3911 1999 3995 quod
2031 3921 2066 3977 et
2097 3932 2234 3996 pravam

227 3993 379 4071 succedit,
402 4003 509 4059 totum
532 4017 552 4059 a
572 3994 644 4060 Deo
667 4006 724 4062 est.
778 3997 970 4064 Voluntatem
991 4001 1058 4066 dieo
1079 4003 1203 4080 ahalai,
1255 4006 1401 4059 nostram
1433 3995 1638 4061 voluntatem
1669 3997 1812 4081 corrigat
1833 3998 2013 4078 Dominus,
2046 3999 2100 4065 vel
2125 3999 2234 4082 potius

225 4099 288 4144 naa
314 4085 465 4160 quamtus
491 4087 535 4146 est
562 4082 722 4149 voluntas·
752 4083 832 4167 μω
859 4085 895 4150 in
920 4085 1056 4151 hminis
1083 4106 1203 4152 conver.
1255 4079 1396 4157 aboleat,
1423 4091 1456 4145 et
1484 4102 1505 4145 a
1531 4104 1566 4146 se
1593 4083 1664 4164 ipso
1693 4083 1811 4148 bonam
1833 4084 2013 4150 submittat.
2059 4083 2234 4165 Quatenus

225 4165 311 4230 mone
333 4166 487 4248 iateyram
507 4172 611 4232 enarret
635 4132 720 4250 qaod
730 4168 860 4255 pamas
882 4176 925 4237 est
946 4177 1085 4237 araturae,
1131 4172 1201 4238 Ore.
1255 4166 1402 4249 agratia
1422 4169 1646 4248 praevenitur,
1672 4169 1708 4233 in
1728 4190 1766 4234 eo
1790 4177 1828 4234 ut
1844 4168 2069 4253 pedissequam
2089 4170 2233 4252 appelles

225 4252 276 4315 ori
305 4253 398 4315 etiam
418 4271 530 4316 oooom
551 4254 632 4331 dico,
662 4274 724 4320 aaa
751 4259 789 4320 ut
808 4256 952 4321 volontas
972 4278 1037 4322 esso
1058 4259 1200 4338 inceptat,
1253 4252 1313 4317 tibi
1333 4253 1502 4333 permitto;
1532 4254 1589 4319 sed
1611 4255 1688 4337 quia
1709 4257 1885 4321 reformata
1909 4277 1991 4338 opus
2015 4263 2065 4321 est
2084 4256 2230 4335 Domini,

223 4338 278 4404 sed
303 4342 337 4401 at
366 4343 503 4402 oraora
531 4359 569 4403 ex
595 4340 682 4404 mala
702 4342 738 4405 io
759 4341 877 4407 bonam.
921 4343 990 4408 Hoc
1011 4344 1046 4407 ia
1067 4344 1201 4410 solidam
1253 4337 1314 4402 1100
1335 4358 1507 4419 perperam
1530 4340 1655 4405 homini
1677 4341 1848 4419 tribuitur,
1875 4341 1960 4424 quod
1989 4343 2114 4424 gratiae
2134 4363 2231 4424 prae-

222 4444 244 4488 α
265 4424 333 4489 Deo
352 4424 424 4504 aar·
445 4423 583 4505 offiano,
616 4428 693 4507 qaia
719 4449 758 4492 ae
784 4428 828 4492 ad
851 4429 1047 4510 conitendum
1074 4431 1200 4510 qaidem
1251 4423 1396 4488 venienti
1434 4424 1626 4510 pedissequa
1668 4427 1836 4494 voluntate
1880 4427 2084 4511 obsequatur.
2151 4428 2231 4492 Ideo

222 4509 326 4575 idorwr‘
346 4531 466 4590 samos,
488 4512 589 4576 eodan
609 4514 747 4592 apostolo
768 4519 840 4577 teste
862 4513 895 4597 (2
916 4514 989 4578 Gor.
1009 4519 1038 4588 3,
1054 4517 1098 4600 a).
1133 4517 1157 4581 I
1166 4539 1200 4582 a.
1250 4530 1317 4574 non
1345 4519 1432 4575 reete
1459 4533 1479 4575 a
1506 4511 1743 4598 chrysostomo
1765 4514 1923 4596 seriptum
1945 4512 2047 4596 est:⁸)
2072 4535 2133 4578 neo
2155 4533 2230 4597 gra·

222 4615 281 4677 qao
307 4596 385 4661 alib-i
411 4598 509 4662 tradit
536 4619 598 4662 aaa
625 4599 715 4663 modo
741 4599 846 4664 Deam
878 4600 1029 4681 οριιιιὶανι·
1055 4601 1200 4682 infirma)
1250 4595 1331 4660 tiam
1349 4597 1433 4687 ‘sine
1465 4598 1646 4679 voluntate,
1685 4619 1745 4664 neo
1778 4599 1984 4665 voluntatem
2018 4600 2091 4664 sine
2121 4599 2229 4684 gratia

220 4683 386 4760 ooloaatt,
416 4683 462 4746 oet
477 4705 616 4764 pravam
637 4686 800 4767 cariam,
828 4686 883 4751 sed
909 4688 1034 4766 operari
1055 4689 1090 4752 ia
1111 4688 1199 4753 orabis
1250 4681 1427 4765 quidquam
1459 4706 1554 4767 posse
1586 4685 1723 4767 operari.
1774 4683 1879 4765 Quasi
1913 4707 1992 4752 vero
2023 4708 2089 4750 non
2121 4687 2226 4768 ipsam

221 4767 294 4832 velte
316 4766 418 4850 (Phil.
440 4772 474 4847 2,
497 4772 559 4853 13).
612 4768 697 4835 Usula
723 4771 817 4852 facile
843 4771 997 4855 cottiqdar
1013 4775 1095 4855 qaod
1116 4775 1196 4854 diat,
1249 4788 1375 4851 quoque
1395 4769 1599 4854 voluntatem
1620 4779 1773 4852 operetur
1795 4772 1917 4854 gratia,
1947 4773 2040 4837 sacti
2061 4793 2099 4837 aa
2121 4769 2225 4834 Paalo

220 4853 376 4934 quidquod
406 4853 476 4916 boni
508 4861 552 4919 est
583 4857 619 4920 ia
650 4856 822 4936 nauata,
855 4879 921 4924 esse
949 4861 1047 4926 artius
1075 4862 1198 4944 protare
1248 4874 1349 4935 nuper
1380 4855 1525 4921 Manus.
1580 4857 1694 4937 Neque
1733 4877 1810 4922 vero
1843 4859 2023 4941 Augustini
2055 4855 2224 4925 eonsilium

289 5142 317 5207 1)
338 5141 421 5195 mar
435 5143 562 5196 nonaum
579 5148 740 5198 receatrores
755 5147 839 5200 arola·
858 5150 909 5213 Qui
928 5149 1194 5215 (1617.1618.1636.
1316 5149 1344 5218 1)
1367 5144 1413 5198 Ad
1436 5143 1524 5197 Bonis.
1550 5144 1627 5212 epist
1647 5143 1705 5197 106.
1810 5147 2224 5217 messanensem.

218 5210 293 5266 1654.
313 5209 401 5277 1667),
477 5211 508 5278 2)
528 5211 643 5282 Supple:
660 5213 791 5266 Dominus
809 5232 842 5270 aa
860 5218 919 5271 edd.
937 5223 1040 5289 antiq.
1245 5218 1277 5287 3)
1294 5219 1379 5273 Serm.
1397 5213 1432 5267 de
1448 5213 1550 5266 invent.
1569 5212 1595 5266 S.
1614 5212 1716 5268 Oratis.
