4672 5842
244 298 303 358 151
888 287 1155 356 msuluoulo
1177 289 1282 353 REL.
1305 285 1486 354 CHRIST.
1511 292 1602 354 1559.
2186 288 2247 349 152

245 483 301 547 ubi
328 483 367 547 ab
393 502 457 545 000
479 486 573 561 parte
600 480 750 545 audimus
776 479 867 563 (ibid.
889 483 944 560 31,
973 477 1114 561 lt.17):
1141 477 1221 541 ocuti
1272 477 1407 540 luminis
1429 476 1575 555 arbitrio,
1599 478 1722 558 partim
1743 475 1807 539 Dei
1827 475 2027 557 procidentia
2048 475 2152 539 munia
2171 476 2248 558 per-i,

245 569 380 635 Domini
401 568 628 647 superiactae,
656 571 683 631 et
711 587 802 630 aures
825 565 956 630 eiusad
969 584 1078 645 preces
1099 574 1222 642 eorum;
1273 564 1345 627 buic
1366 567 1467 627 tamur
1489 562 1612 626 subesse
1633 562 1769 627 bomims
1791 568 1818 625 et
1839 562 1877 625 ab
1899 583 1935 625 ea
1957 561 2030 644 rapi,
2053 563 2133 625 satis
2150 562 2249 642 pardo

246 655 285 720 ab
307 654 402 718 attero
426 659 544 716 orateur:
566 652 671 717 oculus
689 652 819 717 Domim'
840 673 935 731 super
957 652 1078 731 impios,
1102 655 1136 713 ut
1150 670 1222 730 per·
1267 654 1341 731 post
1362 650 1505 726 ostendit,
1528 649 1726 729 principium
1749 649 1828 712 iilud
1849 669 1988 726 suaceus,
2010 646 2091 710 ailiit
2112 669 2177 713 esse
2198 647 2250 711 ab

244 742 300 806 dat
321 761 337 803 e
357 744 441 803 terra
458 740 641 802 memoriam
659 759 771 816 caruca,
790 739 928 802 sciamus
945 742 1105 800 creaturas
1122 755 1224 799 amites
1274 734 1405 799 surdius
1437 754 1533 815 quam
1564 733 1636 814 fieri
1668 735 1841 815 quidquam
1878 735 1944 797 ruisi
1978 734 2140 798 ordinante
2171 733 2248 811 Deo,

244 845 372 891 strrsrm
399 831 426 887 ct
454 825 595 888 deorsam
618 829 743 903 praesto
771 824 813 886 ad
839 824 1016 904 obsequium
1043 822 1162 900 adesse,
1190 826 1224 884 ut
1248 890 1250 911 Ι
1274 822 1352 903 quio
1373 825 1481 884 terrare
1503 821 1657 883 occideret.
1670 820 1695 904 ¹)
1739 822 1808 902 Qua
1829 821 1947 885 ratione
1968 826 1996 882 ct
2016 820 2250 902 castinacum

244 933 300 975 eas
322 912 358 1001 ia
379 931 588 990 quercumque
609 911 672 972 0011
693 930 785 974 cesara
808 910 1013 974 accerumodet.
1058 907 1223 972 110110001-
1274 926 1354 988 quoe
1377 906 1416 969 ab
1438 905 1597 968 bominum
1618 906 1749 970 arbitrio
1765 908 1879 988 perdet
1900 907 2049 985 accludit,
2081 927 2153 970 moa·
2179 926 2250 968 aero
2320 940 2326 952 ·

246 997 365 1080 ligitur,
384 1018 444 1060 000
461 1001 581 1059 tautam
597 997 770 1075 Ι0000001000
788 997 857 1058 eius
871 994 1105 1075 procidentiam
1123 995 1224 1075 ripere
1274 992 1393 1057 otarius
1430 1012 1558 1056 causam
1586 1011 1651 1055 esse
1683 993 1893 1072 quacrurdam
1931 1013 2047 1074 repam
2085 992 2252 1056 amaritate

246 1084 282 1147 iu
303 1083 464 1159 creaturis,
489 1087 522 1144 ut
544 1082 832 1145 riotosracordimm
851 1083 1019 1159 coriticam,-
1040 1080 1224 1144 00110000-
1275 1077 1347 1142 Dei.
1395 1078 1518 1157 Qrcotics
1543 1081 1644 1140 artem
1669 1079 1892 1157 permissionis
1918 1079 1957 1142 ab
1984 1079 2052 1160 ipso
2073 1081 2184 1142 martio
2204 1077 2250 1156 at,

244 1173 311 1231 tam
339 1174 367 1231 et
387 1169 558 1248 proprium
585 1167 679 1247 fierem
707 1169 829 1246 aptari,
861 1167 1044 1230 arlutirabili
1066 1166 1135 1229 cius
1156 1186 1223 1229 coo-
1275 1163 1422 1242 quootodo
1451 1163 1505 1226 boc
1531 1162 1662 1244 intelligi
1687 1164 1790 1227 debeat
1811 1186 1849 1227 ce
1871 1186 1933 1229 urio
1955 1165 2016 1229 loco
2037 1166 2148 1246 optiroe
2164 1169 2251 1245 pate

242 1255 325 1320 sitio.
1275 1249 1332 1325 ar,
1360 1248 1413 1313 ubi
1434 1248 1497 1313 Dei
1519 1249 1701 1312 edacitatem
1729 1271 1885 1314 summam
1913 1271 1977 1314 esse
1998 1251 2112 1332 probat
2132 1257 2159 1314 et
2180 1251 2265 1332 pri?

334 1345 362 1404 8.
408 1338 474 1418 Qui
503 1339 578 1403 huic
604 1336 769 1402 doetrinae
793 1337 950 1402 iuvidiam
972 1338 1077 1401 facero
1099 1336 1222 1413 volunt,
1275 1355 1360 1397 utam
1382 1337 1518 1399 martirem
1537 1355 1679 1410 musaeu,
1710 1337 1785 1416 quia
1814 1336 1895 1399 cibit
1921 1338 1986 1401 uisi
2009 1358 2047 1401 ea
2070 1340 2161 1401 iussu
2183 1338 2251 1401 eius

249 1426 493 1491 calumniantur
514 1445 585 1488 esse
613 1422 731 1507 dognra
753 1423 937 1488 Stoicorum
967 1423 1006 1486 de
1027 1424 1107 1500 fato;
1137 1421 1224 1505 quod
1275 1419 1322 1484 oet
1347 1423 1553 1502 permissione
1586 1422 1705 1485 occidit.
1753 1421 1838 1486 Certe
1870 1444 1932 1486 000
1962 1423 2053 1505 tingit
2080 1424 2184 1487 Deum
2216 1423 2251 1486 iu

249 1518 283 1576 et
303 1512 488 1595 Augustino
503 1510 526 1594 ¹)
560 1511 793 1593 exprobratum
823 1509 998 1591 aliquando
1031 1509 1100 1572 fuit.
1154 1509 1223 1572 Nos
1275 1506 1372 1571 otiosa
1393 1507 1516 1586 specula
1537 1512 1717 1584 cessantem,
1740 1508 1817 1571 dara
1839 1509 1961 1589 aliquid
1982 1510 2047 1573 escit
2063 1511 2249 1590 permittere,

249 1598 310 1661 etsi
331 1596 370 1660 de
387 1597 495 1661 verbis
513 1597 608 1659 inviti
626 1595 800 1678 litigamus,
823 1596 881 1659 fati
899 1602 1009 1659 tamen
1028 1594 1223 1658 vocabulum
1275 1591 1329 1654 abi
1357 1593 1490 1657 actualis
1518 1597 1567 1667 (ut
1586 1593 1634 1655 ita
1656 1594 1782 1677 loquar)
1805 1596 1947 1659 coturtas
1969 1595 2142 1673 intercedit,
2172 1615 2252 1676 quoe

248 1704 314 1746 non
348 1683 536 1764 recipimus:
578 1678 649 1745 tum
684 1681 760 1762 qaia
793 1690 842 1745 est
874 1703 916 1744 ea
948 1678 1060 1745 eorum
1094 1702 1222 1763 genere,
1276 1677 1394 1760 alioqui
1416 1699 1477 1742 aori
1492 1683 1598 1758 posset
1617 1680 1733 1742 censeri
1754 1701 1860 1744 causa.

249 1790 387 1850 quorum
410 1769 562 1850 profanas
584 1768 744 1831 novitates
767 1769 914 1850 refugere
939 1788 998 1830 nos
1020 1766 1144 1830 Paulus
1167 1766 1223 1829 do·
1362 1769 1390 1828 9.
1441 1761 1604 1843 Quoniam
1638 1771 1748 1828 tamen
1782 1766 1877 1849 longe
1910 1765 1995 1830 infra
2026 1767 2251 1849 providentiae

248 1865 313 1932 cet;
336 1863 407 1917 tum
428 1854 504 1935 quia
525 1853 595 1917 siris
618 1852 690 1916 odio
713 1863 871 1917 conantur
892 1874 1030 1936 gravare
1052 1852 1116 1916 Dei
1138 1853 1223 1917 veri·
1276 1851 1340 1914 Dei
1380 1848 1585 1914 altitudinem
1623 1851 1757 1916 subsidit
1797 1853 1910 1916 ruatis
1946 1858 2070 1917 restrae
2106 1854 2251 1933 tarditas,

248 1948 358 2003 tatem.
403 1941 533 2021 Dogma
555 1960 632 2002 vero
654 1940 761 2020 ipsum
783 1939 865 2002 falso
888 1938 981 2001 nobis
1003 1960 1040 2002 ac
1063 1937 1224 2001 malitiose
1276 1935 1462 2001 adhibenda
1483 1945 1533 1999 est
1553 1957 1635 2017 quae
1658 1959 1730 2001 eam
1751 1938 1899 2002 sublevet
1920 1937 2090 2003 distinctio.
2132 1939 2251 2004 Dicam

248 2026 438 2090 obiectatur.
473 2025 546 2088 Non
566 2025 738 2089 enimcum
756 2023 874 2089 Stoicis
892 2024 1118 2087 necessitatem
1138 2045 1223 2088 eom·
1275 2023 1385 2106 igitur,
1406 2032 1570 2104 utcunque
1592 2023 1786 2088 ordinentur
1803 2025 1913 2088 omnia
1927 2025 1990 2088 Dei
2012 2025 2144 2090 consilio
2162 2036 2252 2090 certa

248 2113 454 2175 miniscimur
475 2132 516 2173 cx
538 2122 695 2193 perpetuo
717 2131 889 2174 causarum
907 2132 994 2173 nexu
1017 2116 1051 2172 01
1067 2109 1224 2191 implicita
1276 2108 1527 2190 dispensatione,
1551 2109 1644 2173 nobis
1666 2117 1777 2174 tamen
1800 2131 1870 2173 esse
1888 2110 2031 2175 fortuita.
2071 2112 2146 2175 Non
2165 2111 2252 2193 qued

248 2197 389 2279 quadam
408 2197 499 2273 serie,
519 2197 653 2277 quaein
671 2204 791 2259 natura
809 2197 1027 2274 contineatur;
1047 2194 1102 2259 sed
1115 2196 1223 2259 Deum
1275 2195 1441 2258 fortunam
1462 2203 1649 2274 reputemus
1669 2194 1792 2259 mundo
1814 2218 1851 2261 ac
1874 2197 2059 2261 hominibus
2082 2196 2250 2276 dominari,

248 2282 474 2348 constituimus
496 2282 655 2346 arbitrum
678 2304 715 2346 ae
737 2281 972 2345 moderatorem
990 2283 1145 2359 aunuum,
1168 2281 1224 2363 qui
1277 2288 1461 2362 temereque
1489 2282 1599 2343 omnia
1626 2304 1756 2345 sursum
1780 2281 1930 2346 deorsum
1953 2283 2100 2347 volutare
2123 2283 2250 2366 (abesse

248 2388 307 2450 pro
326 2389 384 2432 sua
402 2368 569 2450 sapientia,
589 2368 629 2431 ab
647 2367 763 2431 ultima
780 2369 970 2431 aeternitate
983 2365 1224 2448 decrevitquod
1277 2366 1364 2430 enim
1393 2388 1413 2430 a
1439 2366 1618 2431 christiano
1646 2379 1775 2448 pectore
1804 2368 1896 2433 dccet
1924 2367 2009 2432 hane
2035 2369 2251 2454 vecordiam);

248 2454 393 2518 facturus
416 2464 514 2529 essct,
543 2463 576 2517 et
597 2475 683 2518 nune
706 2475 763 2516 sna
786 2455 945 2535 potentia,
974 2453 1059 2534 quod
1080 2452 1225 2516 decrevit
1277 2451 1333 2516 sed
1352 2453 1505 2534 quoniam
1522 2473 1634 2517 eorum
1652 2474 1734 2535 quae
1752 2455 1916 2528 eveniunt,
1940 2454 2027 2530 ordo,
2049 2456 2141 2531 ratio,
2164 2458 2249 2535 finis,

248 2540 446 2621 exsequitur.
487 2538 583 2604 Unde
605 2541 674 2603 eius
696 2539 901 2622 providentia
920 2560 985 2602 noa
1006 2539 1132 2603 eoelum
1155 2559 1224 2602 rno-
1276 2539 1466 2616 necessitas,
1500 2538 1741 2621 utplurimum
1769 2540 1803 2602 in
1831 2540 1895 2603 Dei
1923 2540 2057 2605 consilio
2089 2541 2183 2619 latet,
2216 2550 2251 2606 et

249 2624 290 2689 do
313 2647 349 2690 ae
369 2631 492 2689 terram
513 2633 546 2688 et
567 2636 733 2689 creat-uras
756 2626 962 2699 inanimatas,
985 2624 1042 2689 sed
1055 2624 1224 2688 hominum
1277 2625 1420 2688 humana
1447 2624 1599 2706 opinione
1620 2646 1684 2688 non
1708 2625 1979 2708 apprehendit-ur,
2007 2628 2099 2709 quasi
2117 2628 2251 2692 fortuita

249 2712 348 2775 etiam
370 2711 505 2776 consilia
527 2720 559 2774 et
576 2711 761 2776 voluntates
780 2712 956 2795 gubernari
973 2711 1019 2775 sic
1038 2712 1223 2788 asserimus
1276 2719 1366 2788 sunt,
1396 2731 1480 2792 quac
1509 2718 1633 2775 certmn
1656 2720 1706 2774 ost
1729 2732 1771 2774 ex
1793 2712 1855 2775 Dei
1879 2712 2046 2776 voluntate
2067 2715 2248 2796 provenire.

248 2805 287 2860 ut
305 2796 345 2861 ad
364 2797 562 2862 destinatum
584 2797 623 2862 ab
643 2819 681 2861 ea
699 2818 832 2879 scopum
850 2802 933 2861 recto
948 2797 1101 2877 serantur.
1135 2794 1223 2876 Quid
1275 2796 1350 2860 Non
1379 2796 1465 2860 enim
1494 2796 1591 2859 aliam
1619 2796 1795 2880 imaginem
1823 2819 1902 2880 prae
1926 2819 1960 2862 so
1983 2800 2105 2878 ferunt,
2135 2800 2250 2863 autin

249 2883 347 2967 ergo?
382 2884 522 2965 inquies:
556 2882 684 2946 nihilne
712 2884 858 2960 fortuito,
887 2881 971 2946 nihil
998 2881 1225 2965 contingenter
1274 2889 1395 2947 natura
1416 2902 1476 2945 suu
1492 2880 1722 2960 consideratae,
1746 2893 1804 2946 aut
1820 2884 1999 2949 secundum
2022 2886 2172 2949 notitiam
2192 2907 2250 2950 ne-

249 2967 387 3034 aceidit‘l
432 2967 639 3051 Respondeo,
667 2991 744 3032 vere
772 2969 935 3032 aBasilie
956 2988 1076 3050 magno
1099 2966 1224 3033 dictum
1276 2975 1379 3032 stram
1400 2966 1619 3049 iudiciumque
1641 2969 1839 3033 aestimatae.
1882 2970 2079 3053 Fingamus,
2108 2972 2250 3053 exempli

249 3075 334 3118 esse:
374 3054 538 3117 fortunam
576 3063 609 3119 et
641 3075 752 3119 casum
784 3054 988 3119 ethnicorum
1020 3075 1090 3119 esse
1118 3075 1223 3131 voces,
1276 3055 1395 3137 gratia,
1424 3062 1654 3130 mercatorem,
1683 3056 1738 3137 qui
1766 3055 1881 3119 silvam
1909 3056 2076 3140 ingressus
2099 3078 2173 3121 cum
2195 3078 2250 3122 co·
2304 3118 2307 3123 .

249 3160 387 3222 quarum
416 3139 652 3222 significatione
680 3140 807 3222 piorum
836 3151 962 3205 mentes
985 3140 1136 3222 occupari
1156 3161 1224 3203 non
1275 3140 1392 3203 mitatu
1413 3139 1552 3203 fidorum
1571 3139 1742 3204 hominnm
1758 3140 1981 3223 imprudenter
2000 3163 2021 3206 a
2038 3142 2133 3206 sociis
2155 3143 2249 3207 aber-

249 3223 397 3289 debeant.
442 3225 528 3289 Nam
562 3227 588 3289 si
621 3248 788 3290 successus
819 3227 925 3291 omnis
951 3226 1015 3291 Dei
1042 3224 1224 3290 benedictio
1275 3234 1334 3306 ret,
1356 3227 1426 3308 ipso
1448 3245 1557 3291 errore
1578 3225 1704 3291 feratur
1724 3229 1759 3290 in
1781 3228 1979 3308 spoliarium,
2001 3227 2122 3292 incidat
2142 3229 2179 3291 in
2200 3229 2249 3293 la-

248 3317 306 3389 ost,
330 3310 497 3374 calamitas
515 3319 548 3374 et
565 3309 752 3391 adversitas,
770 3313 840 3377 eius
856 3311 1051 3390 maledictio,
1074 3312 1224 3376 fortunae
1275 3322 1395 3392 trenes,
1418 3312 1594 3395 iuguletur.
1628 3313 1721 3378 Mors
1743 3314 1813 3376 eius
1836 3334 1901 3378 non
1924 3322 2052 3378 tantum
2069 3315 2133 3378 Dei
2155 3315 2250 3380 oculo

247 3397 313 3461 ium
341 3397 377 3459 in
404 3396 500 3460 rebus
528 3397 681 3462 humanis
707 3405 765 3461 aut
785 3399 874 3463 casui
897 3397 1007 3463 nullus
1030 3397 1225 3480 relinquitur
1298 3400 1438 3475 raevisa,
1473 3396 1530 3461 sed
1564 3397 1691 3463 decreto
1725 3399 1867 3463 stabilita
1899 3400 2014 3465 fuerat.
2058 3401 2133 3464 Non
2161 3403 2250 3465 enim

247 3481 347 3546 loeus.
392 3483 438 3545 Et
464 3503 595 3548 movere
624 3504 683 3548 nos
713 3504 839 3566 quoque
860 3484 943 3547 illud
964 3484 1143 3566 Augustini
1168 3483 1223 3547 de·
1274 3421 1393 3550 dicitur
1417 3482 1616 3566 praevidisse
1645 3493 1805 3566 quantum
1837 3486 1993 3569 cuiusque
2024 3487 2093 3551 vita
2118 3495 2250 3569 proten-

247 3567 413 3650 bet:²)'in
431 3566 523 3631 libris
541 3577 654 3632 contra
672 3569 892 3647 Academicos,
916 3571 1030 3650 inquit,
1053 3590 1119 3633 nou
1140 3569 1222 3632 mihi
1276 3570 1423 3646 deretur,
1464 3569 1520 3634 sed
1554 3571 1711 3635 terminos
1744 3572 1950 3637 constituisse
1983 3590 2021 3637 ac
2052 3574 2163 3638 fixisse
2193 3575 2249 3654 qui

246 3653 354 3736 placet
381 3654 476 3717 toties
504 3675 556 3717 me
577 3654 756 3736 appellasse
779 3656 958 3732 fortunam,
986 3656 1134 3737 quamvis
1156 3677 1222 3719 non
1274 3655 1446 3739 praeteriri
1472 3677 1539 3719 non
1562 3663 1716 3737 poterunt
1738 3657 1819 3733 (Iob.
1845 3663 1895 3734 14,
1918 3658 1959 3737 5).
2005 3656 2176 3738 Quantum
2198 3666 2248 3721 ta-

247 3739 389 3821 aliquam
419 3738 513 3802 deam
541 3739 699 3803 voluerim
727 3741 787 3804 hoe
820 3742 951 3805 nomine
978 3740 1132 3824 intelligi,
1165 3740 1222 3805 sed
1274 3763 1351 3805 men
1373 3743 1493 3805 mentis
1514 3752 1646 3806 nostrae
1668 3749 1781 3824 captus
1799 3743 2029 3826 apprehendit,
2051 3746 2160 3809 omnia
2181 3744 2248 3809 illie

245 3825 417 3889 fortuitum
438 3846 547 3889 rerum
571 3834 723 3889 aventinu
751 3827 786 3890 iu
812 3828 958 3892 externis
980 3827 1032 3891 vel
1054 3827 1148 3891 bonis
1171 3827 1222 3891 vel
1273 3828 1407 3892 fortuita
1440 3835 1605 3911 apparent.
1657 3826 1745 3908 Quid
1779 3828 1831 3893 hic
1863 3831 1983 3893 sentiet
2016 3829 2246 3895 Christianus?

245 3911 351 3975 malis.
394 3910 490 3976 Unde
518 3920 551 3975 et
578 3911 635 3975 illa
657 3913 756 3991 verba
788 3923 864 3976 sunt
889 3935 971 3995 quae
993 3912 1086 3975 nulla
1108 3913 1222 3995 religio
1274 3935 1392 3996 nempe
1419 3912 1575 3996 quidquid
1596 3915 1631 3976 in
1650 3923 1755 3976 morte
1776 3914 1935 3978 eiusmodi
1957 3916 2153 3994 intercessit,
2182 3917 2248 3980 for-

246 3995 352 4060 dicere
375 3996 532 4077 prohibet,
563 3998 654 4074 ferte,
681 3999 799 4073 forsan,
822 4001 966 4076 forsitan,
990 4000 1134 4076 fortasse,
1157 3998 1221 4061 for·
1274 4000 1393 4063 tnitum
1417 4008 1550 4077 natura,
1578 4006 1616 4063 ut
1637 4007 1701 4078 est,
1725 4001 1906 4082 reputabit;
1935 4002 2174 4082 providentiam
2197 4011 2247 4067 ta-

245 4083 344 4160 tuito;
377 4082 461 4163 quod
489 4089 599 4146 tamen
627 4092 732 4146 totum
760 4084 801 4147 ad
829 4084 975 4149 divinam
1003 4083 1222 4147 revocandum
1273 4107 1350 4150 men
1372 4086 1436 4149 Dei
1465 4084 1642 4166 praefuisse
1670 4108 1736 4149 non
1766 4085 1927 4150 dubitabit
1953 4087 1995 4150 ud
2020 4089 2185 4152 fortunam
2211 4090 2247 4152 in

246 4174 296 4232 est
315 4165 563 4251 providentiam.
608 4169 721 4251 Neque
743 4170 804 4234 hoe
828 4171 927 4248 tacui,
952 4169 1075 4235 dicens:
1101 4170 1220 4233 etenim
1273 4192 1369 4235 suum
1394 4173 1494 4234 finem
1523 4170 1735 4255 dirigendam.
1780 4171 1907 4236 Eadem
1937 4180 1986 4237 est
2012 4175 2096 4238 ratio
2122 4175 2247 4238 futuro-

245 4254 382 4318 fortasse
422 4274 505 4335 quae
537 4255 635 4338 vulgo
667 4257 797 4319 fortuna
831 4264 1054 4337 nuncupatur,
1095 4255 1220 4319 occulto
1272 4278 1346 4320 rum
1369 4257 1617 4339 contingentiae.
1651 4258 1782 4322 Futura
1799 4259 1926 4337 omnia,
1948 4266 1987 4322 ut
2007 4260 2133 4325 incerta
2154 4260 2247 4325 nobis

246 4360 374 4422 quoque
396 4339 509 4404 ordine
532 4343 671 4424 regitur:
698 4341 846 4428 nihilque
875 4341 963 4405 aliud
989 4342 1026 4405 in
1047 4341 1145 4404 rebus
1167 4362 1220 4405 oa-
1273 4352 1365 4421 sunt,
1393 4343 1440 4406 ita
1462 4343 1496 4405 in
1524 4364 1681 4426 suspenso
1708 4343 1881 4422 habemus,
1910 4366 1947 4409 ac
1975 4345 2003 4408 si
2024 4347 2185 4411 utramvis
2212 4348 2247 4411 in

245 4447 319 4491 sum
340 4446 508 4504 vocamus,
539 4427 601 4490 nisi
624 4427 716 4491 cuins
736 4429 819 4490 ratio
841 4435 875 4490 et
895 4449 993 4493 causa
1015 4435 1140 4492 secreta
1161 4436 1218 4490 ost.
1271 4436 1399 4511 partem
1420 4449 1583 4511 propensa
1603 4431 1719 4494 forent.
1764 4430 1880 4493 Manet
1901 4438 2011 4494 tamen
2033 4431 2247 4497 nihilominus

244 4511 325 4575 Dixi
347 4511 478 4594 quidem
500 4512 576 4577 hoc:
599 4534 714 4577 verum
737 4514 881 4594 poenitet
901 4535 953 4577 1110
972 4515 1016 4578 sie
1034 4513 1220 4577 nominasse
1271 4513 1422 4580 cordibus
1443 4516 1563 4579 nostris
1579 4516 1728 4595 infixum,
1751 4515 1833 4578 nihil
1856 4524 2050 4580 eventurum
2072 4517 2158 4600 quod
2179 4539 2246 4582 non

245 4596 312 4661 illic
343 4598 523 4677 fortunaru3
556 4620 655 4681 quum
688 4597 816 4663 videaur
850 4600 998 4663 hemines
1031 4599 1152 4663 habero
1184 4598 1218 4660 in
1271 4601 1434 4665 Dominus
1455 4602 1520 4665 iam
1542 4601 1730 4683 providerit.
1776 4601 1844 4665 Hoc
1869 4622 1962 4666 seusu
1984 4604 2070 4684 apud
2091 4603 2247 4669 Ecclesia

245 4682 387 4764 pessima
408 4683 654 4763 consuetudine,
681 4692 720 4747 ut
740 4685 795 4749 ubi
817 4685 880 4750 dici
902 4685 1010 4750 debet:
1043 4685 1104 4751 hoe
1125 4684 1219 4748 Deus
1270 4690 1336 4750 0100
1356 4708 1447 4768 saepe
1467 4689 1616 4769 repetitor
1636 4707 1744 4752 mmm
1761 4692 1897 4751 etractus:
1916 4689 1993 4770 qaia
2004 4690 2113 4768 priato
2130 4689 2245 4753 irtuitu

245 4768 363 4845 voluit,
392 4767 513 4833 beant:
543 4771 605 4835 hoc
626 4770 731 4834 voluit
752 4772 890 4834 fortuna.
935 4770 1080 4852 Denique
1093 4771 1220 4850 passim
1271 4793 1331 4835 000
1343 4778 1509 4855 penetrant
1528 4774 1664 4838 borsines
1685 4772 1728 4836 ad
1742 4774 1886 4852 primam
1906 4794 2047 4854 eausam,
2076 4796 2154 4857 quoe
2168 4795 2245 4854 pro·

246 4851 341 4929 docet,
374 4852 404 4914 si
435 4855 512 4931 qecid
542 4858 688 4936 sutrinae
719 4857 921 4937 relinquitur,
960 4861 1071 4922 iuuere
1098 4856 1219 4919 uersari
1271 4858 1320 4922 cat
1347 4859 1523 4925 abscondita
1551 4863 1602 4924 est.
1646 4857 1691 4920 Et
1713 4862 1817 4923 tamea
1845 4880 2006 4942 rtuuquam
2037 4862 2085 4926 ita
2113 4860 2245 4925 ductum

245 4936 408 5001 muudum.
452 4937 497 5001 Et
518 4960 698 5021 qtcauquam
720 4943 835 5007 alicubi
858 4942 1105 5027 0010110001οῗοι
1125 4941 1219 5006 libero
1268 4944 1333 5025 suit
1359 4966 1397 5011 ee
1424 4945 1581 5009 bominum
1607 4942 1751 5009 cordibus
1778 4944 1860 5027 qaod
1887 4947 1926 5012 de
1952 4946 2067 5013 occulta
2088 4947 2152 5014 Dei
2169 4968 2246 5031 pro·

244 5110 265 5119 .-
385 5112 400 5116 ,-
1270 5122 1376 5129 -η-ι
1398 5120 1448 5126 -·

316 5210 345 5279 1)
363 5212 436 5263 aava.
456 5210 489 5261 aa
501 5211 587 5263 Bonis.
607 5210 631 5263 a.
650 5210 699 5263 ac
718 5222 743 5264 u
763 5215 835 5266 artie.
900 5215 929 5283 a)
947 5217 977 5269 a.
991 5216 1012 5268 1.
1027 5217 1147 5270 aeirus.
1160 5197 1216 5270 ai.
1340 5219 1369 5286 1)
1385 5213 1511 5270 111100.
1530 5216 1833 5289 quaecumquae.
1861 5219 1936 5273 1111.
1948 5221 1981 5274 a
1992 5221 2123 5276 1111110.
2133 5223 2245 5293 acce).
