4672 5842
93 265 170 387 913x
437 323 527 388 LIB.
550 323 602 388 IV
603 371 611 390 .
656 322 720 388 Du
743 322 980 391 EX'PERNIS
1002 323 1168 392 Munus
1191 325 1257 390 AD
1278 322 1510 392 SALUTEM.
1555 324 1654 392 cAP.
1677 327 1758 392 ΧΠ
1798 360 1811 381 ·
2038 338 2104 397 914

92 512 431 578 excommunicatione
453 534 520 576 non
549 513 730 594 plecterent
757 514 849 598 (quia
877 536 943 578 non
972 520 1069 596 puta·
1121 513 1320 580 servandum
1353 522 1419 593 est,
1453 522 1489 578 ut
1516 514 1710 580 sufferentes
1738 517 1879 582 invicem
1909 520 2102 590 studeamus

92 599 174 664 bant
200 619 235 663 00
258 598 319 663 hac
342 600 395 664 via
423 598 599 681 quidquam
623 600 854 684 profecturos),
883 601 918 663 in
946 600 1069 682 episco-
1121 622 1253 665 servare
1276 600 1437 665 unitatem
1460 601 1595 682 spiritus
1617 602 1651 664 in
1674 602 1806 667 vinculo
1827 605 1926 685 pacis.

90 707 150 771 pos
173 685 326 750 atrociter
347 685 589 749 invehebantur
611 693 768 767 tanquam
787 685 975 768 disciplinae
994 707 1070 768 pro·
1210 691 1258 749 14.
1307 686 1448 768 Reliqua
1479 709 1556 770 pars
1590 687 1800 770 disciplinae,
1839 711 1924 771 quae
1956 691 2099 759 clavium

91 770 235 848 ditores,'
256 779 289 835 et
310 790 330 833 a
352 769 478 835 Christi
500 792 614 854 grege,
643 772 743 853 impio
765 771 940 852 schismate
962 793 997 837 se
1020 771 1069 837 di·
1120 779 1280 855 potestate
1308 773 1437 856 proprie
1463 794 1529 836 000
1550 773 1747 852 continetur,
1770 774 1805 837 10
1833 795 1871 839 00
1899 784 1949 841 est
1974 787 2012 841 ut
2040 800 2099 860 pro

91 858 256 923 videbant.
302 856 452 937 Qualiter
473 855 570 920 hodie
590 858 716 922 faciunt
738 859 988 939 Anabaptistae,
1012 857 1069 941 qui
1120 867 1305 941 temporum
1331 859 1525 924 necessitate
1552 858 1679 942 plebem
1706 860 1923 926 exhortentur
1953 870 2100 944 pastores

90 944 172 1009 dum
194 943 322 1008 nullum
344 952 471 1009 coetum
489 941 615 1007 Christi
637 965 708 1008 0000
729 952 910 1027 agnoscunt
927 945 990 1010 nisi
1010 966 1068 1009 an·
1121 944 1173 1009 vel
1203 944 1244 1008 ad
1273 944 1394 1009 ieiunia
1420 944 1473 1010 vel
1503 944 1544 1009 ad
1572 945 1722 1010 solennes
1753 947 2022 1029 supplicationes,
2045 949 2099 1015 vel

92 1031 197 1114 gelioa
227 1029 425 1113 perfectione
454 1030 544 1092 omni
570 1050 612 1093 ex
640 1037 734 1112 parte
756 1030 983 1112 conspicuum,
1007 1031 1067 1095 sub
1120 1029 1162 1094 ad
1191 1031 1256 1095 alia
1281 1030 1487 1109 humilitatis,
1516 1032 1736 1114 poenitentiae
1764 1054 1801 1097 ac
1832 1032 1909 1097 fidei
1932 1036 2097 1116 exercitia,

90 1123 262 1199 praetextu
286 1116 336 1180 sui
354 1114 416 1179 zeli
435 1114 592 1197 quidquid
610 1124 661 1180 est
680 1114 914 1180 aedificationis
931 1115 1068 1181 subver-
1120 1137 1260 1198 quorum
1287 1138 1347 1181 000
1376 1123 1442 1180 1010
1465 1139 1513 1195 00,
1542 1138 1602 1182 000
1632 1117 1757 1195 modus,
1786 1140 1846 1183 nec
1872 1120 1976 1184 forma
2004 1142 2098 1203 prae-

90 1211 174 1267 tunt.
220 1202 330 1279 Tales,
352 1200 461 1284 inquit
484 1202 706 1283 Augustinus,
729 1222 796 1264 non
818 1201 891 1265 odio
913 1202 1067 1284 iniquita·
1120 1202 1275 1267 scribitur
1305 1202 1405 1266 verbo
1468 1204 1507 1280 ei,
1537 1203 1595 1267 sed
1622 1204 1656 1266 in
1679 1203 1832 1268 ecclesiae
1854 1205 1975 1270 iudicio
1998 1207 2098 1272 relin-

90 1292 134 1352 tis
156 1289 296 1365 0110000,
326 1287 384 1352 sed
405 1287 513 1351 studio
534 1307 669 1351 suarum
691 1287 953 1364 contentionum,
975 1288 1067 1352 infir·
1120 1289 1241 1370 quitur.
1286 1288 1395 1353 Huius
1422 1309 1548 1371 quoque
1576 1289 1681 1372 001110
1702 1290 1901 1368 observatio,
1930 1293 2027 1357 sicuti
2048 1299 2099 1358 est

89 1396 163 1440 mas
185 1374 295 1457 plebes
316 1374 473 1437 iactantia
495 1373 547 1437 sui
569 1374 711 1437 nominis
732 1374 885 1451 irretitas,
908 1373 960 1438 vel
985 1382 1068 1439 totas
1120 1375 1219 1452 utilis,
1249 1376 1295 1439 ita
1323 1376 1426 1439 veteri
1453 1375 1607 1440 ecclesiae
1635 1376 1676 1440 ab
1704 1375 1784 1458 ipsis
1811 1398 1915 1458 usque
1943 1379 2098 1461 apostolis

90 1461 238 1538 trahere,
268 1459 322 1525 vel
350 1468 437 1523 certe
466 1458 612 1523 dividere
640 1458 810 1524 affectant:
840 1459 993 1541 superbia
1015 1467 1067 1525 tu·
1120 1480 1250 1543 semper
1281 1461 1343 1524 fuit
1375 1461 1503 1526 usitata.
1555 1459 1753 1543 Quanquam
1791 1483 1832 1526 ne
1870 1463 1933 1544 ipsi
1965 1464 2098 1546 quidem

90 1546 181 1623 midi,
205 1546 386 1629 pervicacia
407 1545 530 1623 vesani,
553 1545 727 1609 calumniis
749 1544 912 1623 insidiosi,
936 1545 1066 1610 seditio-
1120 1546 1257 1628 apostoli
1275 1547 1373 1628 primi
1390 1547 1524 1611 fuerunt
1546 1553 1683 1625 0010100,
1703 1547 1759 1612 sed
1778 1548 1968 1630 exemplum
1985 1572 2098 1633 sump-

90 1635 188 1698 nibus
215 1632 412 1708 turbulenti,
440 1653 483 1695 ne
509 1631 582 1696 luce
610 1632 759 1695 veritatis
787 1651 898 1695 carere
926 1653 981 1696 eos
1010 1653 1067 1715 pa·
1120 1640 1236 1697 serunt
1269 1654 1312 1697 ex
1337 1633 1410 1716 lege
1433 1640 1467 1697 et
1500 1633 1676 1716 prophetis.
1726 1632 1886 1698 Videmus
1909 1635 2098 1717 0011011110,

90 1728 169 1795 teat,
192 1719 342 1783 umbram
363 1716 488 1801 rigidae
510 1718 694 1782 severitatis
716 1716 911 1796 obtendunt;
935 1726 968 1781 et
985 1739 1068 1801 quae
1121 1719 1249 1800 quoties
1271 1739 1372 1802 grave
1394 1718 1526 1801 aliquod
1552 1717 1718 1784 incidebat
1738 1721 1917 1802 negotium,
1941 1740 2098 1786 convoca·

91 1808 126 1870 in
148 1805 335 1887 scripturis,
360 1803 452 1868 salva
474 1802 657 1867 dilectionis
680 1803 882 1882 sinceritate,
905 1817 939 1868 et
960 1813 1067 1869 eusto-
1121 1814 1189 1867 tam
1206 1805 1308 1869 111000
1325 1803 1463 1887 plebem,
1486 1804 1740 1887 supplicationes
1761 1804 1912 1883 indictas,
1935 1806 2098 1871 indictum

91 1892 160 1955 dita
182 1891 271 1974 pacis
293 1890 428 1967 unitate,
452 1888 493 1952 ad
512 1889 706 1972 corrigenda
727 1889 873 1953 fraterna
896 1890 1067 1954 11110010-
1120 1890 1289 1954 ieiunium.
1340 1890 1381 1954 Id
1414 1911 1493 1974 erge
1520 1892 1649 1973 sequuti
1678 1897 1757 1955 suut
1785 1891 1923 1973 apostoli
1952 1892 2037 1974 quod
2065 1894 2099 1957 et

91 1978 245 2043 deratiori
278 1977 446 2041 curatione
477 1975 549 2038 fieri
580 1975 751 2051 iubentur,
784 1973 826 2038 ad
860 1976 1067 2059 saerilegium
1120 1976 1241 2059 populo
1267 1977 1331 2041 Dei
1359 1998 1483 2042 nevum
1496 1997 1572 2040 Ι000
1595 1985 1675 2053 0101,
1699 1985 1733 2041 01
1754 1976 1835 2040 utile
1855 1979 1924 2041 fore
1947 1978 2098 2060 provide·

90 2064 275 2129 schismatis
297 2069 330 2126 et
352 2061 552 2126 occasionem
578 2061 789 2143 praecisionis
811 2069 979 2143 usurpant.
1013 2062 1068 2126 Ita
1120 2063 1208 2126 bant.
1224 2062 1248 2146 ¹)
1293 2060 1419 2127 Similis
1447 2072 1498 2126 est
1525 2063 1610 2126 ratio
1633 2062 1672 2126 de
1695 2063 1768 2127 aliis
1791 2064 1957 2128 exercitiis
1979 2063 2098 2146 quibus

90 2172 126 2215 se
156 2150 373 2232 transfigurat
405 2156 499 2211 satan
528 2148 563 2210 in
590 2146 744 2228 angelum
770 2147 868 2224 lucis,
902 2145 982 2211 dum
1009 2169 1068 2230 per
1119 2146 2097 2229 01010101010110101001011011,1011001101000010-

90 2237 292 2302 oecasionem
314 2234 406 2316 quasi
435 2234 540 2296 iustae
567 2232 750 2317 severitatis
772 2231 939 2297 crudelem
961 2235 1067 2299 saevi·
1119 2232 1245 2297 dientia
1272 2234 1433 2298 contineri
1461 2241 1578 2318 potest.
1624 2234 1790 2317 Exempla
1812 2237 1935 2316 passim
1964 2242 2098 2300 exstant

88 2325 170 2386 tiam
195 2320 384 2404 persuadet,
418 2319 501 2383 nihil
531 2317 620 2382 aliud
647 2328 803 2400 appetens
831 2319 895 2382 nisi
929 2327 966 2384 ut
996 2341 1066 2385 cor·
1119 2320 1155 2383 in
1177 2321 1279 2386 sacris
1297 2319 1451 2399 historiis,
1474 2341 1559 2402 quae
1577 2341 1645 2383 non
1663 2341 1745 2402 opus
1768 2329 1819 2384 est
1840 2321 2002 2404 colligere.
2040 2320 2098 2388 Sic

90 2416 224 2490 rumpat
245 2415 343 2490 atque
365 2405 532 2487 dirumpat
552 2403 720 2469 1100111010
742 2403 832 2486 pacis
854 2411 888 2468 et
910 2406 1065 2471 unitatis:
1118 2408 1154 2469 in
1176 2429 1305 2470 summa
1328 2406 1517 2470 habendum
1539 2417 1604 2470 est:
1628 2407 1755 2489 quoties
1775 2404 1815 2468 (10
1834 2407 1992 2489 religione
2014 2408 2098 2473 inci-

77 2504 154 2576 'quo
176 2493 380 2558 firmu·inter
403 2490 611 2556 Christianos
633 2490 719 2555 vires
746 2491 816 2554 eius
837 2512 951 2557 omnes
973 2493 1067 2557 inva-
1121 2492 1168 2556 dit
1196 2492 1420 2557 controversia
1442 2512 1540 2575 quam
1566 2492 1618 2557 vel
1646 2491 1773 2575 synodo
1795 2492 1849 2557 vel
1879 2493 2098 2558 ecclesiastico

89 2579 175 2644 lidae
208 2581 294 2644 fiunt
327 2578 368 2642 ad
400 2576 601 2652 nocendum,
640 2576 842 2658 muscipulae
874 2575 1067 2643 insidiarum
1119 2579 1239 2643 iudicio
1262 2579 1358 2642 finire
1381 2586 1517 2662 oportet,
1547 2578 1672 2659 quoties
1702 2578 1742 2642 de
1764 2576 1914 2661 eligendo
1943 2580 2098 2644 ministro

89 2667 365 2743 comminuuntur,
390 2674 422 2728 et
443 2663 578 2727 consilia
600 2662 779 2726 eversionis
802 2674 1010 2729 evanescunt.
1119 2666 1237 2747 agitur,
1261 2665 1387 2746 quoties
1409 2663 1547 2746 denique
1571 2671 1731 2729 tractatur
1748 2685 1801 2728 res
1824 2664 1932 2746 aliqua
1954 2663 2098 2730 difficilis
2143 2720 2146 2726 .

177 2756 224 2816 13.
270 2752 384 2817 Unum
405 2749 495 2814 istud
513 2748 687 2832 praecipue
705 2747 921 2828 commendat,
944 2751 972 2815 01
990 2771 1066 2815 000-
1119 2771 1156 2814 ae
1177 2750 1292 2834 magni
1312 2750 1484 2828 momenti;
1510 2771 1643 2814 rursum
1671 2771 1772 2832 quum
1794 2757 1954 2832 apparent
1977 2749 2099 2815 iudicia

89 2841 177 2923 tegio
205 2835 361 2921 peccandi
383 2834 630 2900 multitudinem
651 2834 825 2913 invaserit,
849 2835 972 2900 vividae
1001 2836 1066 2902 dis·
1118 2837 1187 2901 irae
1204 2837 1349 2915 Domini,
1368 2843 1405 2899 01
1420 2843 1501 2922 sunt
1519 2836 1707 2918 pestilentia
1725 2843 1758 2900 et
1783 2835 1907 2899 bellum
1929 2843 1963 2900 et
1983 2838 2097 2916 fames,
2210 2912 2215 2918 ¹

88 2927 229 3007 eiplinae
262 2945 411 2989 severam
444 2918 699 2986 misericerdiam
733 2941 805 2983 esse
837 2923 1065 2986 neeessariam.
1119 2923 1180 2988 hoe
1203 2931 1355 2988 sanctum
1384 2943 1455 2987 esse
1487 2931 1521 2986 et
1543 2922 1681 2987 00000110
1704 2921 1857 2986 omnibus
1880 2921 2023 2986 salutare
2045 2923 2099 2986 in-

89 3011 178 3074 Nam
206 3016 239 3074 01
266 3009 417 3086 consilia,
445 3007 567 3090 inquit,
597 3006 811 3089 separationis
838 3007 951 3071 inania
979 3014 1065 3088 0001,
1119 3010 1281 3083 stitutum,
1305 3020 1343 3072 ut
1364 3015 1512 3090 pastores
1540 3007 1582 3071 ad
1611 3007 1781 3090 publicum
1802 3007 1963 3071 ieiunium
1985 3015 2018 3072 et
2040 3031 2099 3073 ex-

91 3116 130 3160 00
156 3096 353 3178 0010101000,
382 3113 419 3158 ac
448 3094 620 3175 sacrilega:
656 3092 733 3174 quia
759 3093 862 3174 impia
885 3102 983 3177 atque
1011 3116 1065 3158 su·
1118 3093 1354 3159 traordinarias
1375 3115 1488 3177 preces
1510 3093 1638 3177 plebem
1661 3094 1844 3158 hortentur.
1876 3091 2098 3175 01000100-

88 3177 1066 3264 0011101001,010100001101100110110001000000010
1118 3181 1256 3245 timonia
1277 3201 1361 3263 quae
1392 3202 1433 3245 ex
1455 3179 1560 3246 veteri
1583 3187 1780 3244 testamento
1807 3178 1926 3242 adduci
1947 3187 2097 3262 0000001,

89 3268 257 3350 corrigant
285 3268 446 3331 animosos
471 3265 583 3329 malos.
629 3263 787 3347 Aequod
809 3265 882 3330 01110
904 3265 949 3330 ibi
970 3288 1065 3350 prae-
1118 3288 1186 3330 nen
1207 3266 1352 3350 recipiat,
1374 3266 1467 3349 quasi
1489 3265 1687 3332 christianae
1707 3265 1863 3331 ecclesiae
1885 3265 2094 3331 011000οο0-

89 3353 184 3436 cipit,
207 3353 276 3434 ipse
297 3374 423 3436 quoque
444 3351 585 3416 fideliter
606 3359 764 3432 sequutus
786 3357 844 3415 est.
886 3352 973 3417 Nam
994 3354 1066 3419 Au·
1117 3353 1261 3432 veniant,
1290 3360 1418 3418 constat
1445 3351 1607 3435 apostolos
1634 3372 1763 3434 quoque
1792 3351 1838 3417 sic
1860 3351 1982 3416 iecisse.
2029 3353 2093 3416 'Pa-
2202 3346 2204 3359 ¹

90 3439 171 3504 relic
192 3439 341 3522 episcopo
368 3437 612 3521 carthaginensi
636 3436 788 3515 scribens,
802 3436 827 3519 ¹)
856 3441 1066 3522 conqueritur
1117 3440 1214 3504 metei
1242 3439 1281 3504 de
1309 3439 1462 3521 precibus
1488 3438 1546 3502 vix
1574 3444 1654 3520 puto
1682 3437 1864 3520 reperietur
1893 3437 2010 3519 aliquis
2037 3438 2094 3520 qui

90 3525 283 3590 ebrietatem
314 3525 448 3606 impune
481 3525 623 3606 grassari
650 3523 686 3586 in
713 3523 839 3601 Africa,
870 3545 952 3606 quae
984 3525 1065 3590 adeo
1117 3534 1249 3589 moveat
1265 3525 1498 3608 quaestionem.
1534 3522 1587 3588 De
1609 3524 1730 3588 ieiunio
1750 3545 1827 3607 ergo
1845 3523 1993 3588 dieamus
2011 3545 2095 3588 000·

90 3612 236 3710 graviter
255 3612 290 3674 in
307 3611 477 3692 0011010110
494 3609 686 3686 (101000101;
704 3608 882 3692 suadetque
900 3617 938 3674 01
954 3616 1065 3676 coacto
1117 3610 1216 3675 nihil:
1240 3612 1318 3693 quia
1338 3611 1482 3693 plurimi
1506 3610 1585 3677 dum
1601 3631 1669 3674 non
1690 3609 1881 3693 intelligunt
1902 3607 1981 3691 quid
2002 3610 2094 3673 utili·
2211 3659 2214 3667 .

90 3716 317 3780 episcoporum
346 3695 481 3760 concilio
514 3694 696 3759 remedium
724 3693 927 3760 adhibeatur.
978 3695 1065 3762 Sub-
1117 3697 1195 3762 tatis
1223 3697 1357 3775 habeat,
1385 3720 1453 3761 nou
1480 3697 1559 3762 adeo
1585 3696 1807 3761 necessarium
1835 3716 1905 3758 esse
1932 3694 2093 3773 iudicant;

88 3784 199 3866 iungit
226 3781 357 3847 deinde:
388 3803 452 3845 non
474 3802 601 3866 000010,
624 3790 785 3863 quantum
808 3782 972 3862 existimo,
997 3804 1064 3847 non
1117 3779 1956 3866 0111011010,01000011000010,0101000101101001,
1981 3786 2095 3842 01000

89 3869 228 3947 (1011101,
263 3866 449 3932 nonmodo
470 3867 643 3949 imperioso
670 3867 734 3931 ista
754 3867 930 3948 tolluntur;
958 3871 1064 3953 magis
1117 3871 1187 3935 eius
1210 3891 1277 3934 non
1296 3869 1380 3934 bone
1407 3871 1537 3953 cognito
1566 3867 1669 3932 facilis
1696 3867 1804 3931 estin
1826 3863 2095 3947 superstitionem

89 3955 233 4023 docende
262 3976 360 4037 quam
382 3950 538 4028 iubenda,
566 3952 672 4036 magis
698 3952 860 4018 monendo
882 3976 982 4037 quam
1002 3957 1064 4020 mi·
1115 3955 1237 4039 lapsus.
1292 4028 1297 4035 ¹

90 4042 215 4108 nando:
256 4042 303 4106 010
336 4040 423 4103 enim
456 4036 621 4121 agendum
661 4046 711 4103 est
742 4060 817 4104 cum
851 4041 1064 4106 multitudine
1208 4047 1255 4106 15.
1301 4039 1461 4105 Sanctum
1489 4060 1527 4103 ac
1556 4037 1741 4119 legitimum
1763 4035 1923 4099 ieiunium
1944 4042 2011 4100 tres
2034 4036 2094 4100 ha-

91 4129 312 4210 peecantium;
342 4124 500 4190 severitas
522 4132 631 4188 autem
658 4125 841 4191 exercenda
862 4133 912 4192 est
933 4129 968 4193 10
990 4148 1064 4211 pec-
1116 4127 1173 4193 bet
1193 4130 1285 4198 fines.
1330 4127 1380 4190 Εο
1402 4126 1491 4189 enim
1512 4123 1648 4201 utimur,
1669 4122 1723 4186 vel
1745 4119 1786 4184 ad
1808 4120 2039 4186 macerandam
2057 4142 2096 4187 ac

91 4224 164 4280 eata
192 4233 381 4296 paucorum
427 4209 540 4291 Neque
568 4215 678 4273 100100
705 4210 860 4297 intelligit
888 4216 1064 4280 00001100-
1118 4213 1334 4297 subigendam
1357 4231 1498 4287 carnem,
1527 4230 1569 4273 ne
1591 4207 1751 4285 lasciviat,
1780 4207 1833 4271 vel
1860 4214 1898 4271 01
1920 4206 1962 4270 ad
1982 4227 2096 4289 preces

92 4300 170 4364 dum
192 4308 365 4384 propterea
387 4304 446 4361 aut
466 4294 642 4360 tacendum
663 4295 835 4380 episeopis,
864 4300 951 4382 quod
974 4321 1065 4366 seve-
1118 4321 1156 4367 ac
1178 4308 1308 4366 sanctas
1325 4295 1553 4361 meditationes
1571 4295 1689 4359 melius
1712 4294 1814 4358 simus
1832 4292 2022 4375 comparati,
2042 4291 2097 4356 vel

91 4388 160 4452 1100
188 4389 305 4470 000110
332 4382 464 4468 publiea
491 4381 617 4464 flagitia
645 4392 824 4463 nequeant;
855 4386 1066 4467 quemadmo-
1117 4394 1157 4450 01
1183 4384 1408 4451 testimouium
1434 4383 1477 4447 011
1503 4391 1637 4447 nostrae
1668 4400 1776 4444 eoram
1798 4380 1870 4443 Deo
1893 4377 2096 4448 humiliatio·

91 4471 172 4536 dum
200 4475 268 4555 ipse
295 4480 409 4555 postea
436 4468 581 4550 exponit.
631 4464 699 4531 Sed
725 4469 909 4553 corrigendi
931 4472 1066 4536 modum
1119 4473 1180 4551 nis,
1204 4471 1282 4536 dum
1304 4469 1456 4535 volumus
1474 4483 1603 4532 reatum
1621 4476 1771 4532 nostrum
1792 4485 1903 4531 coram
1924 4464 1994 4546 ipso
2018 4484 2096 4528 con-

22 4594 25 4601 ·
92 4559 140 4621 ita
161 4559 232 4623 vult
252 4556 443 4642 temperari,
474 4561 513 4618 01
534 4549 641 4635 quoad
664 4551 741 4616 licet
762 4555 935 4621 sanitatem
957 4557 1067 4640 potius
1118 4559 1213 4623 fiteri.
1258 4557 1391 4622 Primus
1418 4555 1494 4620 finis
1522 4576 1588 4618 000
1609 4555 1655 4618 110
1683 4574 1780 4635 saepe
1802 4552 1911 4616 locum
1938 4550 2037 4614 habet
2059 4549 2096 4613 in

91 4665 192 4726 qnam
214 4645 352 4710 exitium
372 4640 498 4724 corpori
524 4639 650 4703 afferat.
695 4639 805 4721 Atque
830 4640 903 4707 idae
925 4644 1066 4709 010100-
1118 4644 1250 4728 publico
1265 4643 1403 4721 ieiunio,
1426 4639 1513 4724 quod
1536 4661 1604 4705 non
1628 4661 1695 4704 una
1712 4649 1761 4704 est
1780 4636 1930 4703 omnibus
1952 4635 2095 4717 corporis

92 4730 168 4794 dem
196 4729 370 4796 concludit:
386 4729 415 4813 α)
447 4726 658 4810 quamobrem
680 4731 714 4788 et
742 4725 825 4790 illud
856 4739 1067 4811 praeceptum
1119 4730 1320 4808 constitutio,
1342 4751 1409 4793 non
1431 4748 1497 4791 una
1518 4725 1679 4790 valetudo.
1724 4725 1860 4788 Privato
1882 4723 1991 4804 itaque
2013 4721 2096 4785 ieiu-

91 4814 231 4899 aposteli
251 4816 343 4880 nullo
365 4814 461 4880 medo
483 4809 719 4896 negligendum
743 4823 807 4890 est,
837 4811 877 4877 de
897 4815 994 4879 malis
1016 4837 1066 4881 se-
1119 4818 1174 4883 nio
1195 4817 1301 4900 magis
1323 4814 1485 4880 convenit.
1527 4811 1700 4877 Secundus
1722 4811 1892 4891 utriusque
1915 4808 2097 4873 communis
2192 4813 2199 4833 ⁸

91 4901 283 4987 gregandis,
306 4924 407 4985 quum
429 4902 500 4965 sine
513 4897 666 4981 'periculo
687 4895 861 4965 1101001100
883 4901 972 4983 pacis
994 4903 1066 4967 fieri
1120 4910 1183 4969 est:
1206 4910 1275 4967 tam
1297 4902 1390 4966 enim-
1407 4899 1562 4964 universa
1583 4897 1718 4964 ecclesia
1740 4894 1899 4960 eiusmodi
1920 4913 2097 4977 praepara-

90 4972 1066 5074 οο1001,00100000111011011101111;0101010οο0οο
1119 4990 1208 5054 tione
1226 4989 1269 5054 ad
1285 5007 1397 5071 preces
1418 5007 1499 5067 opus
1521 4985 1628 5063 habet,
1653 5004 1752 5065 quam
1774 4982 1927 5064 privatim
1949 4979 2099 5046 fidelium
2139 5022 2141 5029 ι

162 5263 191 5330 1)
210 5264 297 5332 Epist.
317 5260 352 5314 64
369 5260 436 5330 (12).
524 5261 554 5325 il
578 5261 644 5329 Gap.
662 5259 686 5312 2.
705 5266 767 5318 libr.
785 5264 811 5320 3.
829 5274 925 5320 contra
942 5204 1096 5319 Parmae.l
1191 5264 1220 5330 1)
1237 5261 1436 5332 praevidebant
1455 5257 1635 5312 losa-1667.

167 5345 281 5404 Uolsini
298 5364 391 5418 opera
428 5347 545 5432 70111.
1272 5343 1284 5373 ⁸
1859 5343 1893 5397 58
