4672 5842
234 300 301 365 247
818 348 824 361 .
885 295 1151 365 maslaum
1173 296 1278 362 Rau.
1301 295 1482 362 onmes.
1507 301 1599 364 1559.
2178 299 2243 363 248

241 499 279 552 ut
301 490 393 554 nobis
415 489 498 553 illud
523 491 713 573 Augustini,
742 489 969 553 communibus
1000 487 1100 551 etiam
1123 486 1216 551 scho-
1259 490 1373 559 ,tamen
1393 506 1462 550 eam
1485 486 1625 566 amplecti
1646 491 1767 566 oportet,
1795 487 1888 551 sind
1908 487 2012 552 Deum
2032 485 2171 566 opificem
2192 507 2244 551 no·

241 571 349 638 larum
382 575 548 658 suffragiis
587 577 819 659 approbem,
853 572 1029 638 adimatur:
1064 572 1217 655 adempta
1267 576 1368 636 strum
1389 577 1417 635 et
1435 570 1583 651 fctorcra,
1611 594 1632 637 a
1654 592 1713 653 quo
1733 593 1842 637 summ
1865 573 2137 650 administratus
2158 573 2244 654 mpi-

241 679 312 724 esse
334 661 460 724 homini
481 672 555 744 post
581 663 710 745 lapsum
736 661 881 746 gratuita
907 660 995 725 bona
1015 658 1104 724 unde
1126 659 1216 724 salus
1268 678 1352 735 mus,
1381 663 1415 721 ut
1442 658 1529 723 nolns
1558 659 1669 722 iterum
1687 663 1781 740 poter
1803 679 1866 723 esse
1888 660 2026 740 incipiat.
2072 656 2158 722 Certe
2171 662 2244 739 post

240 743 416 827 dependet:
446 748 612 811 naturalia
639 770 715 812 vero
743 755 896 828 conupta
923 746 1113 829 pollutaque
1135 766 1215 810 esee.
1267 744 1395 825 lapsum
1416 745 1518 826 primi
1544 744 1680 808 bmnireis
1707 744 1795 809 nulla
1823 745 1866 808 ad
1892 745 2025 809 satutem
2051 745 2152 813 voluit
2179 742 2244 808 Dei

240 826 316 895 Stet
344 854 422 915 ergo
451 834 545 898 nobis
576 833 711 899 indubia
737 835 800 898 ista
832 833 970 910 veritas,
1003 850 1087 915 quae
1114 831 1216 895 nullis
1267 832 1399 913 coquedio
1426 830 1541 911 absque
1567 831 1750 895 mediatore:
1782 833 1859 911 quia
1885 852 1946 894 non
1972 832 2011 895 de
2034 851 2096 895 sua
2123 835 2245 893 tantum

236 916 512 984 machinamentis
540 920 709 1001 quatefieri
735 926 855 1001 potest:
893 924 1039 982 mentem
1073 914 1216 982 hominis
1267 921 1366 981 anau
1392 916 1530 996 loquitur
1557 915 1715 994 Christus,
1748 918 1802 981 sed
1828 919 1933 980 omma
1958 917 2083 981 soemda
2109 935 2245 996 compre

240 1001 287 1066 sio
315 1003 489 1068 alienatam
518 1026 650 1087 prorsus
680 1006 784 1069 aDoi
813 1004 953 1082 iustitia,
984 1009 1023 1069 ut
1043 1001 1128 1067 nihil
1149 1024 1215 1066 non
1267 1002 1379 1080 inuadit,
1402 1022 1496 1081 quum
1517 1002 1600 1081 dicit,
1623 1002 1702 1065 dano
1718 1022 1783 1066 esse
1804 1003 1900 1066 nuni
1923 1008 2093 1079 adunam,
2122 1022 2244 1084 coquos·

238 1086 393 1171 impium,
421 1098 619 1168 contortum,
640 1091 787 1166 foedum,
810 1090 992 1171 impurum,
1016 1089 1215 1172 flagitiosum
1267 1109 1333 1153 cere
1356 1094 1481 1170 putrem
1508 1109 1614 1152 nemim
1641 1108 1739 1151 unum
1766 1087 1885 1168 Deum,
1919 1095 1947 1152 et
1973 1109 2061 1168 quern
2081 1088 2134 1152 iile
2154 1088 2245 1151 mint

239 1177 410 1258 concipiat,
432 1177 648 1258 concupiscat,
671 1176 841 1252 moliatur;
864 1197 919 1240 cor
942 1176 1066 1257 peccati
1088 1195 1215 1239 veneno
1268 1174 1374 1238 lesum
1405 1172 1564 1237 Christum
1593 1173 1721 1257 (Ioann
1745 1178 1792 1251 17,
1814 1173 1857 1257 3).
1905 1176 1971 1255 Quo
1990 1174 2112 1256 foedior
2132 1179 2176 1237 est
2196 1192 2244 1236 eo-

164 1306 170 1312 ·
238 1257 287 1324 ita
314 1262 446 1343 penitus
474 1261 667 1338 delibutum,
702 1271 740 1325 ut
771 1261 854 1325 nihil
890 1283 986 1342 quam
1024 1267 1215 1342 corruptum
1266 1280 1339 1324 rum
1360 1261 1515 1338 socordia,
1543 1261 1599 1339 qni
1630 1261 1745 1324 coelum
1760 1262 1911 1341 profanis
1936 1260 2154 1325 etineredulis
2175 1259 2245 1339 qui

240 1344 398 1411 foetorem
431 1348 540 1412 efflare
574 1355 681 1429 queat.
727 1346 824 1427 Quod
857 1347 883 1410 si
912 1347 1080 1429 quidpiam
1113 1347 1215 1409 inter·
1268 1346 1393 1410 brcslibet
1409 1344 1611 1427 patefaciunt,
1634 1347 1747 1426 absque
1768 1347 1837 1410 eins
1853 1348 1959 1429 qratia
1977 1367 2066 1428 quem
2083 1345 2244 1426 scriptura

241 1428 319 1495 dum
353 1433 428 1497 boni
460 1434 496 1495 in
527 1435 666 1516 speciem
703 1440 885 1510 ostentant,
925 1443 1071 1505 montem
1105 1442 1215 1495 tamen
1262 1433 1387 1513 passim
1408 1433 1491 1496 docet
1510 1431 1636 1496 scenicam
1663 1452 1730 1496 esse
1751 1433 1881 1495 ianuam
1902 1454 1965 1514 qua
1986 1434 2021 1496 in
2042 1432 2176 1496 salntem
2197 1432 2245 1494 in·

241 1537 369 1599 sempor
398 1518 563 1601 hypocrisi
597 1532 630 1581 et
662 1519 769 1583 fallaci
799 1518 990 1600 obliquitate
1024 1518 1214 1596 involutam,
1265 1519 1435 1601 prodimur.
1473 1517 1570 1597 'qino
1591 1519 1621 1581 si
1643 1520 1715 1598 qni-s
1736 1520 1779 1583 ad
1800 1520 1951 1600 evanpetii
1962 1518 2245 1601 promulqationem

239 1604 386 1668 animum
407 1605 554 1668 interiori
576 1607 790 1687 perversitate
813 1605 975 1688 illigatum
996 1626 1139 1669 manere.
1269 1603 1347 1668 illud
1371 1603 1490 1668 Christi
1509 1603 1627 1667 dictum
1657 1604 1841 1686 restrinqere
1863 1605 1946 1682 vetit,
1974 1605 2009 1668 in
2025 1609 2177 1684 promptu
2198 1623 2244 1667 re·

220 1690 224 1697 '
1267 1689 1381 1770 futatio
1403 1694 1460 1768 est,
1489 1691 1566 1768 quia
1588 1690 1730 1753 omnibus
1751 1696 1780 1753 et
1800 1691 1934 1754 saeculis
1957 1694 1984 1754 et
2003 1689 2145 1773 pent-ibus
2165 1709 2243 1754 corn-

1268 1776 1375 1841 mnnis
1395 1776 1459 1857 fuit
1479 1776 1561 1839 ratio
1579 1775 1646 1852 illa,
1669 1796 1731 1839 nou
1745 1797 1840 1857 posse
1857 1777 1971 1858 absque
1997 1776 2244 1841 reconciliatione

607 1859 759 1926 CAPUT
782 1862 841 1925 Vl.
1162 1931 1170 1960 Ι
1263 1862 1388 1943 placere
1410 1861 1498 1959 Deo,
1532 1861 1587 1941 qui
1615 1862 1746 1959 alienati
1773 1867 1846 1926 sunt
1882 1862 1920 1926 ab
1949 1883 1998 1939 eo,
2031 1867 2059 1926 et
2087 1860 2245 1927 maledicti

237 2000 413 2083 Homini
444 2003 611 2114 perdito
643 2004 928 2112 quaerendam
969 2004 1012 2084 in
1045 2002 1216 2087 Christo
1263 1947 2244 2116 {ptangffifflhqcanfltrapgggmgpeeriapad'efiqrnipglgeesppvoe

493 2124 828 2234 redemptionem
859 2153 963 2207 ⁶⁸⁸0·
1268 2120 1409 2269 iiiii
1439 2119 1524 2284 {tt
1550 2119 1710 2269 tutti
1727 2120 2144 2286 ''iniimfflbini
2162 2118 2243 2269 tt
2303 2199 2307 2208 ·

327 2294 353 2354 1.
405 2287 508 2368 Quum
530 2291 562 2351 in
584 2288 677 2354 Adae
693 2310 831 2369 persona
848 2292 981 2372 perierit
998 2295 1091 2353 tatum
1109 2288 1218 2353 buma-
1268 2289 1316 2354 bis
1354 2255 1400 2354 et,
1417 2289 1569 2371 quaslibet
1604 2292 1742 2373 peritiam
1778 2292 1944 2374 reiiqioues
1972 2289 2125 2371 falsitatis
2156 2290 2243 2355 donr-

239 2394 316 2438 num
336 2394 441 2457 penus,
465 2374 552 2438 nobis
574 2376 650 2439 adeo
672 2375 753 2438 nilcil
772 2375 934 2456 prodesset
956 2376 1013 2440 illo
1035 2397 1129 2457 qnam
1157 2396 1217 2439 me-
1269 2381 1337 2454 nat,
1370 2381 1397 2440 et
1426 2378 1579 2440 rationem
1611 2377 1768 2458 ossiqnat,
1808 2378 1886 2457 quia
1923 2377 1983 2441 soli
2013 2377 2101 2441 electo
2128 2376 2246 2458 populo

238 2461 431 2525 moraoimus
453 2461 585 2542 oriqinis
599 2463 799 2541 praestantia
821 2467 849 2526 et
872 2462 1030 2539 nobilitas,
1058 2466 1094 2525 ut
1114 2464 1217 2544 napis
1266 2461 1366 2543 fuerit
1382 2464 1562 2542 promissus
1590 2463 1762 2544 redemptor
1783 2462 1840 2528 sub
1863 2463 1933 2545 leqe.
1985 2462 2073 2528 Unde
2094 2464 2244 2543 sequitur,

239 2547 327 2612 cedat
349 2547 384 2609 in
404 2548 553 2609 maiorem
576 2547 790 2628 iquorniniam,
814 2548 908 2612 donec
932 2549 967 2612 in
987 2547 1050 2628 filii
1071 2549 1125 2611 sui
1145 2548 1217 2610 uni-
1268 2548 1392 2611 nullum
1424 2568 1564 2627 unquam
1592 2547 1660 2612 Deo
1694 2549 1810 2612 udtum
1831 2549 1995 2628 placuisse
2027 2549 2094 2613 nisi
2128 2549 2184 2628 qui
2211 2549 2246 2625 in

236 2632 334 2716 qeniti
350 2653 486 2712 persona
508 2632 679 2714 redemptor
701 2639 853 2714 appareat
875 2632 972 2711 Deus,
1003 2632 1058 2715 qui
1078 2632 1217 2698 domines
1271 2631 1430 2697 Christum
1462 2635 1634 2714 respiceret.
1691 2633 1777 2699 Unde
1815 2636 1909 2699 etiam
1947 2633 2088 2715 affirmat
2122 2633 2245 2697 Paulus

229 2722 354 2800 peccato
373 2717 511 2798 foedatos
533 2723 560 2781 et
581 2724 739 2798 corruptos
756 2740 818 2800 pro
840 2739 897 2783 suo
920 2740 1008 2800 opere
1029 2740 1217 2802 11119111-
1269 2718 1369 2804 (Eph.
1390 2723 1418 2797 2,
1441 2722 1505 2802 12),
1526 2725 1630 2802 pentes
1651 2740 1754 2784 munes
1776 2719 1891 2801 absque
1912 2719 1981 2783 Dec
2001 2721 2116 2802 fnisse,
2143 2724 2172 2783 et
2191 2739 2246 2801 spe

235 2804 284 2871 cit.
344 2802 430 2887 Erpa
456 2809 625 2884 postquam
659 2804 832 2869 cecidimus
861 2825 883 2868 a
916 2807 982 2882 vito
1013 2807 1049 2869 in
1081 2810 1215 2882 marten,
1268 2806 1351 2869 citae
1374 2805 1507 2869 orbatas.
1552 2805 1625 2868 Iam
1653 2826 1750 2886 quum
1777 2806 1881 2870 doceat
1904 2805 2040 2869 Ioannes
2062 2806 2107 2890 (l,
2127 2804 2172 2888 4),
2200 2805 2247 2868 vi

234 2890 360 2956 inutilis
381 2895 457 2954 esset
474 2894 536 2953 tota
565 2889 622 2953 illa
643 2889 707 2953 Dei
728 2892 890 2968 creatoris,
918 2891 955 2955 de
983 2911 1046 2971 quo
1067 2891 1218 2955 dissoni·
1269 2896 1334 2955 tam
1355 2891 1394 2956 ab
1415 2892 1507 2955 initio
1527 2891 1627 2972 fnisse
1649 2892 1683 2954 in
1707 2890 1840 2970 Christo,
1862 2896 1889 2955 ct
1911 2891 1949 2956 ab
1976 2912 2014 2956 eo
2034 2891 2185 2956 eemdnse
2206 2895 2247 2955 to

235 2995 322 3054 mus,
352 2975 496 3058 capnitio,
531 2975 596 3038 uisi
624 2977 795 3040 suuederet
821 2978 914 3040 etiam
929 2977 1022 3056 fides,
1055 2976 1161 3042 Deum
1183 2977 1217 3041 in
1269 2982 1335 3041 tum
1364 2976 1532 3055 mundum,
1565 2977 1608 3040 ud
1639 2977 1753 3058 fontem
1785 2978 1876 3041 illum
1907 2977 2010 3042 redire
2042 2997 2161 3042 necesse
2192 2981 2245 3040 est.

238 3060 364 3127 Christo
391 3066 515 3141 patrem
555 3061 644 3125 nobis
669 3081 855 3141 proponens.
905 3061 988 3126 Erat
1014 3062 1139 3144 quidem
1167 3061 1218 3126 bic
1269 3061 1373 3143 Atque
1393 3064 1462 3127 ideo
1486 3060 1644 3139 Christus,
1676 3068 1829 3145 quatenus
1855 3068 1900 3128 est
1914 3065 2118 3145 propitiator,
2145 3082 2178 3125 se
2199 3063 2246 3125 oi-

232 3147 392 3232 qenuinns
409 3148 492 3226 orda,
515 3150 551 3210 nt
571 3148 682 3211 mnndi
701 3146 826 3228 fabrica
847 3148 934 3212 nobis
955 3148 1058 3213 sedala
1076 3153 1154 3214 esset
1175 3148 1218 3212 ad
1269 3154 1333 3212 tam
1362 3170 1427 3214 esse
1454 3149 1575 3213 asserit.
1620 3148 1664 3212 Et
1692 3169 1768 3214 saue
1794 3170 1856 3213 uon
1885 3149 1928 3214 ad
1955 3148 2035 3213 otios
2062 3168 2157 3228 quom
2179 3147 2245 3212 Dei

230 3232 380 3316 pietatem
400 3232 594 3311 discendam,
623 3230 706 3297 unde
732 3233 775 3298 od
802 3239 958 3299 aeternam
980 3236 1076 3298 uitam
1098 3240 1126 3298 et
1142 3255 1216 3316 per·
1266 3234 1352 3314 filios
1378 3236 1514 3316 pertinet
1546 3234 1698 3299 coelorum
1719 3235 1902 3299 iiaereditas.
1948 3233 2108 3298 Filiorum
2140 3239 2245 3297 ouum

235 3318 348 3401 fectum
369 3318 547 3399 felicitatem
571 3319 658 3398 fieret
685 3320 846 3384 transitus.
894 3319 956 3385 Sed
977 3325 1050 3402 pest
1078 3320 1217 3402 defectio
1269 3321 1331 3384 ioco
1357 3327 1386 3386 et
1412 3321 1522 3386 ordine
1549 3322 1666 3384 censeri
1693 3323 1823 3385 minime
1844 3325 2077 3385 consentaneum
2103 3326 2158 3397 est,
2187 3321 2245 3401 qui

186 3468 191 3485 ,
240 3424 318 3481 uem,
341 3424 519 3484 quocunque
545 3409 702 3469 cenamus
723 3406 839 3484 oculos,
862 3427 990 3471 sursum
1017 3412 1043 3470 et
1072 3408 1217 3472 deorsum
1268 3426 1330 3470 nou
1356 3408 1448 3471 insiti
1479 3411 1552 3471 suant
1579 3407 1615 3469 in
1646 3427 1760 3487 eorpus
1792 3408 1946 3490 uniqeniti
1970 3405 2043 3487 filii.
2093 3405 2138 3470 Et
2162 3406 2246 3470 clare

238 3490 372 3554 occurrit
393 3489 458 3554 Dei
479 3490 664 3569 maledictio,
687 3512 766 3572 quae
788 3494 863 3557 dum
885 3493 1033 3557 innoxias
1055 3498 1217 3558 creaturas
1269 3496 1400 3557 testatur
1423 3491 1556 3557 Ioarines
1578 3492 1623 3577 (l,
1645 3493 1715 3575 12),
1743 3493 1800 3573 qui
1827 3493 1953 3557 credunt
1981 3493 2016 3556 iu
2037 3492 2107 3555 eius
2126 3513 2242 3571 nomm,

240 3575 334 3654 onipa
355 3580 462 3639 nostra
490 3581 616 3657 occupat
642 3578 832 3657 etinuctoit,
858 3579 1070 3660 desperatione
1092 3581 1217 3643 animas
1268 3578 1352 3659 filies
1379 3577 1443 3642 Dei
1468 3579 1548 3659 fieri.
1595 3577 1657 3642 Sed
1689 3580 1766 3658 quia
1797 3579 1834 3642 de
1859 3577 1922 3658 fide
1949 3579 1984 3642 in
2018 3576 2178 3642 Christum
2205 3598 2243 3641 cx

238 3665 363 3727 nostras
385 3661 494 3725 obruat
522 3682 640 3727 measse
672 3668 724 3726 est.
768 3663 842 3728 Etsi
869 3667 951 3728 euim
980 3665 1087 3728 multis
1117 3664 1218 3730 adimo
1264 3666 1405 3746 professo
1433 3666 1585 3729 disserere
1618 3664 1697 3728 mibi
1727 3665 1865 3728 nondum
1886 3665 2087 3745 propositum
2117 3669 2176 3742 est,
2209 3664 2245 3727 in

238 3746 341 3813 modis
355 3752 526 3829 paternum
547 3768 621 3830 erpa
641 3769 697 3812 nos
723 3748 861 3829 fauorem
888 3756 1010 3814 exstare
1032 3750 1096 3813 mitt
1118 3751 1216 3828 Dens,
1270 3758 1456 3817 transcursu
1477 3751 1619 3833 attiqisse
1639 3751 1719 3814 satis
1739 3751 1844 3831 fuerit.

238 3853 277 3899 11
299 3835 410 3899 niuridi
437 3838 538 3900 tunm
562 3839 719 3913 conspectu
741 3840 867 3915 patrem
894 3836 1034 3918 collipere
1059 3837 1217 3919 nonlicet,
1357 3842 1385 3899 2.
1429 3835 1478 3900 Ac
1494 3836 1629 3915 proinde
1650 3836 1743 3900 ueteri
1764 3837 1880 3917 popula
1906 3855 2070 3915 nunquam
2096 3855 2128 3900 se
2153 3833 2245 3899 Deus

239 3918 294 3982 nbi
315 3941 371 3984 nos
392 3921 479 3983 intus
500 3925 588 4002 urpet
609 3921 801 3999 conscientia,
833 3923 1023 4003 ostenditque
1046 3923 1164 3986 iustam
1184 3924 1218 3986 in
1270 3924 1400 3988 ostendit
1421 3923 1613 4003 propitium,
1646 3942 1699 3986 neo
1732 3942 1817 4003 spem
1845 3923 1969 4005 qratiae
2001 3941 2141 4001 nuquam
2171 3919 2244 4000 fec-it

232 4010 359 4086 peccato
376 4006 581 4070 abdicationis
598 4025 725 4070 causam
744 4027 816 4084 csse,
839 4028 876 4071 ue
893 4029 956 4088 pro
975 4007 1056 4088 filiis
1076 4028 1132 4071 nos
1153 4028 1218 4071 cen-
1270 4010 1383 4089 absqne
1405 4008 1579 4072 mediatore.
1628 4007 1740 4072 Omitto
1761 4008 1921 4088 sacrificia
1942 4007 2026 4089 lepis,
2053 4007 2168 4087 quibus
2183 4027 2244 4087 pa-

239 4095 305 4156 seat
326 4089 417 4154 Deus
437 4092 482 4155 uel
503 4097 627 4173 reputet.
670 4093 845 4157 Accnlitet
874 4095 1015 4158 socordia
1037 4098 1064 4157 et
1085 4095 1218 4176 inprati
1269 4095 1334 4159 lom
1361 4099 1389 4159 et
1415 4099 1520 4176 aperte
1547 4094 1642 4158 odedi
1665 4094 1795 4175 fuerunt
1813 4094 1933 4175 fideles:
1965 4113 2027 4156 non
2049 4092 2126 4156 alibi
2147 4114 2245 4173 quam

236 4176 326 4241 tudo:
347 4176 424 4257 qnia
446 4198 498 4242 nec
519 4183 774 4256 mentesnostrue,
796 4184 831 4242 ut
847 4185 920 4242 sunt
935 4185 1119 4256 occaecatas,
1141 4179 1218 4259 quid
1269 4181 1304 4244 in
1326 4181 1509 4261 eaqnatimce,
1533 4200 1612 4260 qnae
1642 4201 1663 4244 a
1684 4180 1747 4244 soto
1771 4179 1894 4245 Christo
1917 4183 2124 4261 1111111111,
2152 4199 2245 4260 quae·

235 4283 344 4327 vuum
365 4263 408 4326 sit
429 4270 569 4344 carrum,-
591 4269 626 4342 et,
649 4269 684 4327 ut
698 4265 796 4345 praui
816 4271 887 4329 sard
909 4287 1012 4331 amites
1033 4285 1143 4331 sensus
1165 4286 1218 4329 no-
1270 4267 1400 4330 reudam
1433 4265 1564 4330 salutem
1590 4286 1663 4331 esse.
1714 4265 1782 4330 Hoc
1808 4271 1928 4330 tontum
1952 4265 2034 4341 dico,
2067 4262 2190 4329 beatum
2217 4269 2245 4329 et

235 4350 308 4428 stri,
341 4348 447 4413 Deum
480 4350 614 4433 motique
637 4370 697 4413 sua
728 4351 830 4432 qloria
861 4352 1059 4428 fraudamus.
1106 4350 1218 4432 Itaque
1266 4353 1386 4434 felicem
1418 4351 1561 4416 ecclesiae
1593 4358 1710 4416 statana
1742 4372 1861 4433 semper
1894 4353 1928 4415 iu
1960 4349 2079 4415 Citristi
2104 4371 2244 4431 persona

234 4436 419 4500 venandum
452 4438 494 4502 ad
523 4436 603 4500 illud
636 4436 735 4501 Pauli
762 4436 794 4519 (1
816 4436 890 4500 Cor.
915 4443 940 4515 1,
967 4441 1039 4519 21).·
1070 4439 1218 4518 quoniam
1266 4440 1368 4519 fuisse
1398 4438 1576 4519 fundatum.
1634 4439 1720 4503 Nam
1758 4440 1815 4502 etsi
1847 4437 1936 4501 Dens
1968 4441 2063 4500 totam
2093 4435 2245 4500 Abrabae

236 4521 271 4584 in
293 4523 450 4602 sapientia
471 4523 536 4587 Dei
556 4543 616 4587 non
638 4524 773 4604 coquouit
793 4524 931 4589 mundus
946 4545 1008 4604 per
1028 4525 1217 4605 sapientiam
1268 4523 1398 4589 sobolem
1418 4525 1453 4586 in
1473 4524 1594 4605 foedere
1616 4546 1672 4589 suo
1689 4522 1866 4603 complexus
1883 4528 1935 4602 est,
1952 4523 2124 4605 prudenter
2140 4528 2244 4587 tamen

236 4604 355 4686 Deum,
378 4608 501 4689 placuit
527 4609 595 4674 Deo
616 4629 676 4690 per
701 4609 868 4673 stultitiam
886 4611 1135 4690 praedicationis
1155 4608 1218 4673 soi-
1268 4612 1474 4675 ratiocinatur
1500 4611 1624 4676 Paulus
1658 4608 1747 4694 (Gal.
1768 4611 1796 4685 3,
1825 4610 1894 4692 16),
1930 4607 2089 4673 Christum
2110 4609 2244 4689 proprie

235 4714 290 4757 oos
307 4694 411 4770 facere
433 4697 591 4761 credentes.
639 4694 836 4775 Sapientiam
855 4694 918 4759 Dei
939 4696 1076 4777 appellat
1096 4696 1217 4778 mopni
1268 4717 1332 4762 esse
1361 4717 1463 4762 serram
1495 4697 1576 4763 illud
1611 4698 1646 4761 in
1676 4715 1735 4775 qno
1768 4694 1986 4759 bundiceadoe
2018 4699 2105 4758 erant
2138 4714 2243 4757 omnus

236 4777 330 4847 nnn
351 4778 406 4841 boe
429 4781 581 4845 tbeatram
603 4781 676 4846 coeti
698 4786 726 4845 et
746 4786 854 4858 terrae,
884 4783 1060 4847 innumeris
1081 4782 1217 4845 miracu·
1265 4788 1385 4865 pentem
1411 4784 1534 4864 quando
1556 4784 1673 4847 scimus
1693 4800 1756 4844 nou
1777 4800 1889 4859 omnes,
1909 4782 1964 4862 qui
1986 4781 2153 4844 seminudum
2174 4798 2244 4843 ear·

238 4862 280 4927 bis
297 4864 454 4945 refertum,
477 4887 514 4930 ec
535 4868 626 4931 cuius
655 4867 771 4932 intuitu
792 4867 949 4947 sapienter
970 4868 1075 4933 Deum
1097 4887 1217 4950 coquos
1267 4888 1336 4932 uon
1367 4890 1405 4934 en
1432 4890 1465 4934 eo
1495 4870 1592 4951 puniti
1624 4872 1704 4944 sunt,
1739 4872 1897 4947 reputatos
1928 4866 2030 4947 fnisse
2061 4867 2097 4930 in
2117 4866 2242 4930 semine.

236 4966 302 5011 cere
339 4949 458 5013 decebat
465 4975 475 5029 ;
511 4953 564 5016 sed
596 4954 672 5033 qnia
707 4958 771 5019 tam
801 4954 883 5018 mate
921 4955 986 5019 iilic
1012 4954 1214 5036 profecimus,
1269 4954 1356 5019 Nam
1385 4960 1420 5019 ut
1446 4956 1484 5019 de
1512 4953 1648 5018 ismaele
1670 4956 1697 5016 et
1718 4952 1794 5018 aliis
1816 4958 1948 5030 taceam,
1977 4954 2033 5034 qui
2058 4952 2244 5033 factumest

236 5039 356 5097 reuocat
377 5056 433 5099 nos
460 5036 503 5099 ad
521 5036 616 5117 fidem
643 5037 775 5118 Canni,
804 5059 884 5120 qnae
911 5040 946 5104 ob
973 5041 1123 5105 stultitiae
1149 5061 1215 5122 spe-
1265 5046 1301 5104 ut
1322 5061 1361 5105 en
1382 5041 1501 5104 duobus
1520 5038 1600 5117 filiis
1623 5037 1733 5115 Isaac,
1761 5059 1869 5119 nempe
1890 5039 1983 5103 Esau
2010 5043 2037 5102 et
2060 5037 2153 5102 Iacob
2172 5039 2243 5120 fra·

238 5118 316 5185 eum
342 5121 512 5185 incredrdis
531 5123 662 5204 fastidio
683 5130 735 5188 est.
783 5125 973 5206 Quanquam
993 5147 1062 5210 erqo
1079 5126 1214 5190 tiumano
1266 5126 1368 5191 tribus
1383 5124 1526 5208 qeminis,
1548 5144 1647 5204 unum
1668 5123 1769 5188 adbuc
1791 5125 1826 5188 in
1847 5128 1934 5189 utero
1953 5125 2067 5188 matris
2085 5125 2243 5189 coniuncti

236 5206 360 5291 inqenio
392 5228 454 5274 riori
491 5209 650 5290 resqrmrdet
675 5210 870 5290 praedicatio
902 5215 1018 5292 crucis,
1056 5213 1215 5278 bumditer
1265 5217 1373 5292 essent,
1394 5231 1457 5275 uno
1474 5209 1563 5274 electo
1585 5209 1664 5274 alter
1685 5210 1931 5291 repudiaretur?
1955 5209 2025 5277 Ima
2047 5212 2103 5291 qui
2121 5210 2244 5291 factum
