4672 5842
233 313 296 376 'lla
874 303 1143 373 ms'rI'lUu'IO
1164 304 1270 371 mlh.
1293 300 1476 372 clffllflu.
1502 309 1595 372 1559.
2168 302 2246 425 Ι744

232 506 382 581 tempero;
404 495 458 561 sed
479 496 648 560 maenam
666 494 748 560 milri
768 494 905 559 arbitror
926 515 964 559 ne
985 495 1121 559 aliorum
1143 494 1215 559 leui-
1266 501 1396 558 rantur:
1429 514 1548 576 nempe
1576 515 1636 576 per
1662 494 1829 571 tenebras,
1862 493 1976 557 fletum
2009 501 2043 555 et
2071 488 2247 555 stridorem

234 590 325 652 minu
341 581 551 664 respondendo
566 582 695 663 foveam.
731 580 937 647 Seiaeitantm
954 601 1053 646 nanae
1070 581 1215 644 suamne
1266 578 1424 656 dentium,
1447 580 1556 663 ignem
1580 578 1898 662 inexstinguibilem,
1920 598 2066 643 vermem
2088 578 2160 640 sine
2181 577 2248 640 fine

234 670 334 736 numi
360 668 515 746 bonnms,
548 673 667 747 meanto
692 667 774 730 inter
795 666 965 747 propbetas
997 671 1026 731 et
1055 666 1213 748 sporum,
1266 685 1322 729 cor
1342 663 1550 730 arrodentem
1571 665 1706 749 (Matth.
1730 669 1759 741 8,
1781 669 1820 728 12
1842 676 1876 728 et
1894 668 1944 742 22,
1967 668 2020 742 13;
2041 662 2118 729 ibid.
2140 666 2170 739 3,
2192 665 2247 740 12;

234 775 349 821 nerem
370 757 450 818 inter
471 754 623 833 apostolos
642 758 670 817 el
688 757 842 834 martyres
857 752 969 832 lutura
986 753 1028 815 sit
1044 752 1214 828 distortio,
1265 751 1368 816 Marc.
1389 756 1424 826 9,
1443 756 1499 830 43;
1522 751 1584 816 Ies.
1606 756 1662 829 66,
1682 755 1723 814 24
1749 763 1782 815 st
1807 755 1863 828 30,
1883 751 1948 831 33).
1994 749 2129 814 Talibus
2157 749 2248 813 enim

235 846 305 925 perat
324 839 479 923 madibus
499 839 641 920 differem
662 860 684 903 a
704 840 878 921 eorriupatis·
903 840 1059 921 empireo,
1084 839 1214 917 denique
1265 836 1420 919 loquendi
1436 838 1541 902 modis
1559 845 1684 903 certum
1704 844 1755 902 est
1771 837 1924 919 spiritum
1941 835 2249 901 sanctumvoluisse

236 926 361 993 nullum
388 926 461 990 meli
488 926 638 1007 anpulum
664 924 704 988 ab
730 925 908 988 wimundo
940 926 1090 989 intactum
1121 924 1215 987 relin·
1266 945 1381 987 sensus
1411 944 1524 988 omnes
1546 923 1682 987 horrore
1704 922 1915 997 conturbare;
1944 931 1982 985 ut
2003 943 2105 1003 quum
2126 920 2249 985 dieitur

236 1018 343 1096 qumrt.
386 1012 511 1078 Deinde
532 1011 614 1074 subit
635 1010 702 1074 illis
723 1011 759 1073 in
780 1015 919 1088 mentera,
943 1030 1093 1090 quorsum
1115 1010 1214 1090 perti·
1264 1018 1494 1091 praeparatam
1515 1030 1587 1073 esse
1609 1009 1651 1074 ab
1673 1018 1806 1074 aeterno
1828 1009 2013 1091 gehennam
2038 1007 2247 1089 profundam,

236 1105 308 1164 neat
326 1098 409 1163 orbis
424 1098 598 1178 reparata
618 1096 742 1177 mono
762 1117 801 1160 er
822 1101 908 1159 lamia
929 1102 956 1159 al
976 1094 1214 1175 incomparabili
1265 1096 1468 1159 nutrimenta
1495 1096 1566 1160 sius
1588 1117 1659 1160 esse
1682 1096 1791 1178 ignem
1813 1103 1847 1159 et
1866 1095 1958 1178 ligna
1983 1093 2101 1167 multa,
2130 1093 2248 1156 flatum

237 1186 327 1268 copia
359 1183 479 1247 nullius
510 1183 557 1245 rei
589 1182 691 1264 mdipi
723 1186 811 1245 erum
841 1182 903 1262 filii
931 1181 1010 1259 Dei,
1045 1182 1099 1246 sed
1125 1184 1215 1244 erunt
1265 1181 1415 1257 Domini,
1444 1201 1504 1245 ceu
1526 1190 1707 1245 torrentem
1730 1181 1915 1264 sulphuris,
1943 1202 2016 1244 eam
2038 1178 2246 1244 succendere.

237 1271 358 1337 similes
384 1267 514 1351 mapella,
550 1287 684 1348 quorum
711 1267 818 1331 inedia
845 1273 985 1332 aetemae
1012 1266 1214 1330 beatitudinis
1267 1264 1396 1346 Quibus
1418 1280 1456 1330 ut
1477 1289 1537 1331 nos
1559 1267 1708 1332 adiuvari
1726 1273 1855 1348 oportet
1871 1266 1914 1330 ad
1930 1262 2175 1348 concipiendam
2194 1278 2247 1328 ut-

237 1355 409 1440 spmbolum
429 1359 481 1417 est.
524 1352 594 1436 Epo
615 1357 718 1417 aulem
739 1354 919 1433 respondeo,
943 1355 978 1416 in
999 1355 1068 1433 msa
1088 1357 1213 1432 aspectu
1266 1373 1393 1435 cunque
1421 1354 1598 1436 impiorum
1626 1355 1779 1417 miseram
1808 1365 1945 1429 sortem,
1980 1354 2027 1415 ita
2055 1372 2115 1415 nos
2144 1352 2180 1414 in
2207 1372 2247 1414 eo

236 1447 357 1510 tantam
377 1439 444 1521 sore
465 1441 691 1516 amenitatem,
717 1443 836 1502 tacitam
857 1441 925 1503 sine
944 1460 1007 1502 usu
1028 1440 1214 1502 ammiatem
1266 1439 1475 1520 potissimum
1497 1437 1639 1522 deligere
1662 1440 1892 1522 cogitationem
1915 1447 2058 1522 oportet,
2082 1456 2180 1518 quam
2202 1438 2248 1502 sit

238 1531 275 1594 in
301 1528 368 1591 sola
396 1525 521 1601 notitia,
549 1530 584 1588 ut
609 1524 682 1590 baec
708 1525 843 1605 felicitas
871 1527 977 1589 onmia
998 1524 1215 1605 quibusnam
1265 1523 1493 1589 calamitosum
1516 1525 1653 1590 alienari
1674 1526 1715 1590 ab
1737 1526 1827 1589 omni
1848 1526 1912 1590 Dei
1934 1526 2095 1589 societate.
2131 1523 2247 1605 Neque

232 1614 383 1680 iuvamur
416 1611 610 1675 adminimla
643 1611 729 1692 loupe
760 1616 930 1690 scalperet
975 1609 1152 1693 Finpamus
1179 1610 1215 1671 in
1265 1609 1300 1673 id
1320 1607 1428 1674 modo:
1453 1610 1510 1674 sed
1527 1612 1730 1676 maiestatem
1749 1609 1813 1674 Dei
1836 1612 1882 1675 ita
1903 1612 2025 1675 sentire
2046 1610 2107 1674 tibi
2128 1608 2248 1672 adver-

233 1698 475 1781 opulcntisaima,
494 1701 521 1758 et
538 1697 592 1760 nbi
609 1697 699 1761 nulla
716 1717 772 1760 rme
789 1696 933 1777 voluptas·
950 1696 1081 1775 deficiat,
1103 1695 1215 1759 muruli
1266 1716 1353 1770 sam,
1389 1706 1427 1759 ut
1458 1696 1603 1780 effugere
1634 1719 1777 1778 nequeas
1809 1698 1888 1779 quin
1916 1696 1956 1761 ab
1985 1698 2058 1778 ipsa
2085 1695 2245 1778 urgearis.

228 1785 329 1868 plapa
351 1804 415 1847 esse
432 1782 569 1864 positos:
601 1803 691 1862 quem
712 1802 774 1845 reon
795 1784 849 1845 mi
868 1782 966 1845 morbi
987 1783 1027 1845 ab
1047 1803 1110 1845 usu
1130 1781 1215 1845 bene·
1265 1780 1353 1845 Nam
1382 1783 1526 1863 primum
1556 1785 1626 1846 eius
1655 1782 1839 1866 indignatio
1866 1784 1971 1847 instar
1996 1783 2084 1865 ignis
2105 1789 2155 1846 est
2174 1782 2246 1844 vio-

232 1869 378 1952 llciorum
398 1869 460 1932 Ilei
477 1868 606 1931 subinde
623 1869 797 1948 impediunt
817 1888 855 1931 ac
870 1867 1057 1948 protument?
1081 1869 1133 1931 eui
1153 1887 1215 1931 nori
1263 1866 1448 1945 lautissimi,
1472 1869 1565 1932 cuius
1583 1878 1707 1934 attactu
1729 1869 1839 1933 omnia
1861 1869 2059 1933 devorentur
2080 1877 2112 1932 et
2133 1866 2247 1930 absor-

235 1976 296 2022 ouu
318 1955 515 2034 interimeries
536 1974 662 2017 cursam
683 1975 774 2034 same
801 1953 984 2035 abmnnpit?
1034 1953 1121 2018 Unde
1147 1973 1214 2017 eon-
1266 1950 1413 2016 beantur.
1459 1954 1588 2018 Deinde
1616 1955 1666 2018 illi
1694 1955 1736 2018 ad
1764 1954 1984 2020 exercendum
2010 1953 2171 2018 iudicium
2199 1954 2246 2017 sia

144 2094 154 2115 ,
235 2042 376 2124 sepnilm
397 2041 554 2119 liquidam
574 2044 602 2103 el
619 2061 737 2121 puram
759 2040 799 2102 ab
819 2041 906 2104 ornni
926 2041 1001 2103 nitio
1025 2040 1214 2120 fruitronem,
1266 2039 1416 2103 serviunt
1438 2059 1551 2104 omnes
1572 2049 1751 2118 creaturae,
1774 2050 1812 2104 ut
1830 2040 1965 2118 coelum,
1989 2048 2121 2116 terram,
2144 2061 2245 2115 mare,
2270 2058 2279 2074 ·

236 2128 381 2210 quamuis
402 2126 510 2190 nullus
531 2126 573 2188 nit
594 2126 805 2205 corruptibilis
826 2128 907 2189 auae
934 2145 1028 2204 usus,
1055 2125 1216 2205 salafatiatio
1268 2123 1436 2202 animalia,
1465 2133 1498 2188 et
1525 2125 1682 2208 quidquid
1710 2135 1774 2197 cst,
1802 2127 1895 2191 velut
1923 2125 1995 2190 dira
2022 2125 2247 2207 indignatione

137 2262 140 2269 .
237 2232 301 2279 esse
323 2213 489 2276 cumulum.
535 2211 606 2274 Alii
628 2224 661 2275 s'e
682 2212 875 2292 transferunt
902 2211 1039 2294 lonpius,
1066 2217 1095 2274 et
1124 2230 1216 2290 puae
1269 2209 1444 2275 adversum
1474 2233 1508 2275 se
1535 2213 1740 2276 inflammata
1762 2222 1794 2275 et
1815 2214 1850 2275 in
1871 2213 2048 2293 perniciem
2078 2232 2174 2275 suam
2195 2231 2247 2274 ar·

237 2304 311 2364 runt
334 2319 436 2362 arrrion
453 2297 556 2361 scoria
574 2302 602 2360 et
619 2297 703 2360 aliae
723 2297 913 2376 corruptelae
933 2298 970 2361 in
990 2297 1127 2362 metallis
1143 2317 1217 2378 pro
1269 2304 1358 2360 mata
1384 2298 1513 2361 sensuri
1541 2299 1622 2375 sint;
1652 2298 1770 2380 quibus
1792 2299 1876 2362 iram
1897 2319 1992 2362 suam
2013 2299 2061 2359 ita
2083 2296 2247 2361 Dominus

238 2383 288 2450 cul
309 2406 330 2447 a
350 2384 541 2448 restitutione
562 2383 672 2459 absint,
694 2387 722 2446 el
743 2383 782 2447 ab
799 2403 836 2446 ea
853 2384 1035 2447 dissideant.
1073 2383 1162 2463 Quod
1182 2387 1217 2445 ut
1268 2381 1378 2464 palam
1400 2383 1506 2447 taciet.
1552 2381 1664 2463 Quare
1692 2406 1757 2449 non
1786 2384 1922 2466 vulgare
1950 2383 2073 2465 aliquid
2101 2405 2246 2464 pronun-

238 2468 305 2536 illis
327 2469 525 2551 almuatenm
546 2469 715 2545 concedam,
739 2474 876 2549 serpedo
892 2489 962 2532 min
981 2468 1083 2533 Paulo
1104 2468 1215 2543 (Rom.
1269 2468 1366 2532 tiavit
1388 2469 1563 2549 apostolus,
1586 2491 1688 2551 quum
1706 2468 1784 2534 dicit
1805 2470 1840 2552 (2
1859 2469 1973 2534 Thess.
1996 2474 2022 2547 l,
2043 2471 2077 2551 b)
2100 2467 2248 2533 infideles

238 2559 269 2632 8,
289 2558 345 2639 22)
364 2556 510 2620 vitiorum
529 2555 757 2634 reparationem
774 2575 854 2635 quae
870 2555 1000 2619 initium
1016 2559 1218 2634 sumpserunt
1269 2553 1402 2618 daturos
1429 2575 1551 2637 poenas
1578 2556 1714 2619 interitu
1743 2566 1893 2620 aeternas
1915 2577 1935 2619 a
1956 2556 2038 2620 facie
2058 2555 2194 2619 Domini
2216 2564 2249 2618 et
2294 2592 2301 2603 ι

237 2662 260 2707 a
280 2647 421 2722 peccam,
449 2641 493 2706 ad
519 2660 615 2720 quam
639 2644 764 2723 pemunt
791 2647 819 2705 et
836 2641 1031 2722 parturiunt.
1077 2640 1218 2722 Lonpius
1270 2660 1290 2702 a
1316 2639 1421 2722 gloria
1449 2641 1581 2705 virtutis
1607 2643 1685 2706 eius.
1732 2641 1775 2705 Et
1802 2643 1921 2723 quoties
1950 2646 2063 2706 marm
2094 2641 2249 2719 corporeis

238 2728 351 2793 iterum
366 2726 621 2810 propredinntur.
643 2746 798 2806 quaenam
819 2727 929 2791 melior
945 2726 1077 2789 condiio
1093 2730 1219 2790 maneat
1267 2727 1381 2809 lipuris
1402 2726 1555 2791 incutiunt
1569 2727 1747 2809 propbetae,
1768 2728 1912 2808 quamvis
1928 2727 2011 2792 nilnl
2026 2747 2085 2807 pro
2101 2730 2151 2788 lar
2171 2726 2249 2788 itate

231 2833 331 2898 penus
352 2813 538 2883 lemanum.
567 2832 664 2892 quum
692 2812 803 2878 sobolis
831 2812 996 2877 benedietio
1022 2812 1118 2891 brien
1146 2818 1218 2876 tunc
1269 2818 1376 2876 nostra
1396 2811 1624 2894 hyperbolicam
1645 2816 1792 2894 affimant,
1813 2813 1987 2896 praeludia
2006 2818 2107 2876 tamen
2169 2811 2248 2874 mis-

233 2897 1074 3067 ,mrr
1268 2898 1883 3067 mc,
1903 2898 2249 3063 r,

236 3075 390 3136 crernerrta
413 3071 548 3150 pertinet
576 3069 690 3150 quibua
711 3069 803 3134 Deris
830 3070 959 3135 assidue
980 3075 1112 3134 craturae
1134 3069 1218 3134 ordi-
1270 3071 1487 3147 mmciemioe,
1516 3071 1594 3150 quin
1620 3072 1692 3136 diro
1720 3071 1843 3135 turbine
1870 3075 2019 3135 necentur
2038 3089 2075 3134 ae
2096 3069 2248 3148 dissipen-

236 3175 307 3220 nem
318 3155 462 3236 precellit
479 3156 522 3220 ad
539 3176 631 3220 suam
647 3160 774 3220 mdarn:
795 3157 830 3219 in
847 3157 1034 3237 perfectione
1053 3176 1123 3220 aero
1144 3157 1218 3235 ipsa
1269 3160 1330 3233 tur,
1352 3156 1408 3236 qui
1424 3156 1464 3218 ab
1481 3156 1592 3236 infesto
1610 3157 1679 3221 Deo
1697 3178 1729 3222 se
1746 3158 1882 3237 aarum·
1899 3158 2041 3233 sentiant,
2064 3161 2092 3218 et
2112 3155 2248 3234 maricae

236 3242 338 3315 aliam
367 3242 518 3306 rumen
545 3262 610 3304 esse
637 3246 742 3304 ndum
775 3247 827 3307 ert.
876 3242 937 3306 b'ed
969 3242 1046 3322 puio
1078 3243 1218 3306 incautm
1269 3242 1440 3322 mortiferis
1472 3242 1590 3306 aculeis
1619 3243 1829 3320 lancinentur,
1863 3243 1940 3323 quin
1965 3242 2008 3305 ad
2036 3240 2102 3304 Dei
2129 3241 2249 3320 frumen

236 3328 343 3393 statim
365 3331 489 3407 captant
511 3327 674 3403 illecebrae,
697 3333 725 3392 et
744 3327 940 3409 labyrinthus
958 3327 1068 3391 deiram
1085 3327 1219 3409 prosun-
1270 3332 1481 3408 erpaoeseanl,
1503 3332 1531 3391 et
1552 3333 1749 3393 muleram
1765 3328 2087 3405 mercenarorium
2109 3331 2145 3389 ut
2161 3326 2248 3407 abys-

237 3413 312 3480 dim·
333 3412 443 3491 trabit,
472 3414 611 3490 landent,
639 3413 695 3476 ubi
716 3433 776 3477 sua
797 3416 906 3495 euicere
925 3413 1044 3494 placita
1066 3413 1217 3492 arrident,
1270 3432 1321 3477 soc
1348 3418 1376 3476 et
1402 3414 1564 3495 nmapines
1591 3414 1743 3495 quaslibet
1769 3415 1875 3479 subire
1903 3415 2002 3479 lenim
2028 3415 2071 3478 sit
2099 3432 2195 3493 priam
2215 3413 2248 3475 in

238 3499 347 3564 nulus
375 3503 418 3562 est
446 3499 703 3564 concertationum
735 3501 861 3564 modus:
888 3500 943 3563 boe
969 3500 1011 3563 sil
1040 3500 1129 3565 nobis
1150 3501 1219 3564 viae
1270 3498 1337 3562 illis
1370 3498 1539 3563 terroribus
1570 3506 1654 3565 stare
1683 3502 1726 3565 ad
1753 3504 1946 3564 momentum.
1991 3497 2099 3578 Quale
2127 3499 2190 3564 hoc
2217 3508 2249 3561 et

239 3584 461 3665 commeatum,
484 3589 634 3649 enitentes
655 3605 720 3649 esse
740 3587 863 3666 speculo
884 3592 912 3650 et
932 3587 1105 3667 aenipmate
1125 3586 1218 3650 donec
1270 3592 1431 3666 quantum
1458 3594 1523 3663 est,
1557 3596 1692 3651 aeterna
1723 3594 1757 3651 et
1788 3607 1950 3668 nusquam
1984 3585 2131 3649 desitura
2163 3584 2250 3648 illius

238 3689 396 3737 mmmmm
425 3671 508 3752 facie
538 3670 580 3735 acl
611 3671 733 3751 faciem.
784 3672 871 3735 Nam
898 3672 997 3753 pauci
1030 3692 1067 3735 er
1100 3672 1219 3753 inperiti
1271 3668 1438 3734 obsidione
1459 3671 1594 3754 urgeri?
1642 3674 1713 3753 Quia
1739 3673 1777 3737 de
1802 3693 1837 3736 re
1860 3671 2012 3736 Psalmns
2032 3671 2251 3753 rurrapesimns

240 3757 441 3822 multitudine
467 3778 531 3838 prm
552 3757 587 3820 in
609 3758 704 3821 coelos
725 3759 860 3823 eurialum
888 3760 931 3822 sil
960 3762 1086 3835 mrant;
1114 3777 1219 3821 ormres
1270 3757 1400 3820 mnam
1420 3758 1649 3822 memorabilem
1665 3759 1863 3823 romuliam:
1884 3758 2028 3838 qmimnia
2044 3757 2108 3821 solo
2124 3759 2250 3834 aspectu

238 3848 342 3909 aulem
370 3843 448 3924 qnid
475 3844 542 3908 illie
570 3848 682 3926 apator
707 3845 786 3908 scire
815 3849 885 3907 ante
911 3849 1032 3924 tempus
1061 3846 1218 3923 appetunt.
1270 3848 1393 3906 anuos
1414 3843 1558 3907 mortales
1579 3844 1712 3926 dissipet
1733 3865 1771 3909 ae
1792 3846 1826 3907 in
1847 3843 1984 3908 nibilum
2003 3842 2135 3924 redipat,
2157 3840 2250 3903 mlta

243 3927 356 3993 Omnes
386 3931 451 4009 lare
484 3931 526 3994 ad
558 3929 731 3994 obeundum
763 3930 934 3993 certamina
961 3929 1053 4010 pipri
1085 3933 1112 3991 el
1143 3928 1218 3991 lenti
1270 3948 1322 3992 res
1342 3933 1445 3993 tamen
1467 3948 1549 4005 mos,
1572 3950 1632 4010 quo
1654 3931 1758 4013 mapis
1777 3936 1849 3995 surrt
1871 3930 1978 3995 limidi
1996 3929 2032 3993 in
2052 3927 2105 3992 boa
2121 3926 2247 4001 mundo,

238 4014 412 4094 triumphos
431 4016 641 4098 imapinarios
663 4016 724 4080 sibi
744 4015 812 4079 iam
832 4015 1011 4097 depinpunt.
1270 4033 1388 4095 urpere,
1406 4019 1441 4077 ul
1457 4034 1546 4079 erum
1562 4010 1705 4081 anmatos
1723 4016 1766 4081 ad
1776 4015 2012 4097 properandum
2027 4013 2136 4088 inritet,
2154 4011 2250 4074 donae

329 4103 377 4163 12.
422 4101 527 4165 Porro
559 4102 636 4183 quia
669 4101 800 4165 divinas
833 4101 868 4164 in
901 4099 1056 4182 reprobos
1084 4099 1218 4164 ultionis
1269 4100 1401 4179 ellipse
1422 4101 1529 4165 onmia
1549 4102 1585 4164 in
1606 4103 1755 4167 unnim.

240 4186 436 4271 gravitatem
459 4186 550 4251 nulla
571 4187 745 4268 descriptio
768 4208 909 4269 aequare
931 4194 1053 4267 potest,
1084 4206 1218 4267 perros

238 4292 411 4355 corporeas
440 4294 553 4336 aarum
582 4281 745 4337 tormenta
772 4282 806 4336 et
832 4273 997 4338 cruciatus
1018 4272 1112 4337 nobis
1133 4272 1217 4354 figu-
1340 4289 1369 4351 1)
1391 4287 1537 4356 &quarum
1553 4288 1611 4340 ian
1629 4290 1693 4343 olm
1711 4290 1828 4342 adeam
1845 4288 1894 4343 red
1911 4290 1990 4344 alner
2006 4289 2157 4342 munera.
