4672 5842
127 314 191 377 449
383 309 474 375 LIB.
496 309 559 374 111.
604 309 669 373 Du
691 307 828 375 MODO
851 309 1201 376 PEROIPOENDAE
1226 307 1414 377 CHRISTI
1436 309 1655 376 ettamen.
1697 309 1797 377 OAP.
1818 311 1883 376 ΠΙ.
2072 319 2138 381 410

121 505 270 585 petemus.
316 497 498 563 Nomadum
518 502 681 578 praeterea
708 501 765 576 est,
786 497 1022 578 poeniteutiam,
1055 498 1106 562 cui
1160 519 1242 562 rum.
1287 498 1503 563 Praedicatur
1534 499 1733 580 poenitentia
1764 499 1800 561 11
1832 499 1964 563 nomine
1997 498 2136 582 Christi,

129 586 256 653 assidue
276 585 449 649 incumbere
469 583 626 662 iubeatur,
655 584 694 647 ab
717 604 755 647 ea
780 583 905 664 differre
926 603 1005 662 quac
1027 583 1107 647 velut
1160 604 1262 665 quum
1285 606 1342 666 per
1355 584 1517 666 evangelii
1535 583 1716 648 doctrinam
1735 583 1874 647 audiunt
1896 584 2044 650 homines
2058 608 2136 654 suas

129 696 150 738 a
171 677 267 737 marte
287 672 400 735 excitat
420 670 476 751 qui
496 670 544 733 vel
566 670 693 750 turpius
711 669 889 749 cecidemut,
911 670 957 733 vel
978 670 1107 750 effraeni
1159 671 1386 752 cogitationes,
1421 692 1496 734 suos
1524 671 1673 747 affectus,
1707 682 1766 732 sua
1793 669 1903 735 studia
1929 685 2081 754 corrupta
2103 682 2138 739 et

127 757 253 825 licentia
272 778 305 822 se
321 757 516 838 proiecerant
537 756 580 820 acl
593 756 799 836 pomarum,
826 755 872 818 uel
898 755 1037 835 quadam
1058 756 1107 820 de·
1159 755 1277 820 vitiosa
1299 778 1383 833 esse;
1414 765 1586 838 propterea
1612 777 1743 820 necesse
1766 777 1836 820 esso
1850 756 1873 840 ¹)
1903 764 1940 820 ut
1960 779 2136 826 renascan-

127 845 269 928 smiouis
289 843 387 924 specie
408 847 608 906 eecusseraat
623 842 731 923 lupum
743 840 816 905 Dei.
847 840 933 905 Nam
949 842 1108 921 scriptura
1160 848 1231 921 111,
1263 842 1292 905 11
1327 842 1444 907 volunt
1468 840 1597 923 ingredi
1625 842 1659 905 in
1687 862 1826 924 regnum
1855 843 1927 906 Dei.
1972 845 2136 912 Remissio

129 952 221 1012 saepe
241 929 317 994 dum
339 928 481 992 hortatur
503 929 545 992 acl
561 929 797 1008 poententiam,
826 929 918 1006 quasi
940 929 1107 991 transitum
1159 935 1366 1008 peccatorum
1398 926 1616 1009 praedicatur,
1651 949 1753 1008 quum
1784 927 1943 992 docentur
1975 930 2135 1012 homines,

130 1023 159 1082 et
179 1016 432 1081 resurrectionem
449 1036 471 1077 a
491 1019 586 1077 morte
608 1014 642 1076 iu
664 1014 760 1077 ollam
779 1013 951 1095 1111111111
979 1018 1005 1076 ct
1032 1013 1107 1077 diem
1160 1012 1331 1076 Christum
1353 1009 1414 1078 sibi
1436 1016 1557 1077 lactum
1581 1034 1651 1076 esse
1673 1013 1939 1095 redemptionem,
1965 1015 2136 1098 iustitiam,

129 1103 222 1184 refert
236 1102 390 1183 popellum
407 1101 505 1182 egisse
515 1100 748 1180 1111111111,
766 1099 804 1162 ab
822 1099 1001 1164 idololotria
1017 1099 1107 1162 aliis·
1160 1099 1313 1177 salutem,
1346 1108 1379 1163 et
1411 1101 1514 1164 vitam
1549 1100 1581 1179 (l
1609 1097 1683 1163 Cor.
1716 1104 1749 1179 l,
1771 1099 1827 1183 30)
1834 1123 1842 1178 ;
1881 1100 1974 1166 cuius
2005 1106 2138 1169 nomine

129 1210 187 1271 que
208 1189 329 1252 crassis
348 1185 512 1250 sceleribus
533 1206 711 1249 conversum
729 1186 831 1267 tuisse
848 1185 1000 1268 1111111111.
1039 1185 1108 1264 Qua
1160 1185 1262 1267 gratis
1285 1186 1320 1248 in
1338 1185 1401 1249 Dei
1424 1194 1597 1267 conspectu
1619 1184 1697 1248 iusti
1721 1185 1905 1250 habeantur
1927 1196 1960 1250 et
1981 1189 2137 1255 innocen·

129 1275 249 1340 ratione
274 1273 400 1338 Paulus
427 1271 541 1334 luctam
557 1270 769 1352 peccatoribus
796 1270 957 1334 deuuatiat
979 1272 1012 1351 (2
1032 1269 1106 1334 Gor.
1160 1282 1218 1334 tes.
1263 1271 1410 1352 Utraque
1437 1270 1544 1354 gratia
1571 1291 1672 1352 quum
1701 1270 1766 1334 fide
1793 1271 2061 1354 apprehendatur
2086 1278 2139 1357 (ut

132 1359 274 1441 1111),
300 1361 355 1439 qui
370 1359 593 1439 poeaitentiam
614 1378 675 1420 uou
696 1361 822 1440 aperient
839 1377 936 1438 super
956 1356 1107 1434 lasciuiis,
1161 1356 1239 1420 alibi
1261 1356 1520 1420 demonstratum
1540 1358 1613 1439 111),
1639 1357 1715 1437 quia
1738 1365 1847 1421 tamen
1870 1360 2040 1440 proprium
2061 1362 2138 1428 fidei

130 1446 311 1512 scortatione
344 1450 371 1509 et
402 1444 610 1526 iumrcdicitla.
654 1442 722 1506 Hoc
753 1444 920 1507 discrimen
949 1443 1110 1525 diligenter
1161 1443 1323 1507 obiectum
1334 1450 1383 1507 est
1394 1444 1456 1507 Dei
1469 1441 1671 1524 bonitasque
1682 1450 1816 1523 peccata
1830 1444 2051 1523 remittuntur,
2065 1470 2138 1513 earn

132 1532 357 1598 observandum
378 1535 431 1607 est,
454 1550 492 1592 ue
513 1529 567 1592 ubi
581 1548 703 1608 paucas
725 1529 873 1593 audimus
895 1528 936 1592 acl
951 1529 1109 1609 poereiteu-
1161 1551 1181 1593 1
1199 1529 1399 1611 poenitentia
1419 1528 1593 1610 diligenter
1609 1527 1767 1610 distingui·
1778 1551 1895 1611 operae
1907 1533 2050 1610 pretium
2063 1535 2136 1598 luit

131 1619 208 1683 tiam
226 1618 329 1696 citari,
351 1616 438 1680 uobis
459 1617 576 1695 supina
593 1615 717 1694 obrepat
733 1616 892 1692 securitas,
914 1615 1006 1694 quasi
1027 1613 1109 1677 nibil
1248 1619 1297 1678 20.
1339 1615 1442 1678 Porro
1465 1624 1502 1677 11
1522 1614 1646 1695 peccati
1668 1613 1789 1691 odium,
1812 1615 1896 1696 quod
1919 1619 2139 1697 poeniteutiae

130 1704 270 1785 amplius
300 1704 344 1768 acl
369 1723 426 1767 aros
451 1702 619 1782 pertineret
645 1702 752 1764 carnis
777 1701 987 1781 mortificatio,
1018 1700 1109 1764 cuius
1161 1700 1333 1764 exordium
1355 1712 1413 1778 111,
1436 1702 1579 1782 primum
1601 1698 1692 1763 nobis
1715 1699 1759 1763 ad
1776 1699 1901 1765 Christi
1919 1704 2139 1785 cognitionem

129 1811 240 1856 curam
266 1790 418 1854 remittere
444 1808 505 1850 riou
526 1787 711 1868 permittunt
736 1806 815 1866 quoe
842 1807 898 1850 aas
925 1807 1045 1865 semper
1072 1786 1109 1849 a
1160 1787 1483 1869 ingressumaporit,
1507 1785 2139 1868 11111111111111111111111111111111

129 1877 235 1942 tillaul
256 1896 380 1957 praem
406 1873 604 1954 cupiditates,
638 1877 666 1936 et
692 1893 771 1954 quae
798 1872 928 1937 subirtde
950 1873 1110 1952 pullulant
1162 1880 1195 1935 ot
1216 1873 1345 1936 afflictis
1367 1873 1600 1955 peccatoribus,
1627 1872 1683 1953 qui
1705 1881 1848 1954 genrunt,
1872 1874 2031 1951 laborant,
2058 1897 2139 1941 ane-

130 1963 217 2026 citia.
264 1959 416 2042 Spemalis
447 1981 518 2041 erpo
544 1959 736 2039 poenitentia
768 1979 848 2039 quae
875 1979 896 2021 a
923 1958 1110 2038 quibusdam
1162 1958 1225 2022 rati
1253 1967 1344 2033 sunt,
1378 1959 1539 2032 esuriunt,
1575 1958 1705 2034 sitiunt,
1733 1955 1842 2023 dolore
1870 1967 1903 2023 11
1928 1962 2060 2025 miseria
2087 1970 2138 2027 ta·

132 2052 252 2112 tautum
273 2048 424 2129 eripitur,
452 2065 529 2124 quos
549 2044 691 2108 diabolus
712 2066 733 2107 a
755 2043 820 2107 Dei
840 2046 947 2108 lituore
969 2045 1110 2125 abreptos
1162 2043 1300 2108 bescunt
1329 2043 1406 2126 (les.
1427 2049 1482 2122 61,
1506 2048 1537 2120 l;
1560 2043 1681 2106 Matth.
1704 2048 1812 2122 11,5;
1835 2045 1915 2110 Luc.
1935 2053 1971 2124 4,
1995 2050 2062 2130 18),
2091 2049 2141 2113 ita
2159 2054 2165 2067 “

131 2133 314 2198 muialibus
330 2133 451 2212 laqueis
467 2131 632 2211 implicuit,
655 2130 853 2203 ordinariam
874 2151 936 2194 uou
952 2130 1037 2208 tollit,
1060 2129 1110 2193 aui
1162 2130 1197 2194 in
1225 2130 1460 2212 poenitentiam
1488 2132 1592 2211 ipsam
1616 2130 1709 2207 eniti,
1738 2136 1807 2194 tota
1828 2132 1898 2196 vita
1924 2133 1960 2195 in
1987 2153 2059 2196 eam
2087 2135 2139 2198 in-

125 2241 187 2302 per
208 2224 302 2284 1111111
324 2220 405 2283 aime
425 2217 616 2282 curriculum
638 2235 764 2296 operam
785 2216 863 2281 dare
885 2236 941 2279 aas
962 2217 1040 2298 capit
1055 2236 1111 2279 111
1162 2214 1328 2290 cumbere,
1351 2237 1424 2279 eam
1446 2215 1487 2280 ad
1510 2215 1663 2278 ultimum
1685 2217 1837 2297 prosequi
1859 2238 1919 2282 nos
1941 2227 2082 2300 oportet,
2111 2221 2140 2285 si

131 2311 222 2371 turae
243 2305 406 2385 corruptio.
1163 2302 1198 2365 in
1216 2301 1350 2366 Christo
1373 2303 1550 2366 consistere
1573 2300 1733 2365 volumus.
1774 2301 1826 2365 Ad
1846 2311 2030 2384 peccatores
2051 2306 2140 2369 onim

222 2394 270 2455 19.
311 2390 419 2454 Ρ1111
445 2388 473 2452 11
502 2409 619 2454 rorum
646 2396 696 2450 ost
722 2386 808 2468 quod
834 2386 1012 2451 clarissime
1035 2407 1111 2451 con·
1164 2386 1326 2452 vocandos
1349 2389 1455 2465 veuit,
1478 2387 1535 2451 sed
1558 2384 1600 2451 ad
1621 2388 1854 2467 poenitentiam
1878 2389 2012 2472 (Matth.
2033 2397 2061 2469 9,
2085 2395 2140 2472 13;

134 2485 208 2555 stat,
231 2484 332 2541 totam
350 2475 512 2560 evangelii
530 2495 693 2538 summam
715 2472 841 2537 duobus
862 2473 934 2537 istis
952 2474 1112 2554 capitibus
1163 2476 1236 2538 Act.
1258 2477 1292 2550 3,
1312 2477 1352 2535 26
1375 2482 1408 2537 et
1431 2479 1458 2550 5,
1480 2473 1544 2556 31).
1590 2472 1712 2537 Missus
1739 2482 1789 2538 est
1815 2474 1856 2537 ad
1883 2477 2142 2541 benedicendum

133 2563 302 2640 contineri,
325 2561 534 2644 poenitentia,
557 2570 591 2624 et
607 2567 814 2642 peccatorum
831 2560 1030 2636 remissione,
1053 2581 1111 2623 111-
1164 2557 1323 2641 indignis3
1352 2558 1409 2623 sed
1433 2580 1497 2641 quo
1525 2580 1559 2623 se
1588 2567 1759 2623 convertat
1786 2561 2009 2643 unusquisque
2038 2584 2057 2626 a
2084 2584 2142 2627 111-

132 2672 199 2714 non
220 2648 383 2726 ridemus,
406 2648 588 2711 Dominum
609 2644 681 2710 ideo
703 2645 806 2726 gratis
828 2666 904 2708 suos
926 2645 1110 2723 iustificare,
1165 2646 1268 2727 quitia
1296 2666 1365 2708 sua.
1409 2645 1514 2710 Plena
1547 2653 1597 2708 est
1623 2645 1786 2726 scriptura
1810 2647 1969 2711 eiusmodi
1997 2650 2140 2714 vocibus.

133 2757 196 2819 quo
225 2756 280 2799 eos
308 2733 405 2798 simul
428 2733 562 2816 spiritus
588 2731 640 2796 sui
667 2731 922 2795 sanctificatione
942 2731 978 2793 in
999 2751 1112 2796 reram
1165 2729 1276 2811 Quare
1294 2731 1349 2794 ubi
1363 2740 1568 2814 peccatorum
1587 2731 1810 2794 remissionom
1828 2734 1924 2796 offert
1936 2734 2036 2811 Deus,
2060 2735 2142 2799 resi-

133 2822 296 2886 iustitiam
317 2819 499 2885 instauret?
544 2818 703 2896 Ioannes,
734 2815 871 2898 angelus
892 2824 968 2881 ante
996 2817 1112 2882 faciem
1164 2818 1357 2900 piscantium
1369 2818 1511 2882 vicissim
1526 2816 1676 2900 stipulari
1692 2816 1760 2880 fere
1773 2818 1868 2894 solct;
1887 2819 2028 2883 innuens
2048 2842 2142 2885 suam

134 2907 261 2972 Christi
287 2907 405 2971 missus
435 2905 477 2971 ad
504 2904 575 2971 rias
603 2905 674 2967 eius
696 2901 953 2985 praeparandas,
982 2901 1111 2985 praedi·
1164 2902 1419 2968 misericordiam
1447 2902 1658 2984 resipiscendi
1693 2923 1825 2967 causam
1855 2905 2042 2970 hominihus
2070 2928 2142 2972 esse

135 2992 245 3058 cubat:
284 2993 520 3074 poenitentiam
559 2990 646 3073 agite
657 3012 667 3068 ;
712 2988 987 3070 appropinquarit
1025 2989 1113 3052 enim
1165 2989 1290 3054 debere.
1336 2989 1463 3065 Facite,
1487 2990 1609 3071 inquit,
1632 2987 1789 3052 iudicium
1811 3002 1844 3054 et
1865 2990 2039 3055 iustitiam:
2064 2994 2143 3073 quia

133 3101 272 3162 regnum
301 3078 465 3144 coelorum
494 3076 628 3161 (Matth.
654 3078 688 3153 3,
709 3074 753 3157 2).
798 3073 852 3138 Ad
880 3075 1113 3156 poenitentiam
1165 3075 1253 3139 salus
1274 3075 1546 3157 appropinquavit
1565 3073 1762 3159 (111111).
1797 3074 1894 3139 Item:
1919 3078 2029 3141 reniet
2047 3075 2143 3143 Sioni

133 3165 305 3231 invitando
337 3165 492 3229 monebat
529 3170 568 3226 ut
602 3184 637 3226 se
669 3166 855 3243 peccatores
887 3169 1111 3244 agnoscerent,
1164 3160 1363 3242 redemptor,
1398 3168 1432 3225 et
1457 3161 1497 3225 iis
1524 3162 1579 3243 qui
1610 3162 1644 3225 in
1670 3160 1768 3224 Iacob
1796 3163 1992 3244 resipiscunt
2020 3185 2040 3228 a
2067 3184 2143 3245 pec-

135 3273 258 3333 suaque
281 3252 391 3314 omnia
414 3271 525 3314 coram
546 3248 691 3312 Domino
713 3246 885 3323 damnata,
915 3269 977 3329 quo
1006 3248 1112 3312 carnis
1165 3245 1517 3331 11111(1111.59,20).
1563 3247 1663 3310 Item:
1694 3247 1839 3329 quaerite
1861 3248 2042 3312 Dominum
2064 3249 2143 3314 dum

134 3359 214 3402 suae
243 3336 529 3401 mortificationem
551 3355 593 3411 xao
623 3354 744 3397 novam
771 3333 807 3395 in
835 3333 954 3415 spiritu
976 3353 1112 3416 regene-
1164 3334 1305 3397 inveniri
1326 3340 1447 3414 potest,
1474 3334 1622 3398 invocate
1650 3355 1726 3396 eum
1754 3332 1833 3397 dum
1861 3355 1962 3415 propo
1989 3344 2052 3413 est;
2086 3334 2144 3400 de-

134 3424 298 3488 rationem
324 3423 402 3485 totis
430 3422 515 3486 rotis
544 3426 745 3501 expeterent.
790 3419 946 3502 Regnum
967 3419 1032 3483 Dei
1054 3441 1112 3483 an·
1166 3419 1328 3500 relinquat
1354 3420 1474 3500 impius
1496 3422 1586 3484 viam
1608 3439 1716 3496 suam,
1741 3428 1774 3483 et
1794 3420 1998 3501 iniquitatem
2021 3421 2144 3504 cogita·

135 3504 317 3572 nuntiando
342 3506 384 3569 ad
405 3506 503 3570 fidem
525 3506 675 3585 vocabam
702 3503 863 3586 siquidem
888 3526 947 3586 per
971 3526 1112 3588 reguum
1165 3506 1290 3569 tionum
1308 3526 1452 3583 suarum,
1476 3504 1567 3568 etad
1586 3505 1765 3569 Dominum
1785 3517 2003 3585 convertatur,
2027 3517 2060 3570 11
2080 3507 2144 3571 mi·

134 3591 202 3658 Dei
229 3591 317 3673 quod
344 3591 479 3656 docebat
506 3591 541 3654 in
568 3591 750 3674 propinquo
773 3611 857 3668 esse,
887 3591 1113 3656 remissionem
1164 3591 1325 3656 serabitur
1346 3591 1415 3654 eius
1438 3589 1527 3671 (ibid
1549 3596 1605 3668 15,
1626 3591 1669 3675 6).
1714 3590 1814 3655 Item:
1843 3593 2086 3671 convertimini,
2110 3601 2145 3658 11

134 3686 353 3763 peecatorum,
376 3678 525 3754 salutem,
548 3677 660 3754 vitam,
687 3683 721 3740 et
741 3674 900 3759 quidquid
922 3678 1055 3741 omnino
1077 3678 1113 3741 in
1164 3677 1353 3758 resipiscite,
1380 3684 1418 3739 11
1439 3676 1611 3741 deleantur
1630 3686 1763 3760 peecata
1785 3687 1895 3743 restra
1915 3678 2002 3762 (Act.
2026 3684 2054 3755 2,
2075 3678 2142 3763 38).

136 3765 270 3830 Christo
292 3764 507 3844 assequimur,
531 3761 742 3845 significabat.
788 3760 899 3842 Quare
921 3763 1010 3844 apud
1032 3763 1113 3827 alios
1164 3763 1231 3829 Ubi
1257 3770 1369 3825 tamen
1389 3762 1613 3826 adnotandum
1635 3771 1698 3839 est,
1728 3785 1794 3827 nou
1823 3785 1896 3827 eam
1923 3763 2142 3827 conditionem

136 3850 357 3932 evangelistas
378 3848 512 3932 legitur:
542 3850 633 3914 venit
653 3849 796 3915 Ioannes
819 3847 1011 3931 praedicans
1033 3849 1113 3930 bap·
1165 3850 1211 3914 sic
1245 3848 1362 3930 apponi
1395 3848 1489 3930 quasi
1521 3849 1714 3914 emerendae
1746 3851 1860 3913 reniae
1893 3848 2144 3913 fundamentum

136 3939 272 4001 tismum
304 3936 539 4018 poenitentiae,
578 3935 613 3998 in
644 3935 870 3999 remissionem
903 3944 1113 4018 peccatorum
1166 3936 1209 4000 sit
1235 3943 1348 3999 nostra
1374 3934 1613 4017 resipiscentia;
1642 3936 1721 4018 quin
1749 3935 1856 4015 potius
1884 3935 1975 4015 (quia
1994 3935 2030 3997 in
2053 3935 2144 4002 huno

137 4022 253 4107 (Marc.
278 4026 355 4100 1,4;
374 4023 456 4086 Luc.
476 4024 505 4098 3,
525 4020 569 4103 3).
607 4019 702 4100 Quod
720 4020 798 4102 quid
820 4020 911 4085 aliud
933 4032 992 4099 est,
1015 4042 1114 4103 quam
1165 4022 1266 4085 finem
1295 4021 1465 4084 hominurn
1493 4022 1640 4085 misereri
1671 4020 1787 4084 statuit
1809 4019 1972 4084 Dominus
1999 4029 2037 4084 11
2063 4022 2144 4086 resi-

137 4118 176 4172 ut
196 4116 407 4192 peccatorum
428 4107 514 4171 mole
535 4106 640 4189 pressi
661 4114 695 4170 et
715 4107 846 4190 fatigati
868 4105 910 4171 ad
931 4108 1113 4172 Dominum
1165 4107 1322 4190 piscant),
1346 4128 1410 4188 quo
1432 4107 1476 4171 sit
1496 4105 1697 4170 tondendum
1718 4104 1851 4183 iudicat,
1874 4107 1901 4170 si
1923 4108 2064 4188 gratiam
2087 4108 2144 4173 ob·

137 4216 172 4259 se
201 4201 445 4271 converterent,
480 4214 517 4257 ac
546 4191 586 4256 de
614 4192 806 4257 remissione
835 4200 868 4257 et
894 4193 1009 4259 salute,
1022 4214 1115 4276 spem
1166 4195 1271 4257 tinore
1299 4194 1422 4257 volunt.
1468 4192 1631 4267 Proinde,
1660 4190 1763 4256 donec
1792 4192 1828 4254 in
1851 4214 1980 4257 earcere
2002 4194 2172 4275 corporis*

136 4279 364 4362 conciperent?
400 4279 457 4345 sio
479 4287 513 4343 11
535 4277 689 4342 Christus
711 4298 788 4343 suas
809 4278 982 4344 conciones
1004 4279 1114 4362 auspi·
1166 4280 1272 4342 nostri
1310 4277 1549 4356 habitabimus,
1590 4278 1719 4342 assidue
1759 4278 1851 4342 nobis
1891 4300 1966 4343 cum
2005 4291 2144 4342 naturae

137 4374 229 4432 catus
247 4375 297 4431 est
317 4367 434 4450 (Marc.
451 4369 478 4443 1,
495 4364 563 4449 15);
587 4363 864 4445 appropinquavit
879 4387 1018 4448 regnum
1037 4366 1099 4430 Dei
1106 4389 1114 4445 3
1166 4374 1297 4429 nostiae
1319 4373 1490 4453 corruptae
1510 4365 1599 4430 vitiis
1621 4363 1812 4428 luctandum
1824 4374 1883 4441 est,
1908 4362 2051 4445 adeoque
2070 4385 2145 4428 oum

136 4452 375 4535 poenitentiam
390 4453 485 4534 agite,
506 4448 672 4516 eteredite
689 4450 868 4531 evangelio.
895 4451 1115 4517 Primumde-
1167 4448 1311 4515 naturali
1332 4461 1443 4513 nostru
1465 4451 1584 4515 anima
1622 4450 1713 4514 Dicit
1733 4449 1903 4531 aliquoties
1925 4449 2032 4525 Plato,
2043 4450 2072 4531 ²)
2094 4450 2144 4514 vi·

137 4537 248 4615 clarat,
268 4537 438 4602 thesauros
457 4535 699 4602 misericordiae
711 4535 776 4600 Dei
792 4535 830 4599 in
846 4558 881 4601 se
898 4546 1036 4618 apertos,
1059 4535 1116 4601 de-
1167 4547 1236 4601 tam
1262 4535 1449 4619 philosophi
1476 4535 1721 4601 meditationem
1749 4557 1819 4600 esse
1853 4535 1976 4598 mortis.
2023 4535 2145 4600 Verius

137 4622 213 4687 inde
226 4623 462 4707 poenitentiam
479 4623 591 4706 exigit,
608 4630 681 4685 tum
693 4631 856 4704 postrema
872 4621 1024 4687 fiduciam
1037 4642 1116 4705 erga
1168 4621 1261 4687 nobis
1289 4620 1396 4686 dicere
1418 4621 1509 4699 licet,
1538 4624 1639 4688 vitam
1668 4623 1837 4688 christiani
1866 4621 2007 4684 hominis
2029 4642 2145 4703 perpe-

33 4742 41 4761 ·
136 4710 201 4774 Dei
214 4710 454 4791 promissiones.
484 4709 601 4791 Itaque
618 4728 721 4791 quum
735 4716 839 4771 totam
857 4707 1020 4789 evangelii
1031 4728 1115 4772 sum·
1168 4718 1264 4773 tuum
1290 4729 1360 4772 esse
1388 4708 1533 4772 studium
1557 4716 1591 4772 et
1613 4709 1878 4773 exercitationem
1899 4705 2146 4772 mortificandae

137 4816 223 4860 mam
248 4795 391 4861 breviter
418 4795 590 4879 complecti
618 4794 738 4872 voluit,
771 4793 857 4857 dixit
878 4793 975 4875 (Luc.
996 4797 1053 4871 24,
1074 4798 1114 4858 26
1167 4795 1283 4871 earnis,
1308 4793 1409 4858 donec
1432 4814 1470 4857 ea
1491 4795 1589 4875 plane
1611 4797 1807 4875 interempta
1829 4792 1963 4875 spiritus
1983 4793 2048 4857 Dei
2067 4815 2142 4877 reg-

139 4880 1116 4980 1146)1111111111111111,11111ς111111111111111-
1166 4903 1248 4945 num
1269 4880 1305 4945 iu
1326 4878 1590 4944 1111111111111.
1626 4878 1738 4960 Quare
1760 4879 1854 4943 illmn
1876 4878 2017 4943 arbitror
2038 4879 2144 4963 pluri·

139 4965 240 5031 dicari
264 4969 301 5032 in
327 4967 462 5032 nomine
490 4987 550 5032 sno
573 4966 810 5049 poenitentiam
833 4974 866 5029 et
887 4965 1114 5031 remissionem
1166 4988 1258 5031 mum
1278 4966 1466 5050 profecisse,
1496 4966 1553 5049 qui
1580 4965 1641 5031 sibi
1663 4966 1843 5048 plurimum
1866 4965 2036 5048 displicere
2059 4965 2143 5031 didi-

137 5062 354 5134 peooatarum.
383 5053 424 5118 Id
446 5060 480 5119 et
499 5051 638 5136 apostoli
658 5060 732 5136 post
753 5055 824 5119 eius
843 5051 1115 5117 resurrectionem
1167 5106 1370 5114 --ψ

137 5137 1011 5241 1111111111(11.5,311111111111111111
1034 5136 1115 5202 dsn-
1235 5171 1264 5229 11
1285 5170 1358 5238 aaa.
1378 5169 1548 5225 reor-rear
1567 5188 1617 5225 om.
1636 5188 1703 5224 02⁸0.
1772 5171 1802 5241 1)
1820 5172 1852 5226 n
1870 5189 1930 5225 oum
1948 5173 2022 5238 aaut,
2040 5177 2099 5225 um
2116 5171 2147 5224 a

138 5223 215 5290 dam
240 5234 479 5309 pccmtannam
498 5225 630 5306 Israeli,
657 5233 693 5291 et
719 5245 945 5294 remissionem
965 5231 1114 5310 1606110·
1166 5241 1320 5304 Phaedone,
1338 5241 1431 5293 multis
1449 5240 1577 5311 disputat.

246 5324 356 5382 cauae
370 5336 463 5396 epea
502 5327 559 5384 ra
578 5327 622 5383 11.
1908 5324 1943 5379 11

2177 5368 2244 5472 Ι
