4672 5842
1859 84 1870 117 Ι

108 305 171 367 409
372 301 462 367 LIB.
484 302 547 366 HI.
592 305 655 369 DE
678 303 814 370 MODO
836 302 1183 370 PERCIPIENDAE
1207 302 1397 369 CHRISTI
1420 304 1638 369 anhelas.
1684 304 1783 370 csP.
1806 305 1852 369 Π.
1920 368 1922 377 ,
2054 310 2118 370 410

108 492 164 573 qai
185 511 246 573 per
272 491 392 574 tepulas
414 492 630 573 paralyticum
651 493 839 557 demiserunt
846 517 856 573 ;
883 497 912 556 et
938 494 1006 575 ipse
1027 494 1090 558 cla-
1141 514 1211 557 esse
1240 493 1324 558 filios
1346 492 1419 557 Dei.
1465 495 1510 557 ut.
1537 515 1616 558 sane
1640 506 1728 559 certo
1750 495 1871 573 sciunt;
1903 492 1959 557 sed
1988 493 2119 559 divinae

108 582 173 642 mat
193 597 227 641 se
247 597 308 640 non
329 578 482 642 inuenisse
502 583 621 641 tanam
641 578 735 658 fidem
756 580 790 642 iu
814 578 917 643 Israel
938 585 1090 660 qrcantam
1141 580 1289 643 veritatis
1311 581 1519 661 persuasione
1542 581 1724 644 confirmati
1749 581 1868 662 magis,
1898 600 1995 661 quam
2021 581 2119 644 ratio-

108 663 246 729 centario
274 663 420 727 attulerat
447 662 537 746 (ibid.
563 670 597 741 8,
627 664 688 748 10).
733 664 833 744 Atqui
854 665 1016 744 probabile
1045 670 1090 729 est
1140 664 1208 728 nali
1241 664 1518 729 demonstratione
1551 665 1663 729 edocti.
1715 665 1750 729 ld
1784 666 1930 729 indicant
1963 672 1995 728 et
2022 667 2119 729 Pauli

108 752 257 814 intentam
272 769 411 830 prorsus
425 750 528 829 faisse
544 750 587 813 ad
601 750 664 830 filii
680 753 883 828 sanationem,
905 753 995 815 cuius
1012 771 1090 815 cura
1140 751 1242 815 verba
1263 750 1297 833 (2
1317 750 1390 815 Cor.
1412 757 1445 828 ὁ,
1467 750 1515 836 ε),
1545 772 1604 815 nos
1626 752 1661 815 in
1684 752 1746 816 hoc
1768 772 1900 832 corpore
1923 750 2118 829 habitantes,

108 839 310 917 occupauerat
331 840 425 898 lotum
441 836 510 899 cias
527 837 677 899 dirimam.
713 836 775 902 Sed
791 837 869 917 qaia
885 837 949 900 solo
971 833 1089 900 Christi
1141 857 1161 898 a
1182 837 1324 900 Domino
1346 837 1564 920 peregrinari,
1593 839 1669 918 quia
1696 859 1754 920 per
1782 836 1882 900 fidem
1905 837 2119 916 ambulamus,

109 927 190 985 nata
211 926 239 985 a
259 940 405 1000 responso
426 923 779 1000 contentnseorporalem
794 923 1007 1001 praesentiam
1029 942 1090 986 noa
1141 945 1207 985 non
1239 943 1298 1004 per
1331 935 1496 1004 aspectum
1503 947 1511 1002 ;
1545 923 1662 1004 quibus
1690 922 1846 1000 ostendit,
1882 943 1920 985 ea
1947 944 2029 1003 quae
2062 944 2121 1004 per

104 1008 238 1089 flagita,
261 1006 357 1071 laius
378 1008 627 1071 circumstantiae
645 1027 741 1072 occisa
762 1012 917 1088 tantopere
934 1008 1091 1072 mortuui
1141 1006 1237 1072 fidem
1267 1008 1481 1091 intelligimus
1511 1031 1529 1072 a
1558 1009 1790 1073 nobis=ta1nen
1812 1009 1923 1073 abesse
1951 1018 1983 1071 et
2010 1029 2120 1090 aspec-

109 1094 179 1158 eias
197 1093 286 1174 fides.
315 1091 361 1155 Et
382 1113 481 1171 nerpcr
503 1092 664 1156 docuimus
684 1094 822 1157 Paulam
841 1094 870 1175 (l
895 1093 969 1157 Cor.
994 1099 1040 1171 13,
1054 1093 1090 1177 2)
1142 1101 1212 1157 tum
1235 1101 1384 1159 nostrum
1406 1094 1516 1158 latere.
1555 1093 1653 1160 Unde
1675 1096 1849 1160 statuimus
1870 1092 1947 1158 fidei
1970 1095 2121 1159 notitiam

109 1179 247 1259 occupem
266 1178 362 1259 fidem
378 1199 439 1258 pro
460 1179 540 1243 dono
561 1181 800 1256 miraculorum,
822 1201 881 1260 qao
896 1180 1013 1258 pollent
1034 1180 1091 1260 qai
1142 1180 1336 1244 certitudine
1357 1181 1463 1263 magis
1485 1202 1584 1262 quam
1606 1181 1863 1263 apprehensione
1885 1180 2054 1244 contineri.

108 1286 162 1329 nec
189 1265 307 1345 spiritu
329 1263 492 1327 Deleant
519 1266 664 1347 rependi,
693 1286 746 1328 nec
774 1287 843 1330 erem
871 1267 953 1329 serio
981 1266 1089 1330 micaret.
1232 1271 1279 1330 15.
1326 1264 1501 1345 Addimus,
1526 1273 1648 1331 certam
1671 1289 1708 1331 ae
1730 1268 1877 1339 firmam,
1902 1286 1966 1348 quo
1990 1264 2121 1329 solidior

110 1351 201 1416 Alibi
227 1351 320 1415 etiam
340 1349 433 1430 fidem
448 1351 542 1432 parcit
557 1371 620 1430 pro
641 1351 795 1430 doctrino,
825 1373 888 1432 qua
908 1351 942 1414 in
962 1352 1023 1432 fide
1043 1352 1091 1414 in-
1142 1353 1361 1434 persuasionis
1384 1353 1565 1416 constantia
1594 1354 1806 1434 exprimatur.
1851 1352 1939 1414 Nam
1962 1360 2000 1414 ut
2022 1352 2122 1417 dubia

109 1437 281 1501 stitaimar.
328 1435 414 1499 Nam
446 1456 542 1516 qaum
574 1436 680 1500 scribit
708 1437 798 1521 (ibid.
828 1442 881 1513 13,
912 1436 965 1521 lo)
997 1438 1090 1517 pidem
1142 1446 1175 1501 et
1196 1438 1342 1502 versatili
1363 1439 1513 1520 opinione
1535 1459 1600 1501 uon
1625 1445 1675 1503 est
1696 1444 1847 1502 contenta
1868 1437 1963 1508 fides,
1992 1439 2038 1501 ita
2061 1460 2121 1504 neo

110 1521 535 1600 ianuamianuaim
557 1528 599 1586 est
621 1523 656 1587 id
673 1525 787 1604 referri
810 1524 852 1588 ad
869 1524 1010 1587 ecclesiae
1032 1524 1091 1586 mi-
1142 1524 1278 1589 obscura
1312 1524 1529 1606 perplexaque
1562 1525 1787 1607 conception03
1829 1523 1885 1587 sed
1922 1523 2054 1604 plenam
2088 1531 2122 1588 et

112 1609 285 1686 rristerium,
308 1608 389 1688 quod
410 1608 587 1687 ialimritati
609 1613 733 1673 nostrae
754 1609 844 1674 lodie
866 1610 941 1673 actile
961 1615 1013 1673 est.
1048 1608 1090 1672 ln
1141 1611 1259 1688 fixam,
1288 1610 1393 1691 qualis
1421 1609 1461 1672 de
1488 1608 1584 1674 rebus
1614 1611 1786 1693 compertis
1814 1618 1847 1671 et
1878 1608 2022 1692 probatis
2051 1630 2121 1673 esee

110 1695 161 1758 liis
187 1694 312 1775 quidem
339 1693 483 1773 loquendi
507 1694 620 1774 formis
647 1700 764 1759 corastat
787 1696 943 1777 cacologia.
990 1694 1090 1759 ante-
1142 1695 1238 1769 solet,
1260 1695 1488 1759 certitudinem
1509 1697 1653 1777 requirit.
1703 1696 1783 1759 Tam
1804 1695 1864 1758 alte
1884 1695 1967 1758 enim
1988 1699 2016 1757 et
2034 1695 2121 1757 radi-

110 1801 183 1844 ram
203 1779 258 1844 adi
279 1780 451 1861 improprie
472 1781 664 1861 transfertur
685 1801 792 1844 amaea
813 1781 888 1861 fidei
910 1781 953 1844 ad
972 1781 1091 1861 salsam
1142 1783 1222 1845 citus
1243 1780 1347 1844 lueret
1368 1783 1401 1845 ia
1425 1781 1568 1845 cordilrus
1590 1783 1705 1846 rastra
1726 1780 1939 1856 incredulitas,
1965 1785 1993 1842 et
2013 1781 2060 1843 ito
2078 1780 2121 1844 acl

104 1865 331 1949 professionem
363 1866 409 1928 uel
440 1865 614 1929 antedocem
646 1866 785 1945 titrclam,
818 1867 918 1931 nihilo
949 1868 1091 1947 asperior
1143 1887 1211 1930 eant
1232 1887 1343 1930 samm
1361 1869 1518 1948 propensi,
1541 1872 1576 1929 at
1597 1868 1678 1948 quod
1700 1887 1750 1930 ore
1771 1867 1910 1947 fatentur
1923 1886 2034 1941 omnes,
2058 1865 2120 1929 De·

111 1953 212 2017 uideri
234 1952 316 2016 delet
335 1950 531 2035 κατάχρεως,
554 1971 650 2032 qaam
676 1951 729 2015 uli
757 1953 849 2017 linior
871 1952 936 2016 Dei
958 1954 1092 2033 paritur
1142 1973 1197 2016 um
1219 1972 1283 2016 esse
1302 1952 1432 2032 tidelera,
1455 1974 1516 2016 non
1528 1953 1642 2034 absque
1659 1954 1760 2017 arduo
1774 1953 1937 2016 narratae
1954 1953 2121 2032 qaisquam
2210 2013 2212 2016 ,

105 2059 170 2119 pro
198 2039 307 2102 uitiosa
339 2043 366 2102 et
392 2057 540 2117 perverso
571 2037 662 2100 cultu.
708 2037 809 2101 Sicci-ti
840 2059 935 2119 qucum
963 2039 1091 2118 saepius
1141 2038 1203 2101 sili
1223 2039 1419 2118 persuadeat.
1467 2039 1659 2103 Praesertim
1685 2038 1740 2101 uli
1767 2038 1809 2102 ad
1837 2057 1903 2100 rem
1924 2043 2047 2100 centum
2067 2042 2119 2117 est,

110 2125 228 2188 dicitur
248 2125 283 2187 ia
302 2143 394 2188 sacra
416 2123 561 2200 historia,
589 2128 690 2206 perdes
712 2129 847 2201 ceteras,
870 2126 1007 2206 quaein
1033 2123 1091 2186 Sa-
1142 2125 1280 2187 orariium
1312 2123 1468 2189 vacillatio
1496 2124 1605 2207 detepit
1635 2125 1748 2188 uitium
1779 2124 1859 2205 qarod
1892 2123 2009 2186 latebat.
2056 2122 2121 2186 Nec

111 2210 251 2274 marium
288 2215 317 2274 et
349 2209 454 2272 uicina
487 2208 550 2272 loco
583 2210 743 2273 traductae
772 2212 912 2293 sacrant,
948 2211 1091 2274 timuisse
1141 2230 1211 2273 uero
1232 2210 1356 2289 fnestra
1384 2216 1448 2273 mm
1475 2211 1650 2292 iusipailrus
1675 2211 1783 2292 elogiis
1808 2208 1896 2272 uerbo
1918 2208 1982 2272 Dei
2003 2209 2120 2272 autori-

113 2295 199 2360 Deos
218 2296 341 2376 fictitios
366 2294 518 2359 etDeum
541 2293 662 2372 Israel;
690 2297 771 2375 quod
796 2297 976 2360 tantundem
1002 2295 1089 2375 uolet,
1142 2301 1234 2358 tatem
1262 2297 1376 2360 asserit
1402 2297 1535 2376 spiritus
1556 2301 1700 2376 sauctus;
1727 2297 1782 2360 sed
1807 2295 1911 2360 morbo
1938 2314 2027 2375 qrrem
2049 2295 2121 2358 diat

113 2403 149 2446 ac
176 2381 291 2445 coelirm
311 2386 411 2445 terrae
433 2381 567 2444 misaac.
614 2380 676 2445 Sed
703 2402 786 2445 narie
810 2383 991 2462 quaerimus
1013 2381 1091 2462 quid
1141 2381 1258 2444 mederi
1284 2382 1363 2459 orell,
1390 2388 1425 2446 at
1450 2381 1540 2448 Deus
1569 2384 1604 2445 ia
1631 2384 1701 2446 suis
1722 2382 1893 2461 promissis
1914 2380 2045 2461 plenam
2072 2380 2120 2443 ob-

112 2469 157 2531 sit
176 2465 255 2545 fides
274 2489 354 2548 qrcae
374 2466 460 2546 tilios
482 2465 546 2529 Ilei
569 2466 607 2530 ab
628 2468 798 2531 incredulis
820 2469 999 2550 distinguit,
1027 2489 1090 2548 qua
1141 2468 1237 2530 lineat
1258 2467 1345 2549 apncd
1362 2488 1418 2532 uos
1434 2468 1537 2546 fidem.
1573 2467 1711 2548 Eloquia
1725 2467 1863 2544 lelrooae,
1886 2466 2007 2546 eloquia
2020 2487 2118 2547 pura,

113 2552 219 2617 Deum
239 2553 417 2618 invocamus
432 2557 570 2633 patrem
600 2573 662 2633 qua
689 2555 864 2618 transimus
892 2575 913 2616 a
940 2559 1034 2617 mate
1055 2555 1090 2617 in
1141 2554 1244 2634 inquit
1264 2553 1375 2617 Ilorid
1397 2552 1499 2637 (Psal.
1522 2557 1577 2634 12,
1600 2553 1648 2636 7),
1672 2558 1835 2636 arpentum
1855 2554 1963 2634 fusam
1991 2553 2026 2615 in
2055 2553 2120 2616 eui·

111 2640 217 2717 oitam,
240 2645 350 2720 aqua
364 2637 523 2716 Christus,
546 2643 671 2703 oeterm
694 2639 783 2703 salus
801 2645 828 2703 et
847 2642 924 2716 cita,
947 2641 983 2703 in
1001 2640 1090 2704 rabis
1140 2641 1204 2703 mio
1222 2640 1321 2703 catirio
1339 2645 1446 2717 terrae,
1459 2645 1634 2723 parperiam
1650 2642 1769 2721 septies.
1794 2639 1872 2702 Item
1884 2637 1975 2711 (ibid.
1989 2642 2036 2716 18,
2048 2636 2119 2718 31):

110 2723 237 2789 domiai.
283 2725 369 2789 Eius
397 2729 499 2788 arctenc
527 2725 591 2787 uim
618 2730 646 2788 et
671 2730 819 2790 ratarum
840 2726 971 2790 breuiter
995 2732 1022 2789 et
1042 2725 1090 2790 di
1140 2744 1239 2788 sermo
1260 2725 1390 2789 lelouae
1411 2730 1563 2804 excoctus,
1591 2727 1716 2807 clypeus
1742 2730 1785 2789 est
1806 2724 1946 2788 omnibus
1968 2723 2119 2803 confiden-

110 2810 209 2876 lacide
230 2811 416 2891 erplicuissc
437 2811 550 2874 uideor.
1140 2811 1222 2875 tibus
1243 2811 1279 2874 iu
1301 2813 1377 2891 ipso.
1424 2810 1544 2875 Solomo
1572 2817 1674 2875 craten
1696 2813 1778 2876 idem
1800 2809 1987 2890 confirmans
2009 2810 2119 2890 elfere

200 2902 246 2961 14.
287 2898 312 2982 ¹)
324 2897 421 2961 Nunc
444 2896 591 2979 singulas
612 2905 722 2978 partes
744 2896 936 2977 definitionis
958 2897 1026 2962 cias
1048 2896 1088 2961 de
1140 2898 1253 2961 iisdem
1268 2897 1384 2960 calis:
1405 2898 1507 2962 arn1nc's
1527 2918 1626 2961 sermo
1644 2898 1708 2962 Dei
1725 2902 1862 2962 excoctus
1882 2896 1993 2979 (Prov.
2009 2898 2058 2972 30,
2074 2893 2118 2975 5).

110 2983 178 3046 inte
218 3005 237 3048 o
273 3004 525 3065 persequamur,
567 2982 685 3063 quihus
724 2981 898 3069 diligenter
931 2983 1087 3061 excussis,
1143 2983 1205 3048 Sed
1231 2984 1308 3063 qaia
1336 2985 1372 3046 in
1397 2983 1451 3047 loc
1471 2984 1537 3064 sere
1565 2988 1743 3066 arpuracnto
1767 2982 1916 3047 Psalmus
1938 2982 2119 3045 centesimas

109 3069 177 3132 nih'
212 3070 265 3154 (ut
281 3069 409 3153 opinor)
428 3067 565 3133 dubium
583 3069 727 3134 restabit.
761 3068 992 3151 Cognitionem
1009 3068 1089 3132 dum
1140 3070 1277 3133 decimas
1296 3090 1397 3134 naras
1413 3063 1612 3149 carsumilar,
1628 3070 1728 3151 pleae
1745 3070 1873 3133 rec-itare
1890 3086 2118 3147 amaracinum

110 3176 271 3234 vocamus,
295 3177 360 3220 non
382 3155 597 3238 intelligimus
620 3155 958 3237 comprehensionem,
982 3154 1088 3237 qualis
1141 3160 1226 3220 esset.-
1273 3154 1357 3219 Certe
1387 3157 1505 3236 quoties
1539 3159 1583 3221 ita
1615 3176 1709 3220 acum
1735 3175 1902 3218 sermonem
1930 3152 2119 3217 commendat

109 3261 179 3305 esse
201 3242 283 3306 solet
305 3262 418 3305 earum
440 3261 559 3318 rerum,
583 3261 665 3322 quae
688 3241 748 3307 sub
759 3239 940 3305 humanum
955 3261 1089 3306 sensum
1141 3241 1229 3304 scobis
1261 3240 1366 3318 Deus,
1399 3241 1517 3321 oblique
1548 3241 1791 3306 incredulitatem
1823 3241 1910 3306 nebu
1937 3239 2118 3318 eeprolrat:

108 3325 238 3390 cadunt.
284 3326 376 3391 Adeo
403 3325 492 3389 enim
520 3327 670 3409 superior
698 3337 763 3405 est,
795 3334 832 3390 ut
859 3334 1004 3391 mentem
1021 3326 1088 3409 ,ho-
1142 3328 1219 3408 qaia
1246 3346 1308 3389 nore
1334 3327 1398 3390 alio
1424 3327 1520 3391 tendit
1547 3329 1613 3392 nisi
1638 3333 1673 3391 ut
1687 3346 1855 3408 paruersos
1876 3324 2120 3390 dubitationese

107 3413 207 3475 minis
233 3433 267 3475 se
294 3412 400 3492 ipsam
421 3411 578 3476 excedere
603 3420 636 3477 et
658 3433 813 3495 superare
835 3421 996 3495 oporteat,
1025 3432 1088 3494 quo
1141 3412 1283 3477 cordibus
1310 3414 1427 3477 nostris
1455 3415 1595 3478 eradicet.
1647 3412 1736 3496 Sunt
1763 3413 1858 3476 etiam
1882 3409 2036 3493 permulti
2064 3408 2121 3491 qui

108 3495 151 3562 ad
173 3495 264 3559 illam
285 3499 460 3579 pertingat.
500 3497 615 3579 Neque
638 3500 737 3563 etiam
758 3500 814 3566 ubi
836 3500 978 3583 pertigit,
1001 3496 1089 3581 quod
1141 3499 1205 3562 Dei
1228 3499 1485 3563 misericordiam
1503 3500 1549 3565 sic
1564 3500 1760 3583 concipiunt,
1784 3506 1933 3580 utquam
1946 3497 2121 3559 minimum

111 3582 215 3647 sentit
242 3583 440 3664 assequitur;
470 3580 526 3645 sed
555 3582 634 3646 dum
660 3606 852 3666 persuasum
875 3585 973 3649 habet
1002 3582 1088 3667 quod
1142 3584 1371 3649 consolationis
1393 3584 1469 3649 inde
1491 3587 1658 3669 recipiant.
1689 3584 1796 3650 Simul
1817 3585 1906 3648 euim
1924 3583 2043 3647 misera
2061 3601 2119 3644 an-

47 3704 51 3712 ·
111 3689 179 3732 non
201 3669 302 3750 capit,
328 3667 401 3749 plus
430 3668 499 3749 ipsa
526 3671 744 3749 persuasionis
767 3671 964 3736 certitudine
991 3669 1088 3734 intel-
1140 3671 1262 3734 xietate
1285 3672 1570 3755 constringuntur,
1595 3672 1673 3736 dum
1696 3671 1847 3735 dubitant
1870 3692 1911 3733 an
1934 3668 2119 3731 misericors

110 3755 183 3839 ligit
220 3753 365 3835 quamsi
388 3752 569 3817 humanum
590 3755 711 3839 aliquid
733 3778 793 3821 sua
815 3758 992 3839 capacitate
1014 3778 1088 3839 per·
1140 3757 1201 3821 sibi
1224 3757 1268 3820 sit
1289 3757 1434 3836 futurus3
1464 3759 1542 3839 quia
1568 3758 1658 3821 illam
1680 3759 1800 3839 ipsam,
1832 3755 1871 3819 de
1899 3776 1962 3836 qua
1984 3773 2118 3835 persua·

110 3839 297 3924 spiceret.²)
343 3837 454 3919 Quare
483 3839 649 3922 eleganter
676 3842 801 3908 Paulus
834 3842 935 3926 (Eph.
961 3846 995 3920 3,
1023 3841 1086 3927 18),
1140 3844 1259 3907 sissimi
1292 3842 1354 3906 sibi
1382 3842 1549 3921 videntur,
1579 3844 1786 3908 clementiam
1818 3842 1956 3905 nimium
1989 3837 2118 3920 exiguis

110 3927 163 4010 qui
186 3926 220 3990 id
239 3931 334 3991 vocat
352 3925 627 4006 comprehendere
648 3949 731 4009 quae
750 3930 794 3992 sit
811 3927 990 4013 longitudo,
1013 3927 1087 3992 lati·
1139 3930 1260 3993 finibus
1277 3929 1466 3993 terarinant.
1495 3929 1621 3994 Etenim
1641 3931 1689 3993 ita
1710 3949 1821 3992 secum
1838 3931 2001 4007 reputant,
2024 3943 2117 4006 mag·

110 4011 196 4090 tudo,
219 4009 424 4095 protimditas
445 4020 479 4074 et
496 4011 688 4090 sublimitas,
712 4021 745 4078 et
761 4035 955 4099 cognoscere
974 4035 1087 4096 super·
1139 4034 1217 4077 nam
1239 4014 1372 4097 quidem
1394 4036 1466 4080 eam
1485 4038 1555 4081 esse
1577 4025 1611 4080 et
1628 4016 1799 4096 copiosam,
1824 4012 1961 4076 etlhsam
1980 4010 2016 4073 in
2033 4009 2118 4073 mul·

110 4099 308 4163 eminentem
342 4099 520 4180 cognitioni
552 4095 757 4164 dilectionem
785 4100 921 4165 Christi.
972 4100 1088 4164 Voluit
1140 4108 1199 4180 tas,
1223 4101 1352 4166 obviam
1375 4102 1528 4167 omnibus
1551 4110 1584 4165 et
1600 4109 1766 4184 paratam;
1790 4097 1847 4163 sed
1865 4099 2028 4162 incertum
2048 4116 2118 4161 esse

110 4184 196 4248 enim
210 4186 405 4269 significare,
427 4182 532 4247 modis
555 4184 706 4251 omnibus
723 4187 890 4251 infinitum
909 4207 979 4251 esse
1001 4184 1088 4269 quod
1141 4208 1183 4250 an
1210 4187 1251 4251 ad
1274 4209 1308 4252 se
1330 4208 1456 4270 quoque
1477 4194 1677 4270 perventura
1697 4187 1753 4263 sit,
1782 4185 1835 4248 vel
1857 4184 1965 4266 potius
1988 4204 2029 4246 an
2052 4184 2118 4246 sint

109 4291 201 4335 mens
222 4279 337 4336 nostra
358 4269 423 4334 fide
446 4269 686 4352 complectitur,
715 4279 747 4335 et
769 4294 872 4356 genus
892 4273 953 4338 hoc
976 4272 1087 4357 cogni·
1140 4270 1181 4337 ad
1204 4294 1277 4337 eam
1298 4275 1499 4356 perventuri.
1533 4273 1626 4337 Haec
1649 4272 1808 4354 cogitatio,
1832 4292 1935 4353 quum
1956 4271 1991 4331 in
2009 4268 2117 4331 medio

109 4356 206 4421 tionis
228 4378 299 4422 esse
322 4358 410 4421 omni
433 4357 652 4440 intelligentia
672 4356 768 4440 longe
791 4359 969 4424 sublimius.
1000 4357 1087 4439 Quia
1140 4380 1240 4424 eursu
1262 4361 1402 4438 resistat,
1426 4359 1561 4423 dimidia
1582 4365 1712 4422 tantum
1736 4364 1793 4421 est.
1828 4357 1945 4436 Itaque
1963 4375 2028 4417 non
2046 4362 2117 4416 tam

109 4454 218 4507 tamen
242 4465 398 4509 arcanum
420 4443 599 4507 voluntatis
623 4463 715 4521 suae,
745 4443 830 4525 quod
853 4443 1031 4509 asseculis
1054 4450 1087 4508 et
1140 4465 1255 4510 secura
1277 4446 1429 4527 spiritum
1451 4444 1687 4527 tranquillitate
1709 4444 1889 4518 confirmat,
1914 4460 2012 4523 quam
2034 4439 2116 4501 irre·

108 4530 372 4610 generationibus
386 4528 612 4595 absconditum
625 4538 705 4607 erat,
718 4529 882 4593 Dominus
895 4531 1087 4612 sanctispa-
1140 4532 1250 4614 quieta
1276 4531 1492 4597 haesitatione
1514 4531 1674 4596 sollicitat.
1719 4530 1835 4613 Longe
1863 4533 1914 4590 est
1935 4524 2019 4588 alius
2042 4545 2116 4588 sen·

109 4614 217 4680 tefecit
239 4614 323 4697 (001.
346 4621 373 4696 1,
395 4620 434 4678 26
454 4626 487 4680 et
505 4619 534 4693 2,
554 4613 598 4700 2),
622 4616 745 4698 optima
767 4615 893 4679 ratione
910 4614 992 4680 fides
1010 4614 1087 4679 sub-
1139 4638 1194 4682 sus
1216 4621 1433 4703 πληροφορίας,
1455 4640 1540 4700 quae
1560 4617 1637 4681 fidei
1659 4637 1787 4699 semper
1808 4615 1843 4677 in
1865 4611 2034 4692 seripturis
2056 4609 2116 4672 tri·

107 4699 183 4765 inde
200 4702 419 4785 inscripturis
431 4703 554 4786 agnitio
566 4710 717 4779 vocatum
736 4701 776 4765 ab
789 4700 913 4764 Ioanne
925 4700 956 4784 (l
970 4700 1084 4764 Ioann
1137 4703 1266 4768 buitur:
1300 4726 1418 4787 nempe
1447 4705 1503 4787 qui
1526 4702 1589 4767 Dei
1616 4703 1797 4767 bonitatem
1822 4699 1991 4782 perspicue
2020 4696 2115 4760 nobis

108 4789 142 4862 3,
162 4787 197 4869 2)
224 4809 302 4852 vero
332 4789 481 4868 scientia,
510 4809 611 4869 quum
639 4789 752 4853 fideles
780 4793 919 4852 testatur
946 4787 1028 4851 scire
1051 4807 1086 4850 se
1137 4791 1335 4872 propositam
1359 4799 1454 4855 extra
1477 4790 1613 4853 dubium
1632 4796 1739 4871 ponat.
1768 4784 1811 4851 Id
1831 4791 1941 4850 autem
1962 4784 2032 4847 fieri
2057 4803 2115 4846 ne-

1138 4877 1223 4957 quit,
1251 4878 1330 4959 quin
1360 4877 1431 4940 eius
1460 4875 1657 4941 suavitatem
1679 4893 1756 4939 vere
1778 4872 1972 4947 sentiamus,
2002 4877 2036 4933 et
2058 4890 2115 4933 ex·

109 4977 310 4987 ”“““““““
1137 4962 1305 5110 seriarum
1332 4962 1482 5062 intnobis
1511 4961 1600 5044 ipsis.
1647 4958 1758 5039 Quare
1786 4957 1952 5056 apostolus
1980 4960 2022 5020 eir
2049 4953 2115 5020 fide

1160 5047 1269 5113 edue1t
1284 5046 1447 5126 fiduciam,
1470 5056 1503 5111 et
1525 5069 1566 5111 ex
1588 5047 1650 5111 hac
1672 5067 1805 5111 rursum
1827 5044 1994 5110 audaciam
2013 5042 2114 5125 (Eph.

105 5094 304 5243 ,ew-lgr&
321 5112 414 5232 Qui
434 5097 691 5236 fgqsme'lssfffl
708 5102 1086 5254 ,ssssffisseetflidqdeigssn
1139 5136 1167 5210 3,
1177 5137 1253 5218 .12).
1292 5133 1345 5198 Sic
1366 5136 1447 5199 arim
1470 5134 1623 5215 loquitur,
1646 5153 1705 5214 per
1723 5131 1894 5197 Christum
1916 5150 1975 5192 nos
1994 5128 2115 5192 habere

105 5239 267 5301 perciperet.
1138 5218 1322 5300 audaciam,
1345 5231 1378 5285 et
1399 5219 1526 5285 aditum
1547 5220 1581 5283 in
1603 5219 1736 5297 fiducia,
1762 5239 1843 5302 quae
1866 5224 1916 5281 est
1936 5236 1995 5297 per
2015 5212 2115 5278 fidem
