4672 5842
159 288 222 352 983

162 486 231 544 tam
251 478 335 542 hanc
346 476 409 540 Dei
428 474 667 538 institutionem
680 472 823 537 furiosae
841 471 1001 553 quaedam
1011 471 1141 537 belluae

163 566 320 644 impetere
326 582 388 625 non
402 567 541 625 cessant.
571 558 748 641 Principio,
760 559 914 640 quoniam
927 557 1141 622 similitudine

163 649 316 731 baptismi
335 657 368 711 et
386 646 639 711 circumcisionis
656 645 743 709 ultra
765 642 897 708 modum
913 644 1024 727 urgeri
1047 667 1082 708 se
1104 666 1141 708 ac

164 734 346 817 constringi
358 732 515 808 sentiunt,
537 732 634 814 longo
653 729 839 795 discrimine
858 730 1042 795 distrahere
1061 731 1141 795 haec

163 820 226 884 duo
253 821 349 903 signa
375 817 592 895 contendunt,
620 838 662 881 ne
691 814 769 899 quid
802 815 898 879 alteri
931 837 1006 879 cum
1039 816 1141 880 altero

162 925 336 972 commune
354 925 425 969 esse
446 903 604 968 videatur.
638 903 724 966 Nam
747 909 781 966 et
801 923 854 966 res
877 902 1000 984 signari
1022 903 1141 979 varias,

162 1002 195 1057 et
213 990 327 1056 foedus
345 991 477 1054 omnino
496 988 673 1066 diversum,
697 995 730 1052 et
752 987 1003 1070 appellationem
1026 1010 1142 1071 puero·

806 281 1073 350 INSTITUTIO
1094 283 1200 350 REL.
1221 281 1402 350 OHRIST.
1428 290 1520 351 1559.

2109 261 2170 345 111

1193 473 1378 555 spirituales
1404 473 1505 539 1111111
1531 481 1565 537 11
1593 472 1635 537 ad
1663 480 1830 536 aeternam
1854 471 1956 534 vitam
1979 470 2172 552 respexisse.

1193 560 1279 623 Tum
1307 560 1451 625 vicissim
1475 583 1494 624 a
1522 559 1670 642 patribus
1698 557 1928 640 spiritualiter,
1952 566 1990 620 ut
2010 577 2073 639 par
2094 564 2171 633 erat,

1193 653 1351 728 acceptas,
1370 667 1433 728 quo
1451 646 1602 710 fiduciam
1621 643 1698 708 inde
1716 644 1924 725 conciperent
1932 643 2066 706 firturac
2077 643 2172 720 vitae,

1194 731 1234 795 ad
1253 753 1350 814 quam
1368 740 1437 796 tato
1454 732 1555 796 animi
1578 731 1697 795 affectu
1716 730 1906 812 aspirarent.
1937 729 2079 792 Interim
2098 748 2174 792 vero

1193 839 1399 900 nequaquam
1416 818 1605 893 infitiamur,
1623 819 1702 898 quin
1719 836 1814 881 suam
1832 814 1896 879 illis
1909 813 2174 879 benevolentiam

1194 904 1334 968 terrenis
1362 923 1399 968 ac
1420 903 1608 968 carnalibus
1625 902 1792 967 beneficiis
1815 908 1954 965 testatus
1976 901 2029 978 sit,
2059 898 2174 982 quibus

1194 990 1294 1053 etiam
1313 988 1450 1054 dicimus
1467 1010 1559 1071 spem
1575 988 1664 1052 illam
1684 987 1935 1069 promissionum
1953 985 2174 1068 spiritualium

162 1099 236 1142 rum
270 1098 339 1141 non
373 1076 511 1140 eandem
540 1095 611 1138 esse
645 1073 766 1138 dicunt.
812 1074 913 1155 Atqui
948 1072 1027 1137 dum
1059 1073 1142 1137 illud
1167 1042 1170 1131 l
1195 1076 1295 1140 firisse
1317 1076 1552 1140 confirmatam.
1591 1072 1666 1153 Quo
1688 1072 1785 1137 modo
1807 1073 1862 1137 ubi
1885 1080 2055 1136 aeternam
2074 1072 2175 1135 beati-

161 1166 305 1247 primum
333 1162 511 1226 instituunt
538 1160 685 1242 probare,
714 1159 993 1225 circumcisionem
1028 1159 1142 1224 obten-

163 1249 248 1313 dunt
282 1246 541 1312 mortificationis
573 1267 638 1310 non
672 1246 826 1327 baptismi
858 1246 957 1309 firisse
990 1248 1140 1329 figuram.

1194 1159 1342 1226 tudinem
1370 1181 1465 1226 servo
1493 1180 1551 1225 suo
1574 1158 1729 1224 Abrahae
1751 1158 1915 1243 pollicitus
1938 1166 1997 1235 est,
2020 1178 2087 1240 quo
2106 1179 2175 1221 ma·

1194 1247 1351 1312 nifestum
1370 1248 1491 1312 favoris
1510 1247 1559 1311 sni
1578 1245 1734 1310 indicium
1752 1245 1800 1309 illi
1819 1244 1861 1308 ob
1880 1243 1991 1308 oculos
2013 1243 2175 1315 subiiciat,

164 1334 262 1415 Quod
285 1335 427 1417 profecto
450 1331 664 1396 libentissime
682 1331 748 1396 illis
771 1331 895 1395 damus.
930 1331 1032 1395 Nobis
1054 1332 1141 1396 enim
1167 1342 1170 1393 1
1195 1332 1286 1397 addit
1313 1333 1450 1397 alteram
1481 1332 1520 1396 dc
1547 1331 1749 1414 possessione
1780 1339 1887 1394 terrae
1914 1329 2080 1395 Chanaan
2102 1350 2176 1413 pro-

164 1422 287 1504 optime
308 1417 539 1500 patrocinatur.
585 1418 699 1500 Neque
722 1417 786 1481 alia
809 1419 988 1482 sententiae
1011 1425 1142 1482 nostrae

163 1506 354 1590 probatione
376 1505 501 1568 utimur
522 1525 619 1585 quam
641 1501 839 1586 baptismum
863 1510 897 1567 et
924 1503 1142 1568 circumcisio·

162 1615 238 1657 nem
261 1589 521 1654 mortificationis
544 1611 614 1655 esse
636 1590 740 1673 signa.
784 1588 874 1654 Hinc
904 1590 1141 1667 constituimus,

162 1679 196 1742 in
219 1676 317 1741 huius
338 1677 444 1741 vicem
466 1674 560 1739 illum
582 1696 652 1740 esse
681 1676 869 1751 suffectum,
892 1673 1013 1757 quaid
1036 1676 1142 1757 ipsum

162 1762 256 1827 nobis
284 1769 508 1845 repraesentet
536 1761 621 1843 quod
647 1761 724 1825 olim
744 1759 875 1825 Iudaeis
898 1760 1056 1844 signabat.
1101 1760 1143 1824 In

164 1847 339 1913 asserenda
361 1847 499 1911 foederis
517 1846 702 1911 differentia
723 1867 821 1928 quam
844 1846 984 1911 barbara
1005 1844 1144 1911 audacia

163 1936 360 2018 scripturam
388 1933 550 2015 dissipant
572 1943 605 1997 et
637 1934 867 2015 corrumpunt!
892 1954 997 2015 neque
1020 1954 1085 1996 uno
1108 1933 1142 1995 in

162 2021 242 2099 loco,
272 2019 329 2084 sed
358 2019 403 2083 ita
432 2027 469 2082 ut
497 2018 579 2083 nihil
608 2019 737 2083 salvum
765 2028 822 2083 aut
848 2020 1015 2101 integrum
1044 2019 1143 2081 relin-

164 2115 275 2189 quant
320 2105 459 2170 Iudaeos
489 2105 577 2169 enim
606 2104 685 2169 adeo
707 2104 872 2204 ,caprulas
905 2103 997 2168 nabis
1031 2103 1143 2187 depin-

163 2201 261 2276 gunt,
290 2200 329 2254 ut
356 2191 516 2273 pecudum
546 2191 717 2254 similiores
740 2190 807 2254 sint
836 2210 932 2272 quam
956 2189 1142 2253 hominum:

163 2276 355 2362 quibuscum
377 2276 500 2341 scilicet
521 2298 711 2359 percussum
737 2274 850 2340 foedus
874 2277 962 2340 ultra
979 2285 1144 2358 tempora-

164 2364 249 2428 riam
278 2364 380 2426 vitam
408 2384 473 2427 nan
502 2363 671 2448 procedat,
694 2363 811 2444 quibus
840 2362 935 2426 datae
957 2363 1144 2444 promissio-

165 2471 224 2514 nes
257 2451 291 2513 in
319 2447 413 2512 bonis
442 2447 667 2530 praesentibus
696 2470 734 2513 ac
763 2449 928 2530 corporeis
961 2446 1142 2511 subsidunt.

166 2534 262 2616 Quod
281 2533 398 2618 dogma
416 2535 442 2597 si
463 2533 615 2612 obtineat,
649 2533 726 2615 quid
749 2540 851 2597 restat
868 2534 932 2598 nisi
954 2541 991 2597 ut
1012 2542 1143 2616 gentem

165 2621 327 2703 iudaicam
350 2620 449 2684 fuisse
472 2618 513 2683 ad
536 2628 666 2703 tempus
686 2617 750 2682 Dei
772 2618 929 2685 beneficio
951 2626 1143 2695 saturatam,

165 2728 232 2771 non
265 2728 357 2771 secus
390 2727 427 2771 ac
456 2727 628 2788 porcorum
657 2726 789 2788 gregem
818 2706 853 2769 in
875 2705 958 2769 hara
982 2706 1143 2788 saginant,

165 2800 205 2857 ut
233 2800 366 2856 aeterna
395 2792 528 2856 demum
556 2792 655 2856 exitio
683 2791 824 2873 periret?
853 2789 961 2856 Simul
989 2792 1078 2855 enim
1107 2810 1144 2854 ac

165 2878 447 2944 circumcisionem
466 2879 558 2959 eique
577 2898 723 2942 annexas
740 2878 972 2959 promissiones
994 2878 1143 2954 citamus,

166 2964 445 3029 circumcisionem
477 2962 605 3028 literale
637 2965 778 3047 signum,
812 2964 1044 3045 promissiones
1074 2964 1145 3027 eius

167 3051 314 3115 carnalos
336 3049 436 3114 firisse
458 3049 666 3132 respondent.

256 3141 304 3198 ll.
350 3132 439 3199 Sane
466 3136 494 3199 si
524 3135 650 3200 literale
682 3135 814 3219 signum
843 3143 913 3198 erat
934 3135 1144 3213 circumcisio,

169 3220 273 3285 nihilo
297 3221 402 3285 secius
425 3220 464 3284 de
486 3220 647 3304 baptismo
671 3219 869 3289 censendum
892 3230 950 3285 cst.
988 3218 1145 3300 Quando-

166 3306 297 3390 quidem
327 3306 491 3388 apostalus
509 3307 593 3390 (Col.
613 3311 641 3385 2,
664 3307 718 3391 ll)
740 3307 845 3371 nihilo
873 3308 979 3390 magis
1006 3308 1144 3378 alterum

169 3393 271 3457 altero
300 3392 470 3472 spirituale
499 3393 583 3457 facit
628 3392 721 3458 Dicit
748 3395 836 3457 enim
866 3414 927 3457 nos
956 3394 989 3456 in
1013 3392 1145 3457 Ohristo

168 3479 374 3543 circumcisas
397 3477 640 3543 circumcisione
663 3500 728 3542 non
750 3480 972 3556 manufacta,
1002 3477 1146 3562 deposito

169 3584 302 3645 corpore
334 3565 458 3645 peccati
499 3563 584 3645 quod
617 3565 652 3628 in
685 3586 782 3629 carne
815 3573 928 3628 nostra
962 3564 1143 3629 habitabat:

167 3671 267 3733 quam
295 3650 576 3714 circumcisionem
604 3650 729 3715 Christi
756 3657 859 3715 vocat.
905 3651 987 3716 Post
1013 3651 1048 3714 in
1077 3652 1146 3715 eius

169 3737 350 3800 sententiae
378 3736 629 3818 explicationem
657 3736 838 3820 subiungit,
863 3759 922 3801 nos
944 3758 1002 3818 per
1025 3736 1146 3819 baptis·

168 3843 260 3885 mum
283 3821 415 3886 Christo
438 3823 652 3905 consepultos.
694 3821 782 3903 Quid
805 3822 866 3887 sibi
888 3822 960 3886 vult
981 3823 1053 3887 istis
1074 3844 1147 3886 ver-

167 3907 227 3983 bis,
251 3908 314 3971 nisi
334 3906 488 3990 baptismi
512 3910 788 3992 complementum
816 3915 849 3972 et
871 3908 1042 3972 veritatem
1076 3929 1146 3973 csse

168 3993 343 4057 veritatem
382 3994 479 4058 simul
502 4003 535 4058 et
573 3995 846 4078 complementum
883 3994 1146 4072 circumcisionis,

169 4079 323 4161 quoniam
355 4101 423 4144 rem
462 4102 564 4144 unam
596 4080 761 4164 figurent?
791 4082 1026 4144 Demonstrare
1059 4081 1147 4144 enim

169 4164 336 4230 contendit
363 4187 433 4229 esse
455 4165 488 4229 id
511 4165 709 4231 Christianis
731 4167 940 4249 baptismum,
964 4165 1049 4248 quod
1071 4173 1147 4230 ante

167 4252 276 4316 fuerat
297 4251 429 4315 Iudaeis
451 4252 660 4318 circumcisio.
702 4251 867 4332 Quoniam
885 4259 995 4317 autem
1017 4253 1083 4317 iam
1105 4250 1147 4316 ad

168 4336 329 4419 liquidum
355 4338 575 4419 exposuimus,
603 4339 835 4421 promissiones
862 4341 1033 4420 utriusque
1061 4338 1147 4423 signi

168 4432 202 4488 et
223 4444 306 4505 quae
328 4424 393 4487 illis
416 4432 707 4507 repraesentantur
729 4426 886 4510 mysteria
908 4425 993 4489 inter
1015 4446 1050 4489 se
1072 4447 1147 4490 can-

168 4511 291 4587 venire,
311 4509 441 4593 longius
459 4512 494 4573 in
512 4532 668 4593 praesens
686 4532 751 4575 101
770 4511 1026 4575 immorabimur.
1060 4512 1147 4575 'Pan-

169 4603 241 4658 tum
269 4596 381 4659 fideles
404 4595 595 4671 admonebc,
624 4618 676 4660 me
706 4607 834 4662 tacente
858 4605 896 4660 ut
917 4618 1027 4661 secum
1051 4619 1148 4680 repu-

169 4691 242 4745 tent
272 4703 315 4745 an
338 4692 508 4745 terrenum
530 4704 568 4747 ac
589 4682 716 4748 literale
740 4680 928 4748 habendum
950 4684 994 4747 sit
1016 4683 1149 4766 signum

169 4768 222 4833 cui
252 4767 334 4831 nihil
358 4768 469 4832 subest
490 4769 553 4833 nisi
576 4769 744 4852 spirituale
767 4781 800 4834 et
821 4769 967 4835 coeleste.
1012 4768 1148 4847 Verum,

1194 1419 1393 1484 missionem.
1428 1419 1470 1487 In
1488 1419 1578 1483 hunc
1596 1417 1728 1481 modum
1746 1418 1891 1500 accipere
1902 1416 2058 1480 convenit
2078 1437 2177 1498 quae·

1195 1526 1322 1586 cunque
1352 1506 1441 1588 genti
1470 1504 1617 1569 iudaicae
1644 1511 1795 1567 terrenae
1825 1502 2060 1583 promissiones
2083 1499 2176 1565 datae

1196 1600 1285 1655 sunt:
1316 1598 1353 1654 ut
1380 1590 1560 1673 spiritualis
1592 1589 1778 1672 promissio,
1813 1609 1873 1652 ceu
1905 1596 2019 1671 caput,
2053 1587 2177 1670 primas

1196 1697 1324 1759 semper
1362 1684 1472 1740 teneat
1511 1698 1574 1758 quo
1606 1675 1683 1738 illae
1720 1676 1913 1739 referantur.
1961 1674 2068 1754 Atque
2106 1673 2178 1737 hacc

1195 1764 1343 1843 quatiam
1369 1763 1497 1826 abertas
1522 1764 1557 1825 ia
1590 1762 1771 1824 discrimine
1802 1761 1874 1824 acci
1902 1761 2070 1824 1111111111
2091 1765 2178 1822 aaa

1195 1850 1292 1912 menti
1314 1851 1460 1927 tractavi,
1483 1869 1566 1912 nanc
1590 1847 1688 1911 terias
1705 1847 1906 1928 perstringas

1285 1938 1332 1997 12.
1377 1934 1419 1997 In
1440 1954 1617 2016 puerorum
1642 1932 1859 2014 appellatione
1880 1931 1966 1995 hanc
1984 1931 2175 1995 varietatem

1196 2021 1379 2102 reperiunt:
1402 2020 1486 2084 filios
1509 2018 1663 2084 Abrahae
1686 2017 1748 2082 sub
1769 2018 1872 2082 veteri
1891 2024 2092 2081 testamenta
2111 2016 2176 2082 dic·

1196 2115 1246 2170 tas
1269 2106 1325 2186 qui
1354 2106 1395 2169 ab
1423 2107 1494 2170 eius
1517 2107 1640 2170 semine
1662 2104 1821 2186 originem
1840 2103 2012 2181 ducerent;
2033 2104 2097 2169 hoc
2119 2126 2174 2168 no-

1196 2192 1285 2255 mine
1306 2213 1394 2256 nunc
1412 2191 1568 2274 appellari
1587 2192 1641 2274 qui
1659 2189 1757 2254 fidem
1780 2192 1850 2254 eius
1871 2190 2056 2254 imitantur.
2098 2188 2174 2254 Ideo

1195 2278 1369 2341 infantiam
1386 2277 1476 2341 illam
1499 2277 1673 2354 carnalem,
1697 2277 1835 2358 quaein
1857 2275 2046 2340 societatem
2069 2276 2174 2340 faede-

1196 2365 1241 2426 ris
1263 2384 1323 2445 per
1344 2363 1622 2429 circumcisionem
1644 2360 1862 2439 inserebatur,
1889 2362 2078 2444 spirituales
2099 2363 2174 2426 novi

1196 2452 1385 2513 testamenti
1403 2450 1544 2513 infantes
1562 2450 1729 2532 figurasse,
1752 2449 1807 2530 qui
1828 2447 1894 2512 Dei
1917 2448 2016 2512 verbo
2039 2468 2176 2530 regene-

1197 2536 1260 2598 rati
1288 2535 1355 2599 sint
1382 2535 1423 2599 ad
1450 2536 1552 2599 vitam
1580 2533 1807 2598 immortalem.
1853 2534 1894 2596 In
1921 2534 2037 2615 quibus
2066 2534 2176 2598 verbis

1196 2622 1348 2704 exiguam
1378 2621 1510 2704 quidem
1542 2621 1691 2686 veritatis
1714 2619 1891 2685 scintillam
1913 2620 2092 2683 intuemur:
2116 2618 2176 2683 sed

1196 2708 1232 2770 in
1265 2707 1326 2772 hoc
1359 2709 1505 2790 graviter
1534 2708 1672 2789 pe'ccant
1699 2706 1788 2769 leves
1815 2706 1869 2768 isti
1902 2705 2047 2786 spiritus,
2082 2704 2171 2785 quod

1198 2792 1274 2856 dum
1303 2793 1465 2875 arripiunt
1488 2791 1644 2874 quidquid
1665 2793 1771 2874 primo
1804 2793 1839 2856 in
1867 2812 1995 2855 manum
2023 2789 2090 2854 illis
2112 2811 2172 2855 ve-

1197 2879 1257 2957 nit,
1287 2879 1342 2942 nbi
1366 2879 1454 2943 ultra
1480 2877 1755 2962 progrediendum
1782 2879 1880 2954 foret,
1904 2887 1935 2941 et
1954 2875 2061 2940 multa
2085 2877 2174 2940 inter

1198 2987 1233 3029 se
1262 2964 1466 3041 conferenda,
1489 2966 1525 3028 in
1553 2961 1689 3027 verbum
1712 2985 1815 3026 unum
1838 2962 2050 3045 pertinaciter
2078 2963 2175 3027 insis-

1197 3058 1282 3114 tunt
1322 3050 1419 3117 Unde
1440 3050 1512 3114 lieri
1535 3050 1631 3114 aliter
1653 3049 1776 3131 nequit,
1799 3050 1880 3131 quin
1908 3047 2045 3113 subinde
2068 3049 2174 3112 hallu·

1198 3137 1365 3202 cincntur:
1394 3136 1471 3218 quia
1497 3136 1532 3200 in
1560 3135 1681 3200 nullius
1711 3136 1758 3199 rei
1787 3134 1924 3199 solidam
1956 3135 2175 3217 cognitionem

1197 3221 1401 3287 incumbunt
1445 3223 1605 3287 Fatemur
1626 3229 1713 3286 certe
1735 3220 1865 3286 carnale
1886 3218 2043 3284 Abrahae
2066 3242 2174 3285 semen

1198 3308 1306 3373 locum
1335 3308 1376 3372 ad
1403 3315 1534 3391 tempus
1555 3309 1700 3372 tenuisse
1722 3306 1900 3390 spiritualis
1921 3307 2068 3385 seminis,
2092 3306 2174 3388 quod

1198 3416 1258 3477 per
1284 3393 1383 3458 fidem
1409 3396 1457 3458 illi
1490 3394 1656 3458 inseritur.
1702 3394 1796 3458 Illius
1816 3393 1905 3456 enim
1926 3393 1987 3456 filii
2009 3414 2175 3475 nuncupa·

1198 3502 1282 3559 mur,
1302 3489 1469 3563 utcunque
1486 3479 1579 3544 nulla
1597 3501 1672 3545 cum
1689 3480 1745 3543 illo
1765 3479 1858 3543 nobis
1877 3478 2043 3543 naturalis
2060 3501 2175 3563 cogna-

1199 3567 1245 3630 tio
1266 3567 1455 3631 intercedat.
1500 3566 1628 3629 Verum
1651 3568 1679 3630 si
1701 3565 1899 3648 intelligunt,
1922 3563 2011 3646 quod
2033 3587 2101 3630 non
2123 3566 2175 3629 ob-

1199 3672 1293 3717 scure
1310 3651 1544 3730 demonstrant,
1565 3653 1689 3715 carnali
1702 3650 1857 3716 Abrahae
1871 3650 1989 3715 semini
2008 3671 2174 3734 nunquam

1199 3739 1403 3820 spiritualem
1425 3740 1490 3803 Dei
1512 3735 1770 3803 benedictionem
1792 3738 2001 3819 promissam,
2026 3737 2081 3802 hic
2102 3757 2176 3800 vero

1198 3824 1296 3907 longe
1321 3824 1488 3888 falluntur.
1533 3824 1678 3888 Proinde
1706 3826 1741 3887 in
1764 3823 1932 3887 meliorem
1955 3842 2093 3906 scopum
2115 3823 2177 3888 col·

1199 3909 1314 3974 limare
1341 3931 1397 3974 aas
1425 3915 1555 3990 oportet:
1588 3910 1631 3972 aa
1663 3930 1752 3990 quem
1784 3909 1965 3974 certissimo
1998 3910 2178 3991 scripturae

1200 3995 1299 4059 ductu
1322 3996 1503 4079 dirigimur.
1545 3997 1709 4060 Dominus
1730 4017 1808 4078 ergo
1831 3993 1986 4059 Abrahae
2009 3994 2179 4077 pollicetur

1200 4082 1350 4145 futurum
1371 4081 1419 4144 illi
1442 4102 1554 4145 semen
1576 4083 1610 4145 in
1634 4103 1698 4164 quo
1720 4080 1960 4146 benedicendae
1982 4081 2051 4145 sint
2066 4101 2179 4145 omnes

1200 4173 1307 4231 terrae
1330 4167 1495 4245 nationes,
1526 4189 1564 4232 ac
1586 4168 1684 4231 simul
1715 4167 1813 4231 fidem
1840 4167 1910 4243 dat,
1934 4189 1969 4232 se
1997 4167 2048 4230 illi
2074 4176 2108 4231 11
2131 4188 2178 4231 se·

1199 4253 1282 4316 mini
1303 4254 1373 4317 cius
1394 4253 1549 4317 inDeum
1572 4254 1649 4318 lore.
1680 4251 1874 4335 Quicunque
1893 4252 2069 4317 (lhristmn
2085 4253 2179 4317 bene-

1201 4339 1351 4404 dictionis
1373 4349 1520 4403 autorem
1542 4338 1607 4403 fide
1629 4340 1807 4422 recipiunt,
1831 4339 1929 4403 huius
1956 4339 2180 4421 promissionis

1200 4432 1278 4490 sunt
1299 4424 1469 4490 haeredes:
1493 4424 1629 4507 ideoque
1650 4425 1805 4490 Abrahae
1826 4425 1885 4489 filii
1907 4426 2132 4489 nominantur.

1290 4515 1338 4575 13.
1384 4509 1582 4593 Quanquam
1601 4519 1711 4576 autem
1730 4519 1804 4593 post
1821 4511 1948 4576 Christi
1971 4512 2181 4577 resurrectio-

1201 4619 1287 4674 nem,
1309 4598 1392 4662 fines
1414 4598 1507 4681 regni
1530 4595 1595 4661 Dei
1616 4598 1713 4680 longe
1735 4597 1863 4678 lateque
1881 4598 1916 4660 in
1939 4598 2105 4678 quaslibet
2124 4618 2182 4661 na-

1202 4685 1322 4748 tiones.
1334 4683 1622 4748 indiscriminatim
1650 4684 1819 4766 prorogari
1848 4691 2045 4766 coeperunt,
2074 4692 2113 4748 ut
2134 4704 2181 4749 sc·

1202 4770 1344 4835 cundum
1377 4768 1497 4835 Christi
1523 4768 1912 4852 1111111111(1111111.8,
1940 4768 1994 4853 ll)
2015 4768 2181 4853 undequa-

168 4875 211 4916 ne
233 4853 339 4917 fumos
358 4875 432 4918 suos
450 4853 651 4937 simplicibus
672 4855 828 4933 vendant,
851 4853 1012 4921 obiectum
1034 4876 1149 4931 unum,
1201 4877 1263 4938 que
1275 4855 1389 4920 fideles
1407 4856 1648 4940 colligerentur,
1661 4856 1717 4938 qui
1733 4857 1768 4919 in
1781 4855 1887 4938 gloria
1903 4855 2037 4920 coelesti
2053 4876 2181 4921 accum-

169 4959 233 5019 quo
261 4937 579 5020 impudentissimum
614 4941 676 5005 hoc
704 4942 911 5007 mendacium
941 4947 1147 5023 praetexunt,
1201 4941 1317 5006 berent
1338 4963 1415 5008 cum
1432 4941 1620 5020 Abraham,
1639 4942 1734 5007 Isaac
1751 4949 1786 5006 et
1802 4941 1917 5020 Iacob,
1935 4942 2053 5007 multis
2071 4950 2182 5007 tamen

169 5023 204 5118 in
232 5033 423 5101 transcursu
451 5025 622 5092 diluemus.
668 5027 767 5100 Oerto
795 5030 917 5093 certius
946 5035 1004 5106 est,
1026 5029 1148 5110 prima·
1201 5035 1279 5092 ante
1307 5028 1445 5094 saeculis
1473 5036 1567 5092 tanta
1592 5028 1651 5093 illa
1678 5025 1904 5093 misericordia
1924 5026 2069 5092 Iudaeos
2101 5049 2182 5093 com·

170 5129 237 5172 nas
254 5111 494 5191 promissiones,
507 5113 626 5194 quibus
648 5113 876 5178 continebatur
897 5113 984 5195 quod
1009 5114 1069 5178 sub
1090 5136 1149 5179 ve·
1201 5114 1317 5197 plexus
1349 5112 1465 5178 fire'rat.
1510 5115 1557 5178 Et
1591 5115 1681 5197 quia,
1715 5114 1842 5180 cunctis
1884 5112 1957 5194 aliis
1983 5116 2182 5196 praeteritis,

168 5195 235 5259 teri
256 5203 451 5262 testamenta
473 5219 547 5262 cum
569 5199 727 5265 Israelitis
750 5199 863 5265 foedus
884 5199 976 5264 Deus
999 5201 1148 5280 sancivit,
1202 5221 1303 5264 unam
1324 5200 1410 5264 hanc
1431 5209 1564 5283 gentem
1587 5200 1757 5285 selegerat,
1779 5201 1902 5283 inqua
1922 5201 2067 5284 gratiam
2091 5221 2184 5266 suam
