4672 5842
79 327 140 389 ers
269 324 412 390 ‘nm
435 323 500 389 nt
544 324 608 390 nn
631 322 767 390 nono
790 322 1140 394 rnaenmnnnn
1161 288 1354 421 &arsur
1374 327 1592 393 enimin.
1637 326 1739 394 ear.
1757 327 1838 396 xx.
2021 335 2086 397 en

77 513 303 579 uleiseendum
320 513 539 597 ‚praeeipitem
568 513 610 578 ad
637 511 875 578 remittendum
896 511 1053 588 dffiessa,
1106 511 1286 579 Praeterea
1312 521 1409 579 satan
1435 516 1578 583 inermes
1602 524 1635 579 et
1656 516 1834 598 imparatos
1855 517 2017 596 adoritur,
2045 528 2085 586 ut

75 599 261 683 pertinaoes
293 599 480 664 inimieitias
512 607 682 677 exercent,
716 605 751 662 et
783 597 1053 680 indignationem,
1107 598 1256 677 inqantos
1277 600 1456 682 oppaimat;
1489 600 1581 667 Deus
1610 623 1678 665 una
1704 622 1779 666 oum
1803 605 1982 670 tentatione
2004 607 2085 672 faoit

76 706 174 768 quam
193 706 213 749 a
235 705 270 749 εθ
292 685 523 767 depreeantur,
551 684 616 767 ipsi
645 684 802 749 adversus
829 683 910 747 alios
932 683 1053 761 levent,
1106 693 1277 763 eventum,
1300 695 1338 749 ut
1359 688 1498 751 sufferre
1523 688 1575 752 sui
1597 687 1761 770 patienter
1781 691 1908 771 possint
1926 690 2084 773 quidquid

75 793 118 835 ne
140 792 175 835 se
197 792 257 854 pro
279 779 371 853 patre
393 771 546 836 invoeare
568 772 692 848 ausint;
720 770 801 851 qaod
828 770 923 833 etiam
943 769 1055 834 diserte
1105 769 1173 833 illis
1194 770 1346 834 immittit
1367 771 1400 856 (l
1421 771 1494 837 Oor.
1520 778 1569 852 10,
1592 777 1644 851 13;
1666 778 1684 835 2
1703 773 1793 838 Petr.
1814 778 1843 853 2,
1864 780 1907 858 9).
1941 777 2083 861 Maligni

75 859 110 922 ia
135 855 255 922 Christi
275 858 377 922 oerbis
398 857 586 938 mprirnitar
611 856 697 938 opsiti
720 856 848 921 lateam
1105 856 1239 921 nomine
1266 856 1432 922 diabolum
1458 880 1503 922 an
1523 866 1695 941 peeeatum
1716 860 1954 948 intelligamus,
1979 877 2083 945 ‘quam

162 948 212 1007 46.
257 941 363 1007 Sexta
383 944 510 1024 petitio,
538 948 573 1008 ab
593 943 750 1020 dmimas,
773 941 981 1023 promissioni
1007 962 1054 1004 re
1104 942 1279 1008 minimum
1300 944 1409 1009 refert.
1453 942 1558 1009 Satan
1579 944 1712 1028 quidem
1731 945 1801 1027 ipse
1821 946 1924 1013 hostis
1941 956 2001 1025 est,
2023 950 2083 1030 qui

75 1031 203 1111 spondei
222 1029 261 1094 de
281 1029 344 1112 leae
365 1028 429 1093 Dei
451 1028 596 1094 cordibae
616 1029 732 1093 aestas
753 1026 973 1108 temperiem
999 1026 1053 1092 sed
1104 1027 1192 1092 vitae
1211 1036 1343 1094 nostrae
1363 1029 1555 1109 insidiatur;
1577 1038 1709 1112 peoeato
1731 1040 1842 1096 autem
1863 1041 2010 1099 armatus
2032 1042 2084 1101 est
2138 1066 2142 1076 ·

75 1117 152 1196 qaia
173 1135 235 1179 aaa
256 1117 325 1180 siae
346 1116 493 1180 coeam
509 1115 628 1180 aelata
645 1115 796 1194 duroque
812 1118 841 1178 ei
857 1112 969 1178 aeduis
990 1133 1053 1177 oer-
1103 1113 1140 1176 in
1162 1124 1315 1179 nostrum
1332 1116 1479 1179 exitium.
1524 1116 1617 1181 Haeo
1637 1117 1741 1199 igitur
1762 1128 1875 1183 nostra
1897 1127 1948 1184 θεῖ
1968 1129 2082 1202 postn-

75 1200 246 1266 tamiaibas
272 1200 341 1266 Deo
364 1221 531 1282 peronem,
557 1200 607 1265 bie
629 1201 769 1281 petimus
793 1218 850 1263 eos
877 1200 979 1263 amis
1006 1200 1054 1263 ia·
1102 1199 1196 1277 latio,
1219 1220 1262 1264 ne
1283 1200 1360 1266 ullis
1381 1201 1616 1267 tentationibus
1638 1202 1813 1268 vincamur
1834 1226 1872 1270 ae
1894 1207 2081 1287 obruamur,

74 1288 157 1351 strui
174 1293 202 1351 et
213 1287 378 1369 praesidio
394 1287 528 1369 defendi,
545 1291 581 1351 et
591 1306 689 1367 pares
705 1285 860 1350 amasai
874 1285 1053 1349 θῖθῖθνῖαθῖε
1104 1284 1161 1350 sed
1182 1285 1318 1350 Domini
1340 1287 1463 1352 virtute
1485 1297 1600 1352 eontra
1623 1307 1737 1353 omnes
1756 1288 1909 1355 adversas
1930 1292 2079 1372 virtutes,

74 1394 134 1454 qao
165 1393 328 1438 inmemor
356 1393 418 1436 noa
448 1377 568 1437 toabam
599 1372 687 1437 nobis
718 1392 796 1452 opas
822 1390 888 1440 esse
918 1371 1053 1452 medas
1104 1371 1221 1453 quibus
1250 1392 1492 1455 oppugnamur,
1521 1374 1621 1439 sortes
1648 1382 1787 1452 stemus,
1821 1375 1907 1456 quod
1935 1386 1985 1442 est
2013 1399 2080 1444 non
2140 1449 2144 1461 ¹

73 1459 195 1542 graio,
218 1479 298 1540 qaae
318 1459 413 1524 eorda
433 1459 648 1523 martiribus
664 1457 814 1535 molliat,
832 1457 934 1535 Ῑῖθθῖθῖ
955 1461 984 1520 θῖ
1002 1457 1052 1522 di·
1103 1457 1313 1522 sueeumbere
1341 1458 1592 1537 tentationibus;
1619 1468 1658 1522 ut
1685 1460 1722 1522 in
1747 1461 1816 1523 eius
1838 1461 2019 1527 eustodiam
2041 1486 2080 1530 ae

75 1545 160 1626 aaa
180 1546 216 1609 in
238 1545 302 1610 Dei
323 1545 514 1626 obsequium,
542 1546 596 1609 sed
623 1545 718 1608 θῖῖθθε
744 1543 881 1618 auxilio,
909 1563 968 1622 qao
995 1562 1052 1606 nos
1103 1541 1202 1608 fidem
1235 1545 1386 1626 suseepti,
1419 1565 1456 1609 ae
1489 1547 1687 1626 protentione
1720 1547 1791 1610 eius
1824 1547 1946 1624 seeuri,
1965 1542 2081 1631 'supra

74 1630 304 1710 memorabiles
324 1631 434 1696 reddat
448 1634 552 1695 θοθῖνα
569 1651 673 1696 omnes
689 1634 818 1693 satanae
834 1633 900 1692 tam
916 1628 1052 1692 insidias
1103 1636 1288 1710 peecatum,
1311 1638 1466 1706 mortem,
1488 1631 1669 1695 inferorum
1691 1639 1803 1714 portas
1825 1639 1859 1696 et
1880 1639 1987 1697 tetum
2008 1633 2080 1700 dia-

75 1736 172 1797 qaam
198 1716 344 1781 θῖθῖθηῖθε
363 1717 527 1795 mollimus.
573 1716 648 1782 Iam
673 1735 743 1780 oero
768 1713 891 1778 multae
912 1720 991 1778 sunt
1014 1735 1052 1778 ao
1102 1714 1168 1780 boli
1194 1735 1335 1797 regnum
1356 1716 1472 1781 invieti
1493 1716 1665 1792 duremus,
1694 1716 1781 1798 qued
1807 1725 1857 1782 est
1883 1739 1904 1781 a
1930 1718 2077 1803 maligno

75 1804 188 1868 variae
216 1804 437 1868 tentationum
458 1803 588 1867 formae.
633 1801 721 1866 Nam
750 1808 784 1865 et
804 1819 926 1882 pravae
948 1799 1051 1863 animi
1101 1800 1242 1865 liberari.
1273 1800 1340 1866 Ubi
1361 1803 1462 1868 etiam
1484 1801 1658 1885 diligenter
1675 1801 2002 1869 animadvertendum
2018 1813 2079 1885 θεῖ,

76 1889 316 1970 eoneeptiones,
349 1888 385 1950 in
412 1888 495 1971 legis
521 1886 816 1970 transgressionem
840 1905 901 1950 nos
933 1905 1050 1967 provo-
1101 1907 1168 1951 non
1190 1893 1378 1951 nostrarum
1400 1909 1470 1952 θεεθ
1492 1888 1615 1952 virium
1643 1909 1718 1953 eum
1745 1888 1874 1953 diabolo
1896 1897 1988 1954 tanto
2010 1891 2080 1956 bel-

76 1981 203 2051 eantee,
247 1996 307 2039 uas
328 1974 381 2038 vel
404 1974 663 2056 eoneupiseentia
683 1979 796 2037 nostra
816 1972 909 2037 nobis
931 1991 1051 2054 sugge-
1101 1971 1204 2037 letare
1225 1972 1393 2055 eongredi‚
1419 1995 1480 2038 nee
1501 1975 1570 2037 vim
1591 1975 1660 2038 eius
1683 1985 1779 2056 atque
1801 1976 1959 2057 impetum
1981 1976 2076 2042 ferre.

77 2060 135 2137 rit,
160 2059 211 2124 vel
257 2061 264 2073 '
288 2059 380 2125 bolus
402 2061 538 2134 excitat,
562 2058 759 2123 tentationes
781 2065 859 2122 sunt
880 2057 960 2140 (Ias.
983 2061 1049 2135 1,2
1101 2057 1236 2140 Alioqui
1255 2058 1378 2123 frustra
1399 2067 1456 2123 aut
1472 2080 1531 2141 per
1551 2059 1730 2125 ludibrium
1753 2061 1861 2125 aDeo
1878 2072 2076 2143 poseeretur,

76 2153 109 2210 et
122 2151 174 2223 14;
192 2145 354 2223 Nattae,
371 2150 385 2208 l
400 2149 480 2223 et3;
502 2145 645 2209 l'lhess.
658 2149 687 2220 3,
701 2142 744 2226 5).
773 2144 1050 2225 aequassent
1101 2144 1188 2225 quod
1214 2143 1302 2208 domi
1328 2144 1415 2226 apud
1436 2164 1497 2209 nos
1524 2154 1618 2209 esset.
1664 2143 1767 2221 Sane,
1794 2147 1852 2227 qui
1878 2148 1930 2210 sui
1956 2147 2078 2214 fidutia

74 2240 195 2296 natura
213 2231 303 2296 mala
323 2253 390 2296 non
412 2239 503 2305 sunt,
527 2230 647 2296 diaboli
670 2239 780 2294 tamen
802 2237 872 2294 arte
894 2229 1050 2294 tentatio-
1102 2228 1145 2292 ad
1172 2230 1273 2294 talem
1300 2251 1335 2294 se
1356 2251 1503 2313 pugnam
1525 2238 1731 2313 temperant,
1760 2252 1826 2296 non
1854 2232 1933 2297 satis
1954 2234 2077 2298 intelli·

74 2338 134 2382 nes
158 2319 258 2394 fiunt,
286 2338 386 2399 quum
417 2318 463 2382 sie
491 2317 594 2381 oeulis
622 2316 741 2380 nostris
768 2315 979 2398 ingeruntur,
1014 2323 1052 2378 ut
1101 2329 1185 2398 gunt
1212 2337 1288 2381 eum
1308 2337 1408 2397 quam
1429 2317 1571 2400 pugnaei
1598 2323 1695 2399 atque
1716 2318 1877 2382 insti-ueto
1899 2318 1993 2383 hoste
2014 2321 2077 2386 sibi

74 2423 189 2467 eorum
210 2402 338 2468 obieetu
359 2425 380 2467 a
401 2402 473 2468 Deo
494 2401 742 2479 abstrahamur,
764 2408 823 2464 aut
843 2400 1051 2466 deelinemus.
1101 2423 1154 2466 res
1182 2402 1233 2466 sit
1277 2401 1375 2465 Nune
1399 2403 1541 2484 petimus
1569 2403 1610 2467 ab
1636 2402 1706 2467 eius
1738 2410 1901 2485 potestate
1931 2404 2074 2484 liberari,

73 2489 121 2552 Et
141 2488 203 2552 hae
223 2488 353 2569 quidem
376 2489 571 2553 tentationes
593 2494 672 2553 sunt
693 2487 746 2551 vel
768 2507 789 2551 a
809 2486 936 2552 dextris
956 2486 1050 2551 vela
1100 2495 1258 2569 tanquam
1289 2489 1330 2552 ab
1362 2508 1418 2552 ore
1449 2489 1561 2553 insani
1592 2509 1630 2553 ao
1662 2488 1768 2553 rabidi
1800 2489 1937 2555 alieuius
1972 2490 2076 2556 leonis

74 2574 225 2638 sinistris.
269 2577 302 2640 A
323 2574 463 2652 dextris,
486 2583 524 2638 ut
545 2573 693 2651 divitiae,
716 2573 876 2654 potentia,
899 2572 1048 2651 honores,
1101 2574 1134 2658 (l
1154 2574 1244 2639 Petr.
1271 2578 1304 2650 5,
1323 2573 1376 2656 8),
1409 2574 1521 2638 statim
1553 2574 1624 2639 eius
1655 2573 1807 2639 dentibus
1840 2594 1877 2639 ae
1909 2577 2077 2658 unguibus

74 2681 157 2742 quae
185 2659 376 2743 plerumque
404 2682 464 2725 suo
491 2660 619 2743 fulgore
645 2668 679 2724 et
700 2658 777 2723 boni
800 2658 921 2740 speeie,
950 2678 1049 2739 quam
1102 2658 1322 2741 disoerpendi,
1346 2660 1416 2724 eius
1436 2660 1584 2725 faucibus
1606 2652 1816 2743 deglutiendi,
1840 2661 1903 2725 nisi
1925 2682 1985 2726 nos
2006 2663 2076 2727 Do-

72 2746 331 2832 praeseferunt,
342 2746 514 2812 hominum
527 2747 631 2811 aeiem
644 2744 900 2827 praestringunt,
913 2752 947 2808 et
957 2743 1050 2809 blan·
1100 2746 1212 2809 minus
1244 2767 1263 2809 e
1295 2743 1404 2809 media
1433 2753 1539 2809 morte
1571 2746 1702 2827 eripiat3
1739 2745 1801 2811 hoe
1834 2752 1945 2810 tamen
1977 2748 2077 2812 simul

75 2829 162 2896 ditiis
188 2832 257 2896 suis
285 2833 447 2909 inessent,
476 2840 513 2896 ut
536 2831 657 2896 talibus
676 2830 860 2913 praestigiis
882 2829 986 2911 eapti,
1013 2837 1051 2895 ut
1100 2832 1239 2896 seientes
1266 2829 1353 2912 quod
1379 2832 1408 2896 si
1428 2831 1591 2895 Dominus
1613 2830 1733 2909 aderit,
1763 2853 1801 2897 ae
1830 2853 1889 2914 pro
1910 2831 2003 2897 nobis
2026 2840 2076 2896 ta·

74 2917 132 2982 tali
154 2916 326 2984 duleedine
348 2917 445 2995 ebrii,
474 2918 583 2982 Deum
610 2938 708 2982 suum
729 2915 971 2981 oblivieeantur.
1016 2918 1049 2981 A
1099 2917 1247 2982 mutibus
1265 2917 1433 2999 pugnabit,
1454 2917 1489 2980 in
1509 2917 1579 2981 eius
1597 2917 1717 2982 virtute
1734 2918 1891 2982 faeiemus
1907 2919 2074 2984 virtutem.

74 3003 229 3082 sinistris,
256 3011 295 3069 ut
316 3012 506 3086 paupertas,
534 3003 667 3086 probra,
697 3009 916 3083 contemptus,
946 3001 1048 3069 afflie-
1100 3001 1354 3081 Oonfidantalii,
1376 3011 1414 3066 ut
1430 3001 1549 3081 volent,
1568 3003 1710 3084 propriis
1726 3003 1823 3068 liberi
1840 3002 1992 3087 arbitrii(
2014 3026 2075 3070 uas

73 3089 194 3166 tiones,
221 3098 255 3154 et
275 3098 405 3155 eaetera
425 3090 459 3154 id
481 3111 599 3172 genus;
626 3108 769 3171 quorum
790 3088 964 3152 aoerbitate
986 3087 1048 3152 dil·
1099 3111 1120 3153 a
1145 3109 1181 3154 se
1208 3086 1328 3153 habere
1356 3089 1418 3154 sibi
1439 3086 1610 3169 videnmr)
1639 3088 1847 3154 faeirltatibns
1874 3111 1913 3154 ao
1934 3025 2088 3173 viribus,

72 3175 281 3257 fieultateque
302 3176 418 3241 offensi
440 3177 565 3241 animos
583 3174 816 3258 despondeant,
838 3173 993 3239 fidueiam
1009 3195 1048 3240 ae
1099 3175 1193 3240 nobis
1213 3177 1293 3239 satis
1312 3175 1363 3251 sit,
1385 3173 1472 3256 quod
1494 3194 1559 3238 une
1578 3173 1643 3238 Dei
1667 3175 1788 3239 virtute
1810 3183 1935 3239 stamus
1957 3195 1995 3240 ao
2016 3197 2076 3243 va·
2167 3219 2170 3225 -

74 3280 167 3341 spem
194 3262 362 3339 abiieiant,
397 3261 530 3326 demum
554 3282 573 3324 a
593 3260 666 3325 Deo
692 3281 826 3342 prorsus
852 3259 1045 3324 alienentur.
1098 3260 1213 3325 lemae.
1244 3259 1326 3326 Plus
1343 3268 1454 3325 autem
1474 3261 1539 3325 ista
1554 3260 1698 3342 preoatio
1718 3260 1953 3342 eompleetitur,
1977 3281 2077 3343 quam

73 3345 137 3408 His
159 3348 393 3411 tentationibus
419 3349 574 3428 ubisque,
601 3366 685 3428 quae
713 3345 765 3411 vel
787 3345 1048 3427 aoneupiseentia
1098 3347 1206 3429 prima
1237 3346 1343 3428 speeie
1370 3367 1450 3428 prae
1478 3367 1513 3411 εθ
1540 3346 1633 3410 leret
1677 3346 1765 3410 Nam
1793 3348 1822 3411 si
1849 3347 1913 3411 Dei
1940 3348 2076 3429 spiritus

72 3438 187 3494 nostra
206 3433 242 3494 in
263 3433 357 3497 nobis
379 3453 548 3509 aeeensae,
573 3431 624 3497 vel
646 3439 779 3497 satanae
800 3431 933 3496 vafritie
953 3431 1047 3497 nobis
1099 3434 1205 3498 virtus
1233 3440 1346 3496 nostra
1374 3438 1425 3498 θεῖ
1451 3431 1493 3495 ad
1521 3439 1687 3497 eertamen
1712 3453 1787 3497 eum
1816 3440 1931 3497 satana
1952 3431 2076 3516 depug-

72 3516 257 3598 propositae
281 3519 449 3583 nobiseum
475 3525 639 3601 pugnant,
665 3538 707 3582 ne
739 3517 854 3582 eadere
885 3537 947 3581 nos
972 3539 1048 3600 per-
1098 3518 1257 3596 nandum,
1277 3518 1448 3584 viemmam
1465 3517 1587 3582 referre
1600 3525 1677 3582 ante
1694 3539 1761 3582 non
1772 3518 1959 3601 poterimus,
1976 3540 2077 3601 quam

71 3604 190 3678 mittet,
211 3604 320 3667 aDeo
342 3613 433 3686 patre
456 3611 567 3668 nostro
589 3623 774 3686 preeamur;
797 3624 914 3667 verum
935 3610 973 3666 ut
989 3624 1048 3686 po·
1098 3605 1156 3669 illo
1177 3604 1267 3686 pleni
1288 3624 1418 3673 omnem
1448 3603 1557 3669 earnis
1577 3615 1709 3668 nostrae
1730 3605 1956 3670 infirmitatem
1975 3626 2075 3669 exue-

72 3688 137 3751 tius
159 3709 259 3752 manu
281 3710 342 3754 sua
363 3711 422 3753 nos
439 3696 600 3754 sustentet
620 3709 658 3753 ae
675 3689 788 3772 erigat,
811 3709 875 3771 quo
893 3689 963 3753 eius
981 3690 1048 3754 vir·
1099 3691 1211 3756 rimus
1255 3690 1289 3755 A
1321 3696 1438 3755 satana
1467 3690 1570 3773 igitur
1603 3701 1637 3754 et
1666 3701 1798 3772 peeeate
1826 3690 1907 3755 dum
1932 3691 2075 3772 petimus

72 3783 142 3837 tute
164 3774 303 3852 robusti,
331 3783 445 3839 eontra
471 3796 584 3839 omnes
611 3774 748 3858 maligni
775 3775 878 3840 hostis
903 3774 1048 3840 insultus
1099 3776 1245 3855 liberari,
1279 3776 1373 3841 novis
1401 3776 1525 3858 gratiae
1553 3776 1619 3841 Dei
1646 3777 1856 3842 incrementis
1884 3775 2076 3858 locupletari

72 3860 160 3923 firmi
182 3867 269 3926 stare
286 3862 457 3943 possimus,
480 3861 916 3944 quaseunqueoogitetiones
928 3861 1047 3927 animis
1099 3862 1238 3928 subinde
1260 3863 1456 3944 expetimus3
1479 3861 1582 3926 donee
1604 3861 1646 3926 ad
1667 3862 1801 3944 plenum
1822 3863 1862 3927 iis
1884 3861 2009 3941 referti,
2033 3861 2075 3927 de

73 3945 194 4012 nestris
211 3947 378 4025 immittat
399 3947 516 4025 danda
538 3945 695 4028 quidquid
712 3947 806 4011 nobis
823 3947 858 4010 in
874 3953 1048 4030 utramque
1100 3949 1189 4013 omni
1215 3948 1301 4013 malo
1325 3948 1575 4030 triumphemus.
1620 3948 1751 4013 Dabam
1775 3953 1802 4013 et
1823 3968 1970 4028 aeneam
1990 3948 2076 4015 oide-

73 4039 200 4112 partem
215 4033 418 4115 proponitur,
440 4033 477 4095 in
498 4030 621 4096 bonum
642 4042 817 4111 sonamus,
841 4033 902 4098 hoe
923 4040 983 4111 est,
1006 4055 1048 4099 ne
1099 4039 1152 4098 tur
1173 4035 1374 4116 quibusdam,
1396 4036 1463 4115 peti
1485 4057 1506 4098 a
1527 4034 1595 4098 Deo
1622 4055 1660 4098 oe
1681 4036 1717 4098 ia
1737 4035 1932 4100 tentationes
1950 4055 2007 4099 aes
2027 4035 2077 4099 ia·

72 4117 225 4182 inflemur
246 4119 419 4202 prosperis,
442 4139 503 4182 nee
524 4117 670 4183 adversis
691 4117 889 4183 deiieiamur.
933 4119 1048 4202 Neque
1099 4121 1207 4198 derat,
1236 4121 1361 4201 quando
1387 4121 1455 4183 eius
1482 4125 1616 4184 aatarae
1644 4124 1836 4185 eontrarium
1863 4126 1908 4186 est
1930 4141 1987 4185 nos
2014 4125 2077 4198 ῖθθε·

73 4206 173 4268 menei
203 4205 256 4269 hie
278 4205 482 4287 postulamus
509 4224 551 4267 ne
578 4203 662 4268 ullas
688 4205 820 4268 omnino
849 4206 1048 4271 tentationes
1099 4211 1182 4284 tare,
1212 4212 1285 4271 teste
1306 4204 1415 4268 laeobo
1442 4205 1492 4286 (l,
1515 4209 1553 4268 13
1576 4216 1611 4269 et
1634 4206 1697 4290 14).
1743 4207 1804 4271 Sed
1828 4208 1895 4270 iem
1921 4228 1959 4271 ea
1981 4212 2077 4286 porte

74 4290 269 4367 sentiamus,
299 4291 417 4373 quibus
444 4290 550 4373 magis
575 4289 725 4368 excitari,
753 4291 869 4374 pungi,
902 4291 1048 4357 vellieari
1099 4292 1201 4358 soluta
1222 4293 1361 4373 quaestio
1382 4293 1438 4366 esi,
1466 4290 1547 4369 qaod
1575 4293 1715 4355 omaiam
1737 4293 1941 4355 metationem
1961 4290 2076 4370 quibas

73 4395 271 4458 magnopere
292 4375 386 4441 nobis
408 4398 490 4459 opus
513 4385 576 4452 est,
604 4396 647 4439 ne
677 4375 816 4439 nimium
836 4375 960 4442 resides
981 4385 1048 4443 tor-
1099 4379 1263 4453 oiaoimar,
1281 4375 1526 4456 eoneapisceatia
1541 4381 1649 4439 oestro
1660 4378 1792 4457 proprie
1808 4397 1905 4440 eausa
1923 4381 1975 4453 est,
1993 4375 2075 4439 ideo

73 4479 217 4540 peamus.
260 4462 375 4544 Neque
396 4463 486 4527 enim
508 4461 566 4526 aba
587 4481 623 4524 re
644 4459 755 4525 David
776 4463 896 4526 tentari
918 4464 1050 4545 optabat
1099 4484 1158 4546 que
1177 4463 1302 4543 θθθῖρθθι
1322 4461 1459 4526 stistinet.
1493 4460 1601 4539 Neque
1622 4461 1713 4527 aliud
1734 4462 1798 4525 aab
1818 4460 1957 4537 lacobus,
1979 4479 2076 4540 wara

74 4544 176 4628 (Psal.
197 4552 246 4624 26,
267 4549 310 4632 2),
334 4570 395 4614 noe
416 4549 500 4613 eitra
521 4567 654 4613 oausam
676 4547 794 4612 eleetos
811 4569 886 4613 suos
902 4549 1048 4630 quotidie
1099 4538 1224 4631 imbro
1245 4552 1273 4613 et
1291 4549 1407 4612 iniuste
1428 4546 1463 4610 io
1480 4546 1586 4611 Deum
1606 4547 1685 4610 vitia
1705 4545 1897 4622 quassati,
1920 4565 2000 4625 quoe
2022 4566 2076 4609 ao-

74 4637 182 4697 tentat
202 4634 378 4713 Dominus,
400 4657 455 4700 eos
476 4655 535 4718 per
546 4633 786 4716 ,ignonimiam
809 4641 1046 4716 paupertatem,
1100 4636 1147 4701 bis
1167 4637 1322 4715 impedere
1337 4633 1484 4716 aegimio,
1505 4633 1582 4712 qaia
1599 4652 1709 4695 samias
1725 4653 1830 4697 eorem
1846 4630 1934 4695 nobe
1950 4633 2076 4695 caesii.

74 4716 327 4798 tribulationem,
350 4730 383 4786 et
405 4721 486 4787 alias
507 4719 613 4785 erneis
631 4718 756 4800 speeies
773 4720 945 4803 castigans.
980 4719 1048 4787 Sed
1102 4721 1261 4786 Caesam
1282 4719 1336 4784 boe
1355 4739 1417 4783 stoa
1438 4719 1536 4782 obstat
1562 4719 1727 4798 quominus
1752 4737 1809 4781 aos
1830 4716 1921 4780 Deus
1946 4714 2001 4779 obi
2028 4718 2076 4781 ita

75 4801 273 4870 aliterDeus
286 4815 401 4885 tentat,
423 4807 520 4872 aliter
536 4820 648 4870 satan:
679 4805 733 4869 hio
754 4812 792 4869 nt
808 4804 933 4887 perdat,
955 4807 1047 4872 dam-
1098 4809 1202 4873 visum
1229 4810 1274 4871 est
1299 4810 1427 4870 solonae
1453 4803 1621 4884 marwipet,
1643 4804 1795 4885 proiieiat
1822 4802 1857 4865 ia
1877 4820 2005 4865 sensam
2026 4823 2074 4868 re-

74 4895 140 4966 net,
164 4891 348 4972 eontimdat,
370 4894 575 4976 praeeipitem
597 4892 691 4956 Deus
709 4912 796 4969 vero,
818 4898 858 4956 ut
874 4913 950 4959 suos
971 4915 1047 4976 pro-
1092 4893 1228 4975 probem
1247 4891 1413 4972 foedasque
1432 4889 1635 4970 cupiditates,
1658 4893 1750 4969 atque
1770 4888 1818 4951 ita
1839 4889 1874 4950 ia
1895 4887 2074 4953 ῖθειῖθῖῖθεθε

73 4973 182 5039 bando
210 4980 471 5061 experimentum
501 4978 542 5043 de
569 4998 684 5042 eorum
714 4977 901 5044 sineeritate
927 4988 1045 5058 sumat,
1097 4980 1242 5056 induent,
1273 4977 1354 5040 besto
1378 4974 1503 5055 quidem
1528 4975 1661 5052 iadieio,
1693 4994 1784 5055 saepe
1809 4978 1912 5039 ῖαθεθε
1944 4974 2075 5040 ababa:

74 5069 108 5124 θῖ
128 5064 309 5129 exereendo
331 5064 432 5130 robur
452 5066 638 5141 eonfirmet;
666 5084 781 5129 eorum
803 5084 936 5130 earnem
958 5083 1046 5127 mor·
1097 5066 1175 5146 qaia
1195 5082 1285 5144 saepe
1304 5059 1478 5124 Moenibus
1504 5060 1684 5126 θὸεθθεθῖῖῖθ
1710 5065 1756 5127 θεῖ
1783 5079 1893 5136 caasa,
1921 5079 2002 5140 qaae
2027 5065 2073 5125 ta·

71 5147 183 5227 tifieet,
206 5159 375 5233 exaequat,
397 5150 524 5229 adurat,
552 5169 635 5233 quae
655 5149 721 5216 nisi
741 5152 777 5215 in
798 5150 890 5216 hune
911 5148 1046 5213 modum
1097 5171 1167 5217 own
1197 5148 1283 5230 apiid
1308 5164 1379 5210 mm
1405 5150 1488 5243 eegta
1513 5150 1567 5211 est.
1618 5145 1705 5211 Unde
1731 5145 1885 5230 θοῖῖῖρῖῖθν
1915 5165 1978 5210 noa
2007 5167 2075 5213 esse

73 5243 288 5313 sterneretur,
310 5235 490 5314 lasoimret,
517 5242 552 5300 et
576 5255 678 5318 supra
698 5235 834 5303 modum
852 5234 1045 5301 exsultaret
1096 5235 1303 5321 mpropriam
1329 5230 1548 5314 ῖθᾳεθῖῖθιιθεε,
1574 5233 1605 5297 si
1625 5234 1775 5315 pesaasi
1794 5252 1906 5298 motos
1925 5252 1988 5298 soa
2006 5232 2078 5300 abs-

180 5336 291 5391 Galoiai
303 5353 394 5406 opera
436 5337 492 5392 Vol
509 5334 553 5390 11.
1834 5332 1869 5387 43
