4672 5842
228 322 290 383 691
870 309 1137 379 ΙΝΒΤῙΤΠΤΙΟ
1158 311 1264 378 REIa
1287 310 1468 379 euulsa.
1495 316 1586 377 lece.
2082 324 2086 329 '
2171 313 2233 376 692

228 506 374 588 operiam
396 505 540 583 {edurum
567 503 613 566 cel
636 503 844 583 praeteritum
868 505 989 580 tempus
1021 519 1083 562 non
1114 502 1206 563 inter·
1257 507 1286 566 et
1306 502 1435 564 minime
1455 501 1606 566 caducam
1633 522 1728 565 servo
1751 522 1810 564 suo
1831 508 2017 581 paraverat,
2047 520 2112 562 non
2140 497 2234 562 dubi-

226 593 331 673 ponit;
358 590 469 653 dende
490 590 634 669 praecise
656 609 694 653 ea
715 588 842 669 opponit
863 585 927 649 Dei
953 586 1118 662 occationi,
1144 607 1206 650 urio
1258 588 1356 664 tavit,
1379 585 1421 649 ad
1442 586 1528 651 banc
1550 586 1839 668 comprobandam,
1861 607 1902 649 ex
1924 585 1983 648 illa
2004 594 2114 667 petere
2218 621 2234 633 ·

223 677 328 758 posito
350 676 483 738 alterum
505 675 617 738 diserte
639 680 770 737 eccrtem
791 672 901 736 coleris.
945 672 995 735 Ac
1022 673 1052 734 si
1078 671 1205 735 dumet:
1258 682 1416 737 mentum
1453 673 1633 736 Tenerulum
1649 674 1743 736 etiam
1759 672 1841 737 illud
1859 672 2018 749 menoma,
2034 676 2137 735 terrae
2180 670 2236 734 lea·

228 761 489 829 eonsulerandnm
510 781 574 824 csse
596 761 673 841 qnid
694 759 763 823 Deo
778 757 950 838 plasme,
981 778 1042 820 reon
1063 758 1140 837 quid
1161 763 1207 821 at
1258 780 1346 823 noan
1375 778 1531 823 onmium
1557 759 1658 839 subse
1690 758 1825 822 mdestis
1856 757 2007 821 domicilii
2032 758 2169 839 pipnus;
2201 761 2236 820 ut

229 846 358 912 tulerint
386 867 425 911 en
456 868 490 911 se
522 848 603 928 ipsis
634 845 780 908 leoninos.
827 843 985 907 Postremo
1016 849 1131 906 amani
1164 849 1207 907 est
1258 844 1402 909 dubitari
1432 845 1560 908 minime
1591 844 1696 908 debeat
1728 844 1820 908 Iacob
1850 863 1920 907 einr
1953 843 2072 925 angelis
2102 842 2235 907 insitum

229 932 383 999 electionis
403 937 431 995 ct
446 934 603 1013 proposit-i
624 931 762 1008 vocibus,
790 949 989 1010 quasarnque
1015 930 1207 992 comminisci
1257 931 1358 1011 suase
1375 931 1410 993 in
1429 929 1548 995 aaran
1568 949 1688 1009 corpas,
1711 936 1744 993 ut
1765 931 1901 994 mandem
1923 930 2005 993 ritae
2025 930 2127 993 socians
2149 934 2233 993 esse.

228 1017 367 1083 homines
394 1018 490 1082 solent
515 1038 629 1081 causas
656 1022 744 1080 entra
769 1036 921 1079 arcarium
944 1014 1007 1078 Ilei
1033 1015 1206 1093 consilium,
1258 1016 1403 1099 Eligitur
1430 1037 1508 1098 ergo
1530 1016 1641 1090 Iacob,
1668 1017 1759 1081 Esau
1784 1014 1971 1097 repudiato,
2000 1022 2034 1078 et
2054 1014 2120 1079 Dei
2140 1035 2234 1096 prae-

229 1103 269 1170 ab
291 1104 349 1168 liae
370 1125 467 1168 causo
488 1105 642 1167 rernoceri.
1259 1102 1476 1167 destinatione
1504 1101 1715 1179 discernitur,
1745 1124 1765 1166 a
1786 1123 1849 1183 quo
1871 1100 1971 1165 nullis
1992 1101 2120 1166 meritis
2141 1100 2233 1164 diffe-

319 1195 346 1252 5.
383 1188 548 1269 Quidnam
565 1187 606 1251 ad
618 1189 699 1252 haec
711 1184 916 1251 obscuranda
927 1194 1128 1266 praetexant,
1152 1186 1208 1266 qui
1258 1188 1360 1252 rebat.
1406 1186 1547 1252 Causam
1576 1189 1604 1250 si
1632 1209 1781 1270 quaeres,
1817 1187 1901 1251 bano
1934 1186 2043 1250 reddit
2069 1186 2233 1268 apostolus

230 1276 384 1358 operibus
412 1275 464 1340 rel
491 1269 674 1356 pmetcritis
702 1272 755 1337 vel
782 1273 901 1336 futuris
929 1271 1037 1335 locum
1066 1271 1207 1354 aliquem
1259 1273 1369 1356 (Rom.
1390 1278 1419 1350 9,
1441 1272 1505 1356 15),
1527 1274 1604 1356 quia
1621 1274 1708 1338 Mosi
1727 1274 1850 1338 dietum
1868 1274 1925 1337 sit:
1946 1271 2126 1337 miserebor
2142 1275 2233 1337 cuius

126 1405 139 1422 .
230 1362 268 1426 in
290 1362 446 1425 eloctione
468 1359 657 1443 assignant?
703 1359 776 1422 Hoc
799 1358 886 1421 enim
909 1368 959 1421 est
980 1378 1113 1438 prorsus
1136 1357 1205 1421 elu-
1258 1360 1444 1436 miserebor,
1468 1368 1501 1422 ct
1519 1359 1729 1423 miseratione
1747 1359 1906 1442 dignabor
1923 1379 2151 1440 quemcunque
2172 1358 2233 1421 mi·

230 1445 308 1511 dere
325 1446 411 1528 quod
429 1446 595 1510 contendit
612 1444 786 1528 apostolus,
806 1465 873 1507 non
891 1464 932 1507 ex
951 1443 1058 1525 aliqua
1071 1465 1206 1525 operum
1258 1447 1421 1511 seratione
1443 1445 1609 1527 dignabor.
1645 1446 1692 1509 Et
1712 1444 1790 1527 quid
1812 1445 1881 1515 boc,
1904 1464 2033 1526 quaeso,
2057 1445 2120 1509 sibi
2141 1443 2231 1508 vult?

229 1533 365 1609 ratione,
388 1531 444 1596 sed
467 1552 508 1594 ex
529 1552 622 1595 mera
638 1532 703 1594 Dei
721 1530 888 1594 vocatione
906 1528 1047 1610 pendere
1067 1530 1207 1593 fratrum
1258 1531 1386 1613 Nempe
1407 1530 1587 1595 clarissime
1608 1531 1772 1595 Dominus
1794 1531 1999 1614 pronuntiat,
2027 1529 2154 1593 nullam
2176 1530 2233 1593 bo-

230 1616 424 1692 discrimcu,
459 1619 535 1699 quia
567 1617 653 1680 inter
685 1616 832 1680 nondum
865 1624 960 1679 natos
992 1616 1207 1679 constitutum
1259 1617 1403 1681 minibus
1426 1615 1647 1681 benefaciendi
1680 1616 1839 1681 rationem
1867 1618 1902 1679 in
1927 1617 2007 1697 ipsis
2036 1637 2072 1680 se
2098 1615 2233 1691 babere;

228 1704 338 1767 feeerit.
382 1703 497 1784 Neque
526 1723 603 1767 vero
629 1725 705 1766 curn
732 1701 882 1766 latuisset
910 1702 1046 1764 istorum
1068 1701 1206 1782 argutia,
1259 1701 1316 1767 sed
1338 1723 1358 1765 a
1379 1702 1448 1766 sola
1469 1723 1530 1766 sua
1551 1702 1775 1767 misericordia
1803 1724 1946 1777 sumere,
1973 1701 2109 1782 ideoque
2137 1723 2232 1765 suum

161 1826 168 1839 ·
229 1789 258 1853 ei
279 1787 358 1869 quid
377 1788 469 1852 solidi
495 1788 675 1853 habuisset:
699 1787 757 1852 sed
774 1788 852 1868 quia
868 1788 989 1868 optimc
1010 1796 1150 1851 noverat
1171 1787 1207 1849 in
1259 1810 1330 1853 esse
1351 1809 1432 1870 opus
1454 1808 1588 1853 suorum
1611 1788 1758 1853 salutem.
1804 1788 1917 1867 Quum
1940 1797 2032 1851 tuam
2053 1788 2090 1850 in
2111 1808 2145 1852 se
2165 1807 2232 1850 uno

228 1873 361 1939 homine
379 1875 488 1938 Deum
508 1871 698 1957 praevidere
716 1873 800 1937 nihil
819 1873 895 1937 boni
914 1894 1017 1953 posse,
1041 1873 1104 1936 nisi
1122 1872 1208 1953 quod
1260 1874 1399 1940 salutem
1422 1874 1513 1939 Deus
1540 1883 1679 1951 statuat,
1707 1897 1766 1940 eur
1788 1875 1830 1938 ad
1851 1884 1884 1938 te
1905 1875 2014 1956 ipsum
2035 1871 2229 1937 descendes?

229 1959 396 2027 electionis
424 1981 503 2025 suae
531 1960 686 2024 beneficio
708 1961 773 2022 iam
796 1959 886 2040 prius
909 1958 1023 2041 largiri
1046 1959 1206 2034 statuerit,
1260 1958 1372 2039 Quum
1396 1980 1497 2023 unam
1519 1961 1578 2024 tibi
1600 1983 1694 2024 suam
1716 1960 1972 2025 misericordiam
1995 1960 2154 2042 assignet,
2176 1980 2233 2023 cur

229 2068 295 2110 non
326 2047 472 2128 confugit
499 2045 541 2109 ad
568 2055 812 2128 praeposterum
846 2043 942 2107 illum
974 2044 1136 2123 ordinem,
1171 2053 1208 2107 ut
1260 2044 1302 2111 ad
1323 2046 1456 2127 propria
1476 2047 1594 2110 merita
1614 2046 1787 2111 decurras?
1816 2044 1929 2126 Quum
1952 2055 2044 2109 tuam
2065 2046 2232 2128 cogitatio-

228 2152 328 2214 opera
346 2133 431 2195 bona
448 2152 563 2196 causae
582 2153 660 2196 suae
677 2131 848 2212 praeferat.
884 2128 1056 2194 Habemus
1073 2153 1114 2194 cx
1135 2152 1207 2193 ver·
1260 2152 1337 2196 nem
1359 2133 1394 2194 iu
1417 2152 1476 2195 sua
1497 2132 1705 2196 miseratione
1732 2134 1911 2205 contineat,
1946 2152 2005 2195 cur
2032 2130 2074 2194 nd
2100 2152 2234 2213 operum

229 2218 280 2283 bis
308 2218 461 2300 apostoli,
492 2218 591 2282 solius
618 2216 751 2280 divinae
779 2215 945 2280 electionis
974 2215 1110 2279 arbitrio
1132 2215 1207 2278 lun·
1260 2226 1393 2281 tuorum
1415 2218 1571 2281 intuitum
1593 2227 1721 2301 partem
1744 2217 1912 2283 reflectes?
1943 2216 2057 2297 Itaque
2077 2217 2120 2281 od
2140 2219 2236 2280 mino

230 2302 343 2368 datam
364 2324 434 2368 esse
457 2303 603 2367 fidelium
625 2303 780 2378 salutem,
810 2323 915 2382 neque
945 2301 1038 2365 illum
1060 2303 1208 2366 favorem
1259 2324 1325 2368 rem
1346 2304 1442 2367 illum
1455 2303 1610 2384 populum
1637 2305 1741 2368 venire
1766 2325 1886 2368 necesse
1911 2309 1969 2380 est,
1998 2323 2088 2382 quem
2112 2302 2236 2366 Paulus

231 2389 382 2471 operibus
404 2389 577 2466 conciliari,
601 2388 717 2452 seder
735 2388 881 2469 gratuita
902 2388 1070 2452 vocatione
1090 2407 1208 2470 prove·
1259 2389 1337 2453 alibi
1358 2390 1596 2471 praecognitum
1621 2390 1723 2470 fuisse
1743 2389 1811 2454 Deo
1832 2389 1938 2453 scribit
1967 2389 2079 2471 (Rom.
2108 2393 2160 2460 11,
2184 2392 2237 2466 2).-

233 2475 313 2539 uire.
359 2473 528 2538 Habemus
558 2488 591 2537 et
613 2475 684 2538 eius
712 2475 760 2537 rei
782 2475 980 2555 propositam
1008 2474 1099 2555 quasi
1133 2472 1209 2536 inc·
1260 2496 1320 2540 non
1341 2475 1478 2555 qualiter
1499 2475 1553 2538 isti
1575 2477 1801 2557 inmqinantur,
1817 2476 1978 2556 morsare
1995 2495 2033 2538 ex
2051 2476 2149 2538 otiosa
2169 2495 2236 2555 spe

232 2560 379 2623 rinnon.
413 2561 547 2625 Fratres
571 2569 648 2623 sunt
668 2560 759 2623 Esau
781 2569 815 2623 et
835 2559 942 2633 Iacob,
965 2559 1082 2624 iisdem
1104 2560 1207 2643 geniti
1259 2561 1331 2625 nula
1346 2580 1427 2641 qnae
1443 2581 1505 2625 non
1520 2561 1614 2641 facit;
1630 2563 1684 2626 sed
1702 2582 1760 2641 qno
1777 2572 1870 2626 sensu
1887 2582 1979 2640 saepe
1995 2560 2114 2643 lepitnr.
2147 2561 2235 2623 Nam

231 2644 1208 2813 {atttttntttntttdtttttttetlt
1259 2646 1574 2812 dfmttmsillo
1589 2645 2234 2815 ittntssttttttntt

231 2818 272 2884 de
293 2818 358 2882 illis
380 2819 443 2882 Dei
465 2816 633 2884 iudicium.
673 2817 825 2881 Alterum
848 2818 937 2881 enim
958 2819 1104 2894 assumit,
1127 2817 1208 2881 alte·
1258 2820 1351 2883 morti
1373 2818 1547 2895 addictum,
1574 2840 1636 2882 reon
1656 2819 1864 2899 malartem
1885 2818 1989 2884 Deum
2016 2817 2149 2894 inducit,
2177 2818 2233 2881 sed

170 2967 173 2971 .
231 2926 303 2969 rum
333 2904 445 2969 reiicit
492 2903 572 2968 Sola
605 2917 676 2968 erat
702 2903 976 2986 primogenitura,
1010 2905 1104 2968 euius
1135 2905 1207 2966 iure
1258 2905 1372 2970 salutis
1393 2910 1517 2968 nostrae
1538 2909 1685 2968 autorem.
1724 2904 1779 2968 Sic
1800 2911 1828 2969 et
1849 2905 1929 2968 idem
1953 2903 2065 2968 Petra
2085 2902 2120 2987 (1
2139 2902 2233 2967 Petr.

231 2989 315 3054 alter
337 2989 477 3054 altorum
500 2988 716 3072 praecederet.
750 2990 864 3070 Atqui,
887 2988 944 3052 illa
964 3010 1090 3071 quoque
1112 3010 1207 3072 prae-
1262 2994 1357 3074 1,2),
1386 2990 1491 3055 clodos
1511 2991 1603 3053 insta
1619 2991 1901 3072 praemonitionem
1920 2989 1985 3054 Dei
2005 2989 2107 3070 [ause
2128 2989 2235 3053 dicem

230 3076 343 3150 terita,
372 3075 490 3139 iuniori
519 3074 663 3141 defertur
689 3075 776 3156 quod
805 3083 945 3157 negatur
966 3076 1090 3139 maiori.
1134 3075 1207 3139 lmo
1256 3077 1364 3158 fideles
1380 3077 1422 3141 ad
1439 3096 1517 3157 quos
1532 3076 1648 3152 scribit,
1661 3077 1792 3158 proprie
1809 3078 1958 3158 exprimit
1974 3096 2127 3141 arcanam
2144 3075 2234 3138 illam

230 3160 267 3225 in
295 3161 367 3224 aliis
395 3182 521 3243 quoque
550 3162 712 3227 destinato
745 3161 880 3226 consilio
912 3161 1208 3244 primogenituram
1252 3163 1581 3245 praedestinatianae,
1614 3182 1678 3241 qna
1698 3161 1795 3241 ⁴Dens
1824 3163 1910 3243 lilios
1936 3163 1999 3226 sibi
2025 3182 2103 3241 qnos
2137 3161 2234 3225 coluit

230 3244 361 3314 videtur
382 3268 512 3329 semper
534 3248 767 3328 contempsisse
789 3248 895 3325 Deus,
925 3256 964 3310 ut
985 3268 1115 3311 omnem
1137 3247 1207 3329 glo·
1258 3250 1401 3332 uptam.
1435 3247 1478 3311 Et
1491 3248 1687 3328 propositum
1706 3249 1788 3328 qnod
1804 3248 1867 3313 loco
1883 3250 2048 3329 synonymi
2068 3248 2234 3329 coninrrpit,

230 3332 337 3399 riandi
364 3333 537 3397 materiam
564 3334 655 3397 carni
687 3333 898 3413 praecideret.
942 3333 1130 3415 Repudiato
1157 3334 1207 3398 Is-
1258 3356 1355 3416 quum
1375 3334 1486 3414 ubique
1505 3331 1622 3411 fixam,
1643 3338 1678 3396 ut
1694 3335 1785 3415 numo
1803 3335 1984 3414 loquuntur,
2004 3334 2236 3398 demminatio·

230 3419 336 3483 maele
354 3420 501 3482 animum
520 3418 561 3483 ad
578 3420 672 3484 Isaac
690 3418 809 3484 adiicit.
838 3420 1024 3501 Postposito
1041 3420 1206 3495 Manasse,
1258 3441 1328 3485 uem
1350 3421 1518 3500 ecpmmot,
1541 3418 1647 3482 Deum
1667 3419 1754 3485 laud
1775 3420 1880 3497 damn,
1907 3420 1983 3484 dum
2001 3426 2098 3484 cutm
2119 3424 2163 3484 est
2183 3439 2235 3483 no-

230 3503 393 3585 prraim
415 3524 470 3567 ma
495 3507 520 3570 's
543 3505 691 3569 honorat
1258 3512 1341 3571 strae
1367 3506 1496 3581 salmis
1522 3524 1584 3569 non
1611 3506 1713 3587 epredi
1739 3512 1827 3570 aba
1848 3526 1881 3570 se
1901 3507 2007 3586 ipsum
2032 3506 2124 3570 dccet
2171 3506 2237 3585 Quo

318 3595 346 3652 6.
392 3589 465 3670 Quo
509 3592 538 3654 si
559 3592 719 3673 quispiam
742 3591 944 3673 interpellet,
967 3592 1008 3657 ab
1030 3592 1103 3656 istis
1124 3593 1206 3655 infe-
1258 3613 1353 3658 serrsu
1380 3594 1416 3654 in
1442 3591 1544 3655 cedern
1571 3593 1671 3671 capite
1700 3590 1860 3656 Giristccm
1884 3592 1961 3656 dicit
1985 3612 2105 3674 wnum
2134 3592 2236 3672 secuse

230 3675 372 3740 rioribus
400 3684 433 3739 et
461 3678 597 3742 minutis
625 3675 789 3741 beneficiis
817 3700 884 3741 non
904 3678 1114 3742 statuendum
1136 3699 1207 3742 esse
1254 3679 1490 3761 praecoquitnm
1516 3681 1586 3740 arete
1607 3678 1717 3741 mundi
1739 3680 1931 3742 creationem.
1979 3678 2063 3757 Quid
2083 3679 2166 3741 enim
2185 3675 2234 3737 in-

230 3760 271 3827 de
292 3782 422 3826 summa
443 3764 572 3828 futurae
594 3764 695 3841 vitae,
726 3772 764 3826 ut
790 3764 846 3844 qui
873 3766 908 3827 in
929 3765 1207 3846 primogeniturae
1258 3765 1379 3830 adsim
1399 3769 1457 3828 ant
1475 3764 1629 3846 frigidius
1649 3784 1744 3843 quem
1764 3762 1907 3827 Decerne
1929 3763 2058 3827 arblimi
2081 3767 2233 3843 spectasse

231 3848 390 3912 honorem
411 3858 544 3914 evectus
565 3850 673 3926 inierit,
696 3849 768 3913 ideo
791 3858 960 3930 reputetur
977 3853 1012 3913 in
1029 3849 1110 3914 coeli
1130 3851 1206 3914 bae
1259 3852 1341 3916 aride
1368 3855 1499 3915 ventura
1526 3854 1603 3913 esset
1635 3848 1771 3914 luntario
1795 3851 1902 3932 peimi
1928 3849 2042 3913 salus<l
2090 3846 2234 3928 Populus

230 3934 403 3999 reditatem
421 3944 588 4017 cooptatus
606 3936 699 4017 (sunt
717 3935 806 3998 enim
823 3935 957 4016 plurimi
974 3937 1030 4017 qui
1049 3936 1207 4001 nePaulo
1259 3958 1329 4020 erpo
1345 3935 1564 4017 praecoquitus
1583 3936 1762 3999 tamnrrdem
1782 3935 1883 3999 Pano
1907 3936 1987 3999 calet
2003 3939 2092 4014 atquc
2113 3933 2232 4014 mene

230 4018 360 4102 quidem
384 4030 537 4102 parcant,
566 4022 659 4103 quasi
682 4020 724 4084 ad
747 4021 891 4085 alienum
913 4043 1045 4086 sensum
1068 4024 1206 4104 scriptu·
1252 4025 1359 4104 portio
1380 4021 1486 4085 turbae
1501 4022 1670 4100 permista,
1692 4042 1772 4100 qnae
1787 4020 1954 4103 falsoDei
1970 4040 2076 4085 umnen
2091 4017 2233 4082 onoma

230 4126 302 4170 ram
325 4105 498 4170 detorserit
520 4109 555 4171 in
578 4108 629 4172 his
651 4107 849 4172 testimoniis
871 4108 1040 4191 citandis),
1069 4130 1206 4191 respon·
1258 4108 1349 4173 Alibi
1375 4121 1493 4188 qnoqtre
1517 4105 1655 4183 Paulus,
1684 4112 1720 4170 ut
1745 4127 1851 4172 omum
1878 4106 2059 4171 iactantiam
2085 4103 2235 4168 rdurnlat

229 4190 290 4257 deo
322 4192 402 4255 aad
434 4192 575 4270 arsulae,
609 4213 669 4256 neo
700 4194 915 4276 incogitantia
947 4195 1078 4276 lapsum
1107 4196 1206 4259 fuisse
1258 4195 1313 4276 qni
1334 4194 1395 4258 sibi
1418 4194 1508 4258 larua
1528 4197 1649 4256 tantum
1666 4193 1778 4270 obmdi,
1796 4195 1924 4273 princes
1942 4195 2022 4257 inter
2032 4191 2108 4273 pios
2125 4211 2235 4255 coram

229 4277 426 4361 apostolum,
455 4300 514 4343 nec
542 4281 724 4360 scripturae
752 4281 947 4345 testimoniis
969 4289 1083 4362 sponte
1104 4280 1206 4346 fuisse
1258 4281 1372 4345 municio
1397 4284 1561 4360 arropmt,
1588 4279 1663 4342 dicit
1683 4278 1789 4344 Deum
1815 4299 1990 4361 capnoscere
2016 4278 2072 4359 qui
2095 4277 2149 4341 sui
2171 4278 2236 4339 sirit

228 4365 375 4430 abusum.
421 4362 488 4428 Sed
521 4364 654 4429 videbat
687 4365 789 4449 (quod
815 4366 877 4447 ipsi
904 4365 1110 4431 considerare
1130 4387 1206 4431 ‘non
1258 4366 1292 4451 (2
1312 4367 1394 4430 Tim
1422 4369 1455 4440 2,
1478 4364 1540 4445 19).
1568 4363 1712 4444 Denique
1732 4366 1790 4430 illa
1811 4386 1879 4429 voce
1900 4364 2055 4446 duplicem
2074 4363 2163 4427 nobs
2178 4383 2235 4442 po

227 4450 407 4534 sustinent)
435 4451 578 4515 voluisse
599 4452 710 4515 Deum
731 4452 935 4532 spiritualem
956 4453 1054 4518 Iacob
1076 4452 1206 4518 electio-
1230 4524 1233 4533 ,
1251 4454 1367 4534 prolum
1387 4451 1528 4533 deamat
1547 4450 1682 4528 Paulus,
1705 4473 1804 4515 unum
1821 4473 1859 4515 es
1875 4456 1933 4514 toto
1948 4469 2059 4533 penem
2074 4448 2234 4527 Abrabae,

227 4559 318 4613 nem,
353 4558 436 4618 quae
469 4537 556 4619 apud
584 4538 786 4601 inaccessum
814 4538 884 4603 eius
913 4539 1057 4603 tribunal
1085 4539 1205 4622 alioqui
1230 4540 1233 4567 ¹
1257 4540 1390 4604 alteram
1417 4558 1486 4601 cero
1512 4537 1586 4601 inde
1613 4542 1818 4620 segregatam,
1848 4542 1876 4600 et
1897 4538 1952 4617 qni
1972 4536 2030 4600 stab
2051 4535 2148 4600 mulis
2169 4533 2234 4598 Dei

226 4621 357 4700 latebat,
381 4633 512 4687 terreno
534 4623 681 4706 symbolo
704 4622 878 4688 declarare.
922 4625 997 4690 Nisi
1018 4627 1106 4690 enim
1128 4645 1205 4690 con·
1256 4625 1430 4690 reconditus
1450 4623 1611 4688 bominum
1632 4628 1822 4703 conspectum
1843 4623 1922 4686 latet.
1958 4623 2023 4687 Nee
2040 4623 2169 4686 dubim
2188 4625 2235 4683 est

226 4729 353 4776 cessam
384 4708 432 4771 illi
465 4711 757 4792 primogenituram
790 4711 832 4776 ad
862 4711 1012 4775 futurum
1039 4710 1205 4778 saeculum
1256 4713 1428 4793 sunpsuse
1457 4709 1510 4774 boc
1536 4730 1575 4775 en
1602 4707 1707 4786 Mose,
1739 4710 1795 4788 qni
1821 4708 1927 4772 Deum
1958 4709 2073 4789 qrcibus
2104 4707 2236 4771 coluerit

226 4796 407 4872 referimus,
429 4797 538 4859 inanis
560 4796 659 4860 fuerit
676 4805 710 4859 et
727 4796 864 4861 ridicula
881 4797 1115 4863 benedictionis
1131 4818 1205 4878 spc-
1256 4797 1485 4862 misericordem
1499 4797 1568 4877 fore
1590 4795 1734 4876 affimat
1753 4794 1913 4876 (wamma
1938 4795 1977 4859 de
2003 4794 2093 4859 electo
2114 4790 2236 4881 populo

227 4884 305 4956 cies,
336 4901 378 4943 ex
404 4901 470 4962 qua
499 4880 581 4943 nibil
611 4885 641 4945 ei
669 4883 840 4946 accesserit
862 4893 992 4965 praeter
1019 4882 1206 4965 multiplices
1256 4903 1357 4948 serum
1384 4888 1474 4959 esse,
1501 4883 1593 4946 cnirrs
1619 4880 1761 4960 aequalis
1787 4885 1853 4944 eat
1873 4881 1908 4944 in
1929 4882 2060 4963 speciem
2085 4880 2234 4959 conditio)

226 4986 411 5043 neminum,
435 4969 640 5046 accommoda,
663 4970 751 5033 triste
773 4970 934 5048 exsilium,
955 4970 1129 5051 multasque
1149 4971 1206 5033 tri-
1251 4969 1383 5050 perinde
1403 4989 1440 5034 ac
1461 4967 1491 5033 si
1510 4969 1637 5044 diceret,
1660 4967 1696 5029 in
1718 4967 1872 5030 communi
1892 4966 2057 5049 adoptione
2077 4965 2236 5031 inclusam

226 5053 331 5117 stilico
358 5056 386 5115 ct
414 5072 564 5115 curarum
593 5052 782 5119 acerbitates.
828 5054 941 5136 Quum
973 5078 1051 5140 ergo
1081 5055 1206 5120 Paulus
1256 5076 1321 5121 esse
1348 5055 1435 5136 apud
1461 5074 1495 5119 se
1514 5051 1708 5134 sinyrdmem
1728 5073 1804 5133 erpa
1825 5053 1950 5133 aliquos
1968 5053 2107 5136 oratiam
2127 5052 2236 5116 instar

227 5138 311 5205 citra
333 5137 579 5218 dubitationem,
603 5140 710 5204 Deum
735 5148 875 5206 externa
895 5141 1118 5207 bencdictione
1140 5151 1205 5207 tos-
1256 5142 1422 5207 sanctioris
1447 5139 1601 5216 timouri3
1627 5157 1681 5202 nec
1707 5138 1826 5202 obstare
1851 5158 2010 5204 mmmnne
2028 5138 2139 5221 foedus
2159 5157 2236 5218 qno·

227 5224 398 5303 deatum,
419 5232 582 5304 cerneret,
610 5247 710 5308 quam
730 5227 768 5290 iu
795 5249 899 5311 regno
920 5248 979 5294 suo
1005 5227 1205 5309 spiritualem
1255 5229 1364 5293 murus
1378 5226 1529 5308 manns
1549 5223 1608 5289 illa
1628 5224 1783 5288 cmnmuni
1802 5225 1912 5290 ordine
1936 5226 2131 5290 euimerdnr.
2175 5224 2236 5288 At·
