4672 5842
176 293 258 354 1041
485 293 594 359 nm.
617 256 679 359 rr.
722 292 786 358 nn
809 291 1045 358 manans
1068 287 1234 357 smnus
1257 289 1321 354 Ao
1345 288 1575 358 saturnu.
1620 289 1719 358 cnr.
1742 294 1857 360 nvn.
2099 301 2181 362 1042

174 483 321 557 ritatem,
348 502 472 562 pacem,
497 504 694 547 consensum
717 485 863 548 animare
885 505 945 548 nos
967 485 1151 547 inflamma-
1204 476 1378 561 discipulos
1406 479 1496 543 iubet
1523 481 1720 545 manducare
1756 491 1853 565 atquc
1881 484 1945 549 illis
1974 487 2117 567 corporis
2147 496 2180 553 et

173 588 274 648 reque
293 575 411 649 posset.
457 568 542 631 Nam
562 569 608 633 sic
627 590 724 632 suum
741 569 809 633 illic
827 592 943 652 corpus
966 568 1060 634 nobis
1081 569 1150 632 Do·
1190 567 1372 649 sanguinis
1411 567 1461 629 sui
1499 567 1828 632 communicationem
1865 570 2045 651 pollicetur.
2108 573 2178 639 Nec

172 653 282 718 minus
301 654 528 732 communicat,
553 661 591 717 ut
613 677 716 718 unum
734 676 869 737 prorsus
891 655 1060 719 nobiscum
1082 656 1149 732 fiat,
1203 650 1303 715 alium
1322 651 1469 716 ordinem
1488 652 1581 716 docet
1599 654 1732 731 Paulus,
1752 676 1850 736 quam
1862 666 1899 719 ιιι
1918 679 1984 720 una
2002 679 2076 721 cunr
2094 680 2178 739 pane

171 759 296 820 nosque
324 761 401 806 cum
422 740 487 804 illo.
537 741 655 817 Porro,
684 762 785 823 quum
817 742 954 812 nonnisi,
975 762 1079 804 unum
1102 741 1149 804 illi
1202 743 1236 798 et
1257 737 1355 802 calice
1382 739 1613 820 promissiones
1642 739 1793 805 fidelibus
1824 742 2012 806 offerantur.
2057 744 2111 808 Ita
2128 751 2179 810 est

171 845 290 905 corpus
313 825 364 902 sit,
388 827 482 890 cuius
500 848 559 890 nos
577 848 690 890 omnes
711 828 886 909 participes
907 827 994 903 facit,
1017 848 1149 891 necesse
1202 843 1290 888 sane.
1343 823 1420 887 Non
1455 824 1506 888 hic
1537 826 1699 906 magicam
1740 826 1882 909 aliquam
1920 829 2177 905 incantationem

171 917 223 975 est
245 918 277 974 et
295 933 353 974 nos
373 932 486 976 omncs
504 934 606 975 unum
628 933 745 995 corpus
765 912 951 976 huiusmodi
972 911 1148 995 participa·
1201 907 1373 991 imaginari
1403 931 1461 974 nos
1489 909 1595 988 decet,
1619 919 1656 974 ut
1677 911 1758 976 satis
1787 913 1830 975 sit
1859 913 1960 978 verba
1988 914 2177 980 demmmu-

170 997 260 1060 tione
283 997 362 1061 fieri.
409 995 517 1078 Quam
540 999 701 1062 unitatem
727 1007 953 1080 repraesentat
974 998 1070 1081 panis
1092 999 1148 1079 qui
1200 1015 1305 1072 rasse,
1333 996 1426 1076 quasi
1455 997 1495 1059 ab
1524 996 1694 1061 elementis
1728 998 1963 1077 exaudiantur;
1997 999 2052 1064 sed
2075 1002 2177 1067 verba

170 1083 207 1145 in
229 1091 433 1147 sacramento
456 1082 638 1160 exhibetur,
657 1085 825 1166 qui'vclut
843 1105 884 1148 er
902 1084 1015 1148 multis
1033 1085 1147 1167 granis
1199 1079 1257 1142 illa
1278 1081 1389 1145 vivam
1416 1081 1693 1163 praedicationem
1727 1104 1796 1147 esse
1824 1085 2067 1168 intelligamus,
2091 1109 2175 1170 quae

170 1169 336 1233 confectus
358 1175 417 1245 est,
442 1169 488 1234 sic
510 1170 597 1232 inter
619 1192 653 1234 se
676 1171 862 1235 commixtis
883 1190 925 1233 ne
948 1171 1087 1234 alterum
1106 1170 1147 1234 ab
1201 1165 1364 1231 auditores
1392 1166 1553 1245 aedificet,
1590 1189 1673 1249 quae
1701 1171 1790 1234 intus
1823 1179 1971 1251 penetret
1997 1173 2033 1236 in
2061 1194 2175 1237 eorum

170 1254 274 1317 altero
310 1254 494 1320 discernere
533 1255 643 1319 liceat:
672 1257 707 1319 in
735 1257 825 1321 hunc
858 1255 991 1320 modum
1021 1262 1054 1319 et
1086 1277 1146 1320 nos
1200 1253 1334 1330 animos,
1358 1274 1440 1334 quae
1463 1253 1612 1318 cordibus
1629 1254 1838 1336 imprimatur
1860 1276 1896 1322 ac
1918 1257 2068 1336 insideat,
2092 1280 2175 1341 quae

169 1347 263 1404 tanta
275 1341 461 1404 animorum
478 1341 692 1405 consensione
711 1341 901 1407 coniunctos
919 1361 1146 1423 connexosque
1199 1338 1375 1402 efficaciam
1394 1340 1428 1402 in
1446 1339 1681 1421 complemento
1701 1343 1770 1405 eius
1793 1339 1879 1424 quod
1897 1345 2058 1425 promittit
2080 1366 2173 1409 erse-

169 1447 241 1490 esse
264 1426 364 1502 decet,
383 1426 522 1508 nequid
545 1426 669 1491 dissidii
687 1435 744 1490 aut
764 1427 934 1494 divisionis
951 1427 1144 1492 intercedat.
1198 1432 1257 1486 rat.
1298 1424 1363 1488 His
1384 1424 1567 1489 rationibus
1588 1426 1675 1491 clare
1691 1433 1791 1509 patet,
1811 1429 2043 1509 repositionem
2065 1452 2173 1496 sacra-

168 1511 210 1576 Id
230 1512 327 1576 Pauli
349 1513 458 1578 verbis
481 1513 513 1596 (l
535 1511 608 1577 Cor.
631 1517 678 1590 10,
706 1511 759 1597 16)
783 1514 939 1595 explicari
960 1515 1061 1578 malo:
1091 1534 1145 1578 ca·
1197 1511 1310 1588 menti,
1332 1531 1442 1593 quam*
1455 1511 1603 1575 nonnulli
1630 1520 1750 1596 urgent
1771 1523 1808 1578 ut
1829 1516 1972 1597 aegrotis
1998 1523 2093 1580 extra
2120 1539 2173 1581 or·

168 1597 225 1675 lix,
244 1598 360 1679 inquit,
379 1597 622 1677 benedictionis,
644 1599 696 1663 cui
714 1599 944 1679 benedicimus,
963 1599 1144 1666 communi-
1197 1593 1307 1659 dinem
1330 1595 1556 1674 distribuatur,
1585 1599 1739 1662 inutilem
1767 1621 1845 1666 osse.
1891 1601 1962 1664 Aut
1991 1602 2081 1665 enim
2102 1604 2173 1669 sine

167 1684 254 1749 catio
282 1691 332 1748 est
358 1684 527 1767 sauguinis
555 1682 681 1749 Christi
688 1708 696 1762 ;
726 1692 759 1748 et
784 1687 879 1768 panis
908 1685 1144 1751 benedictionis
1196 1682 1386 1746 recitatione
1415 1683 1630 1748 institutionis
1653 1683 1778 1750 Christi
1799 1686 1972 1769 accipient,
1997 1695 2053 1751 aut
2074 1689 2172 1752 mini·

168 1790 267 1851 quem
298 1770 494 1853 frangimus,
525 1771 730 1852 participatio
759 1778 809 1835 est
836 1773 979 1854 eorporis
1007 1771 1142 1837 Christi.
1197 1772 1264 1830 ster
1285 1789 1353 1832 una
1374 1790 1448 1832 cum
1476 1768 1570 1852 signo
1597 1790 1711 1834 veram
1739 1773 1889 1855 mysterii
1920 1772 2171 1855 explicationem

166 1855 284 1936 Itaque
305 1876 408 1919 unum
431 1877 546 1938 corpus
568 1877 681 1920 sumus
698 1878 820 1935 omnes,
840 1858 896 1939 qui
916 1857 955 1921 de
977 1879 1041 1922 uno
1059 1879 1143 1939 pane
1196 1854 1382 1935 coniungat.
1433 1854 1474 1918 In
1504 1855 1633 1920 silentio
1661 1864 1711 1921 est
1744 1858 1865 1923 abusus
1892 1879 1929 1923 ac
1957 1858 2082 1923 vitium.
2131 1856 2172 1924 Si

166 1941 409 2022 participamus.
454 1942 627 2007 Praeclare
648 1963 727 2006 vero
750 1943 785 2005 in
808 1951 1013 2008 sacramento
1036 1944 1143 2026 profe-
1196 1939 1382 2010 referuntur
1402 1942 1633 2023 promissiones
1655 1948 1689 2006 et
1710 1945 1904 2025 mysterium
1926 1950 2110 2024 enarratur,
2132 1952 2171 2009 ut

166 2028 316 2103 cerimus,
329 2028 356 2093 si
375 2027 780 2111 impressa-insculptaque
798 2030 917 2094 animis
935 2031 1055 2095 nostris
1073 2030 1142 2094 fue-
1195 2046 1271 2089 cum
1296 2026 1404 2090 fructu
1432 2027 1590 2109 recipiant
1618 2029 1673 2109 qui
1704 2031 1867 2111 recepturi
1900 2037 1991 2109 sunt,
2020 2050 2088 2093 non
2121 2037 2172 2095 est

165 2112 211 2175 rit
231 2112 311 2177 haec
333 2112 495 2195 cogitatio,
518 2133 585 2176 non
607 2135 702 2195 posse
724 2115 859 2180 anobis
882 2136 1079 2198 quemquam
1101 2138 1143 2179 ex
1195 2109 1282 2192 quod
1309 2110 1494 2177 dubitemus
1523 2113 1608 2179 hanc
1635 2135 1706 2178 esse
1732 2137 1845 2179 veram
1881 2117 2166 2181 consecrationem.

164 2197 320 2262 fratribus
353 2197 453 2277 laedi,
487 2201 668 2277 contemni,
691 2202 800 2278 retici,
827 2202 960 2281 violari,
991 2211 1047 2265 aut
1074 2201 1142 2265 ullo
1195 2193 1361 2276 Quorsum
1381 2199 1483 2281 igitur
1504 2198 1622 2263 evadet
1642 2200 1754 2279 altera
1777 2202 1870 2266 cuius
1892 2203 1942 2266 vis
1959 2201 2002 2266 ad
2021 2210 2170 2285 aegrotos

164 2283 260 2347 modo
282 2284 413 2361 offendi,
436 2285 517 2366 quin
538 2286 636 2349 simul
653 2286 690 2349 in
708 2306 746 2350 co
770 2285 942 2353 Christum
964 2287 1140 2366 laedamus,
1195 2304 1297 2364 usque
1330 2305 1397 2347 non
1427 2284 1599 2367 pervenit?
1650 2285 1718 2350 Sed
1746 2288 1835 2351 enim
1862 2289 1918 2370 qui
1954 2288 2000 2352 sic
2032 2288 2166 2369 faciunt,

162 2390 364 2450 spernamus,
386 2370 536 2434 videmus
562 2373 678 2436 icastris
703 2373 852 2454 traiecta,-
872 2395 938 2436 non
966 2395 1060 2456 posse
1081 2394 1142 2438 nos
1194 2368 1318 2433 habent
1339 2371 1459 2434 veteris
1481 2370 1635 2436 ccclesiae
1657 2372 1854 2454 exemplum.
1898 2374 2035 2452 Fateor;
2053 2395 2172 2439 verum

163 2475 184 2518 a
205 2456 360 2521 fratribus
382 2455 550 2536 dissidere,
570 2458 652 2540 quin
674 2458 772 2522 simul
794 2481 814 2522 a
835 2458 968 2524 Christo
986 2459 1141 2524 dissidea-
1193 2454 1228 2517 in
1251 2475 1287 2518 re
1310 2462 1410 2531 tanta,
1434 2457 1522 2520 etin
1544 2478 1608 2538 qua
1630 2479 1696 2521 non
1714 2459 1785 2523 sine
1808 2480 1928 2543 magno
1951 2459 2096 2541 periculo
2118 2482 2171 2524 er-

162 2562 250 2621 mus3
279 2540 450 2607 Christum
473 2543 606 2608 anobis
628 2543 722 2628 diligi
748 2566 814 2608 non
832 2567 940 2628 posse,
964 2546 1044 2626 quin
1067 2545 1141 2608 dili·
1192 2547 1295 2620 ratur,
1319 2541 1405 2605 nihil
1426 2541 1532 2606 tutius
1554 2549 1604 2607 est
1626 2564 1723 2626 quam
1744 2545 1850 2627 ipsam
1872 2545 2046 2610 veritatem
2068 2546 2168 2627 sequi
2262 2604 2264 2608 .

163 2636 261 2710 gatur
288 2628 324 2691 in
352 2628 527 2708 fratribus3
556 2629 687 2711 qualem
713 2632 856 2712 corporis
889 2632 992 2696 nostri
1028 2651 1141 2696 curam
1279 2631 1330 2690 40.
1368 2628 1483 2706 Porro,
1503 2629 1777 2710 quemadmodum
1795 2653 1925 2696 sacrum
1943 2630 2031 2695 hunc
2050 2651 2170 2713 panem

162 2715 316 2795 gerimus,
336 2714 436 2778 talem
454 2714 592 2778 fratrum
610 2736 737 2799 quoque
755 2716 942 2800 gerendam,
961 2718 1019 2799 qni
1036 2739 1140 2781 mem·
1192 2733 1311 2778 coenae
1329 2713 1467 2778 Domini
1484 2714 1689 2797 spiritualem
1707 2737 1777 2781 esse
1789 2715 1898 2781 cibum
1915 2715 2074 2794 videmus,
2093 2739 2170 2781 sua·

161 2798 220 2864 bra
248 2808 328 2865 sunt
355 2801 501 2882 corporis
537 2802 640 2865 nostri
652 2825 661 2880 3
691 2802 851 2884 quomodo
878 2801 970 2867 hulla
997 2805 1139 2886 corporis
1191 2819 1267 2862 vem
1281 2807 1327 2863 ‘ac
1349 2799 1525 2865 delicatum
1547 2821 1609 2865 acu
1631 2802 1737 2865 minas
1758 2823 1854 2884 qaam
1882 2801 2084 2882 salutiferam
2098 2803 2186 2884 piis.

161 2886 266 2948 nostri
287 2906 365 2967 pars
388 2886 494 2967 aliquo
523 2887 643 2952 doloris
672 2909 771 2953 sensu
799 2890 963 2972 tangitur,
986 2890 1044 2971 qui
1071 2911 1139 2953 non
1190 2883 1255 2949 Dei
1276 2883 1457 2964 θοίίονοόαο,
1480 2887 1570 2950 atus
1596 2889 1846 2969 patescerent
1872 2887 2045 2953 Christum
2071 2909 2167 2953 snam
2287 2963 2290 2970 ¹

163 2971 199 3033 in
222 2971 303 3035 alias
325 2992 439 3036 omnes
467 2970 692 3053 diffundatur,
715 2973 764 3038 ita
784 2996 851 3038 non
872 2975 1045 3040 ferendum
1068 2996 1138 3040 esse
1191 2991 1262 3036 esse
1284 2971 1396 3047 vitam,
1415 2992 1497 3052 quos
1518 2970 1560 3036 ad
1582 2974 1764 3055 gratiarum
1782 2974 1945 3039 actionem
1967 2973 2072 3056 erigit,
2095 2973 2167 3054 qui·

162 3056 298 3120 tratrem
326 3057 413 3120 malo
442 3057 551 3140 aliquo
575 3059 676 3138 affici,
706 3060 799 3125 cuius
820 3080 888 3124 non
911 3068 944 3124 et
964 3061 1028 3143 ipsi
1050 3082 1137 3126 com·
1190 3056 1252 3121 bus
1275 3056 1318 3121 ad
1344 3064 1494 3122 mutuam
1522 3059 1610 3121 inter
1632 3079 1667 3123 se
1689 3061 1863 3125 caritatem
1895 3059 2080 3124 exhortatio
2108 3065 2167 3138 est,
2205 3140 2207 3145 Ι

162 3141 313 3223 passione
335 3149 522 3226 tangamur.
556 3140 781 3225 Quamobrem
804 3168 872 3210 non
892 3147 950 3211 abs
968 3167 1004 3210 re
1020 3147 1136 3229 Augus
1190 3142 1238 3206 ita
1260 3163 1392 3207 rursum
1413 3144 1447 3208 in
1466 3145 1736 3218 nocentissimum
1749 3167 1915 3211 venenum
1930 3145 2168 3211 omnibusver-

163 3227 270 3292 stinus
304 3229 401 3292 toties
443 3238 685 3295 sacramentum
719 3231 781 3296 hoc
816 3232 959 3316 appellat
992 3234 1137 3298 caritatis
1191 3228 1272 3292 titur
1294 3250 1432 3311 quorum
1454 3228 1554 3296 fidem
1575 3250 1641 3294 non
1663 3231 1954 3313 alternaturam,
1973 3238 2104 3312 etquos
2126 3229 2169 3293 ad

161 3313 340 3377 vinculum.
394 3312 477 3394 Quis
510 3317 598 3380 enim
634 3318 740 3382 aanor
774 3317 942 3383 admoveri
985 3318 1136 3383 stimulus
1189 3315 1425 3379 confessionem
1446 3315 1552 3380 laudis
1574 3316 1808 3400 caritatemque
1832 3339 1899 3381 non
1917 3317 2047 3381 excitat.
2091 3315 2168 3379 Non
2251 3338 2258 3352 ²
2327 3303 2334 3319 ’

152 3405 289 3480 ¹poterat
310 3399 352 3463 ad
374 3401 581 3466 excitandam
603 3401 755 3481 mutuam
772 3404 859 3469 inter
876 3426 937 3470 nos
954 3405 1135 3483 caritatem,
1190 3401 1279 3464 enim
1300 3400 1395 3465 aliter
1417 3421 1454 3467 ac
1476 3401 1568 3466 cibus
1590 3402 1781 3484 corporalis,
1811 3404 1866 3468 ubi
1894 3409 2042 3468 ventrem
2064 3401 2167 3465 offen-

162 3504 261 3565 quam
288 3484 368 3549 dum
395 3485 550 3554 Christus
579 3509 615 3554 so
641 3490 751 3572 ipsum
777 3491 872 3556 nobis
900 3490 1039 3569 donans,
1071 3512 1136 3554 non
1189 3486 1238 3550 dit
1258 3486 1385 3551 vitiosis
1407 3486 1600 3553 humoribus
1619 3495 1820 3571 occupatum,
1841 3490 1910 3571 ipse
1928 3509 2054 3571 quoque
2071 3486 2168 3552 vitia-

161 3569 259 3633 modo
280 3591 339 3635 suo
367 3592 427 3636 nos
454 3573 619 3658 exemplo,
641 3581 680 3640 ιιι
701 3574 785 3640 alter
811 3577 907 3640 alteri
934 3597 995 3641 nos
1022 3584 1136 3640 mutuo
1189 3580 1242 3636 tus
1270 3578 1304 3638 et
1332 3581 1506 3655 corruptus
1539 3581 1635 3639 nocet
1668 3575 1774 3660 magis
1800 3595 1899 3658 qnam
1926 3575 2046 3653 nutrit,
2075 3572 2167 3638 cibus

162 3654 381 3721 devoveamus
403 3677 440 3722 ac
462 3657 640 3740 tradamus,
655 3661 801 3742 ‚invitat;
828 3662 885 3727 sed
912 3668 1073 3745 quatenus
1102 3684 1136 3726 se
1189 3660 1288 3722 etiam
1307 3658 1361 3723 hic
1383 3659 1572 3740 spiritualis,
1596 3659 1682 3724 si‘in
1700 3661 1844 3726 animam
1865 3659 2022 3728 inciderit
2039 3657 2165 3721 malitia

160 3741 239 3807 lacit
260 3742 408 3806 omnium
429 3764 645 3827 communem,
666 3767 727 3812 nos
748 3768 875 3833 quoque
898 3769 1012 3813 omnes
1033 3770 1137 3812 unum
1188 3745 1398 3826 nequitiaque
1415 3745 1582 3828 pollutam,
1601 3747 1723 3811 maiore
1739 3747 1830 3810 illam
1847 3747 1945 3810 ruina
1961 3742 2162 3826 praecipitat.

159 3829 196 3891 in
219 3829 347 3911 seipso
370 3830 563 3895 essefacit.*
755 3848 759 3856 ’
1052 3884 1060 3902 .
1189 3830 1266 3895 Νοιι
1287 3850 1347 3895 suo
1364 3830 1399 3895 id
1420 3830 1552 3912 quidem
1573 3833 1670 3910 vitio,
1694 3832 1751 3896 sed
1778 3832 1855 3913 quia
1882 3829 2016 3912 pollutis
2035 3834 2067 3890 et
2087 3826 2163 3890 infi-

248 3917 298 3977 39.
330 3914 421 3979 Hinc
443 3922 553 3981 autem
575 3918 697 3999 optime
714 3920 932 3986 confirmatur
949 3919 1037 4001 quod
1058 3920 1137 3985 alibi
1189 3915 1315 3982 delibus
1332 3916 1417 3980 nihil
1434 3926 1485 3981 est
1500 3917 1753 3999 mundumss'it.
1769 3921 1795 3995 1,
1811 3912 2066 3998 15),qua1nlibet
2083 3912 2163 3981 alio·

161 3999 238 4077 dixi,
258 4007 383 4065 rectam
400 4005 596 4068 sacramenti
614 4003 1004 4072 administrationemnon
1022 4005 1137 4088 absque
1189 4003 1247 4086 qui
1274 4002 1514 4068 sanctificatum
1535 4002 1671 4065 Domini
1706 4001 1939 4066 benedictione.
1990 3999 2092 4078 Nam,
2125 4007 2164 4065 ut

160 4085 260 4151 verbo
287 4092 434 4169 coaswre.
485 4085 715 4171 Quaecunque
732 4093 821 4156 enim
849 4115 897 4158 ex·
912 4112 1013 4158 coena
1042 4094 1136 4159 nobis
1188 4092 1237 4154 ait
1255 4091 1381 4155 Paulus
1404 4089 1436 4171 (l
1458 4086 1531 4152 Cor.
1554 4091 1607 4164 ll,
1626 4086 1699 4171 29),
1721 4088 1778 4169 qui
1799 4086 1934 4170 indigne
1964 4086 2166 4151 manducant

160 4174 312 4254 provenit
334 4173 470 4251 utilitas,
492 4173 630 4238 verbum
652 4177 804 4258 requirit;
826 4179 895 4245 sive
917 4179 1038 4244 infide
1059 4202 1136 4245 con·
1188 4183 1223 4241 et
1243 4175 1375 4252 bibunt,
1404 4175 1451 4236 rei
1481 4179 1560 4237 sunt
1587 4173 1731 4255 corporis
1759 4180 1793 4236 et
1819 4172 1990 4255 sanguinis
2017 4173 2162 4250 Domini,

161 4258 313 4322 firmandi
336 4281 464 4336 sumus,
488 4259 557 4324 sive
578 4261 613 4324 in
634 4262 833 4327 confessione
860 4266 1043 4343 exercendi,
1067 4267 1136 4330 sive
1187 4262 1408 4340 iudiciumque
1430 4257 1492 4322 sibi
1523 4259 1725 4324 manducant
1746 4266 1779 4323 et
1799 4258 1932 4338 bibunt,
1955 4279 2023 4322 non
2045 4256 2164 4322 diiudi-

162 4344 326 4410 excitandi
349 4343 392 4410 ad
413 4345 566 4423 officium,
588 4345 828 4428 praedicatione
848 4372 929 4432 opus
952 4362 1009 4416 est.
1043 4351 1138 4415 Nihil
1189 4355 1299 4415 cantes
1321 4366 1438 4426 corpus
1459 4343 1605 4408 Domini.
1650 4345 1730 4409 Tale
1751 4345 1841 4410 enim
1857 4346 2030 4410 hominum
2048 4363 2163 4428 genus,

163 4449 240 4514 ergo
258 4432 363 4515 magis
381 4442 627 4514 praeposterum
644 4432 717 4497 fieri
734 4433 771 4496 in
788 4454 888 4500 coena
904 4443 1019 4518 potest,
1037 4458 1136 4518 quam
1188 4432 1276 4517 quod
1298 4432 1368 4496 sine
1389 4431 1458 4495 ulla
1478 4430 1556 4494 fidei
1578 4431 1731 4510 scintilla,
1752 4432 1823 4497 sine
1840 4431 1908 4496 ullo
1926 4430 2071 4496 cantatis
2093 4437 2162 4495 stu·

162 4517 192 4579 si
213 4526 361 4582 vertatur
382 4519 418 4581 in
441 4525 567 4582 mutam
590 4518 759 4597 actionem,
778 4520 866 4600 quod
883 4523 944 4587 sub
961 4543 1065 4605 papae
1084 4529 1156 4605 ty„
1189 4521 1252 4598 dio,
1275 4518 1316 4583 ad
1338 4517 1562 4600 usurpandam
1589 4539 1726 4583 coenam
1754 4518 1890 4582 Domini
1917 4518 2022 4583 instar
2049 4537 2162 4598 porco·

163 4599 301 4674 rannide
320 4604 445 4669 factum
467 4610 524 4667 est.
570 4604 688 4667 Totam
704 4604 866 4685 siquidem
883 4608 951 4672 vim
968 4628 1136 4672 eonsecra-
1188 4627 1264 4670 rum
1287 4627 1321 4670 se
1343 4606 1493 4687 proripit,
1523 4605 1659 4669 minime
1688 4604 1845 4670 discernit
1873 4624 1989 4685 corpus
2017 4601 2160 4689 Domini

163 4687 263 4750 tionis
295 4709 316 4751 a
347 4689 525 4755 sacerdotis
557 4689 739 4754 intentione
777 4692 920 4773 pendere
951 4695 1135 4773 voluerunt,
1188 4692 1275 4755 Nam
1302 4699 1464 4773 quatenus
1487 4711 1603 4772 corpus
1631 4690 1714 4755 illud
1742 4712 1837 4755 suam
1866 4711 1936 4755 esse
1964 4690 2065 4754 vitam
2093 4708 2162 4751 non

163 4772 256 4854 quasi
278 4772 339 4837 hoc
359 4776 441 4839 nihil
463 4776 505 4841 ad
528 4776 686 4859 populum
710 4777 905 4857 pertineret,
934 4780 987 4844 cui
1013 4787 1136 4863 myste·
1189 4778 1336 4856 credunt,
1370 4797 1434 4860 qua
1467 4784 1603 4858 possunt
1634 4777 1832 4842 contumelia
1863 4776 1972 4859 ipsum
2005 4773 2161 4853 afficiunt,

163 4859 252 4922 rium
273 4859 414 4923 maxime
436 4863 592 4946 explicari
609 4868 806 4945 oportuerat
849 4864 932 4929 Inde
950 4873 1060 4929 autem
1077 4887 1137 4930 na-
1189 4864 1279 4929 omni
1301 4884 1361 4928 sua
1388 4861 1548 4947 dignitate
1571 4863 1761 4945 spoliantes;
1785 4885 1823 4928 ac
1852 4862 1984 4927 demum
2010 4861 2057 4923 sie
2078 4860 2161 4925 acci-

164 4953 219 5007 tus
232 4950 282 5007 cst
300 4943 354 5007 hic
371 4966 471 5024 error,
489 4949 575 5030 quod
593 4971 660 5013 non
672 4949 890 5015 observabant
906 4951 1137 5033 promissiones
1188 4949 1308 5035 piendo
1335 4950 1511 5032 profanant
1538 4956 1571 5012 et
1598 4949 1832 5013 contaminant
1885 4946 2056 5027 Quatenus
2084 4967 2162 5011 vero

164 5030 236 5094 illas
259 5028 377 5112 quibus
398 5034 569 5099 conficitur
589 5035 798 5111 consecratio,
823 5058 890 5101 non
912 5036 953 5101 ad
975 5038 1138 5103 elementa
1189 5036 1322 5102 alienati
1345 5059 1365 5100 a
1386 5035 1541 5099 iratribus
1564 5056 1601 5098 ac
1629 5032 1831 5112 dissidentes,
1861 5054 1991 5097 sacrum
2017 5032 2162 5114 corporis
2200 5097 2203 5107 ,

163 5117 243 5199 ipsa,
267 5115 324 5181 sed
342 5115 383 5179 ad
401 5121 530 5200 eosqui
546 5122 717 5205 recipiunt,
736 5122 903 5190 destinari
948 5125 1049 5208 Atqui
1070 5145 1138 5188 non
1190 5122 1316 5188 Christi
1349 5121 1534 5206 symbolum
1566 5140 1642 5184 cum
1669 5120 1737 5184 suis
1770 5119 1913 5185 dissidiis
1951 5119 2162 5185 commiscere

164 5223 284 5285 panem
306 5201 491 5292 alloquitur·
501 5203 664 5288 Christus,
686 5215 724 5274 ιιι
742 5230 860 5294 corpus
877 5232 975 5276 suum
991 5211 1063 5290 fiat;
1081 5209 1139 5276 sed
1190 5209 1321 5284 audent,
1344 5228 1410 5269 uon
1432 5215 1499 5271 stat
1525 5227 1585 5288 per
1606 5227 1661 5273 eos
1688 5206 1862 5290 quominus
1891 5205 2016 5271 Christi
2043 5224 2163 5290 corpus

234 5301 348 5360 want
364 5319 461 5375 epora.
497 5306 557 5362 Vol.
571 5307 616 5364 11.
1042 5301 1043 5304 ’
1923 5307 1957 5362 66
