4672 5842
76 336 139 397 461

77 525 159 601 tiae,
186 522 368 604 baptizasse
393 543 478 603 aqua
499 523 534 584 in
556 523 799 603 poenitentiam.
846 521 937 603 Quos
959 526 1061 607 igitur

77 609 288 691 baptizasset,
316 608 380 671 nisi
409 609 464 689 qui
492 630 527 672 se
552 616 739 692 peccatores
768 610 906 674 confessi
929 609 1059 674 essent?

77 696 272 777 Baptismus
290 694 475 777 symbolum
498 704 549 758 est
569 696 768 760 remissionis
790 705 1005 777 pcccatorum,
1028 704 1062 760 et

77 782 134 864 qui
156 780 198 844 ad
217 780 278 844 hoc
297 780 483 864 symbolum
501 779 760 858 admitterentur,
783 782 848 846 nisi
866 791 1060 864 peccatores,

78 866 187 948 etqui
206 865 340 930 setulas
358 866 562 948 agnoscunt?
591 867 841 932 Confitebantur
858 870 968 951 itaque
987 891 1061 951 peo-

79 960 154 1018 cata
171 973 239 1028 sua,
262 960 300 1015 ut
318 950 570 1033 baptizarentur.
608 954 677 1018 Nec
700 955 770 1017 sine
788 975 887 1018 causa
904 957 1062 1036 praecipit

79 1038 218 1103 Iacobus
231 1047 267 1101 ut
278 1037 333 1101 alii
346 1038 418 1100 aliis
433 1041 654 1103 confiteamur.
675 1040 801 1104 Verum
816 1041 843 1104 si
856 1041 1061 1106 animadver-

79 1131 188 1188 terent
212 1123 298 1205 quod
321 1125 469 1204 proxime
494 1127 656 1207 sequitur,
680 1126 915 1208 intelligerent,
944 1148 1061 1209 parum

79 1213 179 1276 etiam
209 1209 270 1273 hoc
293 1208 352 1273 sibi
375 1211 558 1294 suflragari.
589 1210 812 1288 confitemini,
837 1212 959 1295 inquit,
979 1213 1063 1276 alter

80 1297 176 1361 alteri
197 1302 331 1377 peccata
343 1303 463 1374 vestra,
483 1304 516 1361 et
533 1306 623 1362 orate
641 1319 700 1379 pro
722 1299 871 1362 invicem.
908 1300 1062 1363 Mutuum

80 1381 317 1448 confessionem
336 1389 370 1444 et
387 1391 536 1446 mutuam
556 1385 735 1448 orationem
755 1384 852 1448 simul
875 1385 992 1467 iungit.
1024 1383 1062 1448 si

81 1468 159 1533 solis
176 1467 368 1531 sacrificulis
387 1469 607 1532 confitendum
620 1479 679 1547 est,
699 1491 776 1552 crgo
790 1479 823 1533 et
836 1491 894 1551 pro
908 1471 972 1535 illis
981 1471 1062 1539 solis

80 1553 251 1618 orandum.
298 1551 402 1632 Quid,
425 1555 512 1636 quod
533 1566 724 1637 sequeretur
746 1577 787 1618 ex
810 1556 919 1620 verbis
941 1555 1060 1634 iacobi,

80 1641 166 1704 solos
190 1638 387 1702 sacrificulos
406 1642 554 1704 confiteri
571 1642 686 1722 posse?
711 1641 971 1723 siquidom'dum
990 1642 1062 1707 vult

79 1734 119 1790 ut-
139 1734 256 1788 mutuo
279 1726 501 1802 confiteamur,
525 1748 579 1791 eos
602 1727 686 1792 solos
708 1727 884 1808 alloquitur
905 1730 960 1809 qui
983 1729 1061 1793 alio-

80 1834 154 1876 rum
173 1811 411 1876 confessionem
434 1812 548 1876 andire
566 1814 706 1895 possint:
730 1812 885 1892 ἀλλήλους,
899 1813 923 1898 ¹)
945 1815 1060 1895 inquit,

12 1917 14 1921 ·
79 1906 211 1972 mutuo,
235 1897 391 1975 invicem,
414 1898 575 1975 vicissim,
598 1908 655 1963 aut
677 1900 704 1962 si
726 1900 862 1977 malunt,
889 1901 1059 1983 reciproce.

80 1982 241 2048 Confiteri
270 1990 381 2045 autem
408 1986 572 2067 reciproce
600 1994 778 2067 nequeunt,
809 1986 874 2050 nisi
901 1988 955 2069 qui
984 1993 1063 2050 sunt

81 2067 254 2134 audiendis
282 2069 538 2134 confessionibus
567 2071 684 2134 idonei.
730 2070 805 2151 Qua
833 2072 1062 2155 praerogativa

80 2152 209 2237 quando
230 2153 316 2218 solos
335 2156 534 2221 sacrificulos
553 2158 741 2240 dignantur,
760 2179 820 2222 nos
840 2180 966 2240 quoque
984 2180 1061 2223 con-

79 2240 196 2306 fitendi
226 2261 350 2303 munus
377 2241 418 2305 ad
447 2264 502 2306 eos
530 2244 615 2307 solos
639 2244 838 2326 ablegamus.
883 2245 1062 2308 Facessant

79 2327 182 2410 igitur
204 2327 267 2389 hoo
285 2348 388 2408 genus
409 2340 620 2411 nugamenta,
645 2339 677 2393 et
694 2331 800 2411 ipsam
818 2331 955 2411 apostoli
973 2352 1062 2394 men-

80 2420 149 2476 tem
171 2413 380 2494 accipiamus,
404 2435 487 2495 quae
510 2415 649 2497 simplex
673 2424 723 2480 est
745 2423 778 2478 et
800 2426 920 2497 aperta,
944 2437 1061 2497 nempe

81 2506 121 2562 ut
153 2509 281 2562 nostras
313 2499 530 2565 infirmitates
559 2502 702 2566 vicissim
742 2502 825 2565 alter
857 2503 892 2565 in
926 2503 1061 2566 alterius

81 2585 193 2647 sinum
205 2583 414 2666 deponamus,
438 2595 591 2650 mutuum
608 2588 787 2664 consilium,
806 2602 955 2651 mutuam
974 2609 1061 2652 com-

79 2671 279 2755 passionem,
308 2681 459 2734 mutuam
482 2674 649 2736 internos
671 2674 926 2738 consolationem
948 2695 1060 2756 accep-

81 2757 155 2820 turi.
190 2755 320 2820 Deinde
342 2764 380 2820 ut
400 2758 555 2822 fraternis
576 2759 823 2824 infirmitatibus
845 2769 961 2823 mutuo
984 2781 1061 2826 eon·

80 2843 139 2908 scii
161 2863 220 2924 pro
242 2842 308 2905 illis
331 2842 372 2906 ad
390 2843 573 2908 Dominum
596 2866 735 2909 oremus.
770 2845 859 2926 Quia
883 2866 960 2928 ergo
983 2868 1060 2911 eon-

79 2935 134 2991 tra
154 2948 213 2992 nos
232 2928 388 2992 iacobum
410 2931 529 3007 citant,
552 2931 609 3012 qui
631 2938 801 3014 tantopere
823 2933 1060 2997 confessionem

79 3013 323 3078 misericordiae
351 3015 416 3079 Dei
443 3010 638 3100 urgemnsf'
668 3017 827 3082 Confiteri
859 3027 969 3083 autom
995 3019 1061 3083 Dei

79 3099 337 3165 misericordiam
354 3122 451 3166 nemo
472 3112 580 3184 potest
592 3104 655 3167 nisi
674 3105 840 3169 miseriam
858 3126 951 3169 suam
970 3105 1060 3186 prius

80 3188 254 3251 confessus.
301 3185 392 3266 Quin
424 3190 532 3269 potius
565 3191 742 3254 anathema
769 3213 840 3256 esse
868 3192 1059 3273 pronuntia·

78 3293 168 3351 mus,
195 3273 379 3355 quicunque
406 3294 473 3337 non
496 3297 530 3339 se
553 3297 662 3341 coram
682 3278 771 3355 Deo,
802 3298 912 3341 eoram
935 3277 1060 3359 angelis

78 3359 160 3433 eius,
184 3377 293 3422 eoram
314 3358 459 3439 eeclesia,
488 3382 599 3426 coram
618 3362 769 3426 omnibus
792 3363 932 3450 denique
954 3363 1059 3426 homi-

77 3443 178 3508 nibus
210 3451 414 3523 peccatorem
453 3448 621 3512 confessus
652 3449 761 3514 fuerit.
817 3449 938 3514 Omnia
971 3451 1059 3513 enim

78 3527 241 3592 conclusit
261 3529 428 3595 Dominus
453 3533 513 3596 sub
542 3542 728 3616 peccatum,
757 3543 797 3598 ut
822 3557 920 3599 omne
942 3557 977 3600 os
1003 3537 1059 3601 ob-

79 3620 237 3691 struatur,
261 3620 294 3677 et
315 3615 507 3681 humilietur
524 3622 631 3684 omnis
649 3641 723 3684 earo
741 3643 849 3687 coram
863 3622 949 3701 Deo;
973 3622 1060 3687 solus

79 3707 192 3764 autem
225 3700 295 3782 ipse
326 3701 521 3769 iustificetur
554 3714 587 3770 et
619 3707 783 3772 exaltetur
816 3707 906 3793 (Gal.
938 3714 973 3786 3,
1004 3712 1059 3788 223

78 3787 175 3851 Rom.
197 3789 225 3864 3,
246 3790 265 3849 9
289 3793 322 3850 ct
343 3788 406 3870 19).

166 3876 194 3936 7.
239 3872 345 3936 Miror
374 3880 484 3939 autern
513 3897 578 3957 qua
599 3879 706 3943 fronte
728 3880 840 3943 ausint
862 3878 1076 3949 contendere·

78 3959 330 4037 confessionem,
360 3958 400 4022 de
429 3983 495 4042 qua
516 3962 710 4043 loquuntur,
743 3966 825 4030 iuris
848 3985 918 4029 esse
946 3965 1056 4031 divini.

79 4042 181 4108 Ouius
209 4043 360 4127 equidem
390 4048 648 4112 vetustissimum
677 4072 747 4115 esse
775 4072 873 4115 usum
906 4052 1056 4130 fatemur,

78 4128 135 4194 sed
157 4152 253 4212 quem
275 4130 370 4195 facile
392 4133 542 4197 evincere
562 4155 734 4216 possumus
761 4136 838 4199 olim
856 4138 955 4201 fuisse
976 4137 1057 4202 libe·

78 4237 162 4280 rum.
209 4215 308 4281 Oerte
330 4217 456 4282 nullam
483 4218 522 4282 de
545 4240 584 4282 ea
606 4229 725 4285 statam
747 4223 847 4287 fuisse
869 4223 976 4307 legem
1000 4231 1057 4288 aut

78 4303 341 4367 constitutionem
352 4311 429 4368 ante
440 4305 626 4369 Innocentii
636 4308 722 4370 tertii
734 4315 890 4391 tempora,
901 4311 929 4393 ¹²)
944 4331 1057 4374 eorum

78 4404 204 4470 quoque
237 4389 372 4454 annales
403 4399 550 4455 narrant.
598 4390 684 4456 Certe
714 4395 745 4456 si
772 4395 821 4458 ica
846 4396 915 4460 iliis
944 4398 1058 4477 fuisset

78 4475 245 4554 antiquior,
261 4477 371 4555 potius
392 4496 460 4540 earn
478 4478 697 4557 arripuissent,
721 4501 816 4559 quarn
834 4485 963 4545 couniti
985 4483 1057 4546 late-

77 4561 225 4624 raucnsis
246 4562 369 4626 concilii
390 4563 508 4628 decreto
528 4565 644 4644 pueris
665 4586 785 4646 quoqne
806 4566 887 4646 ipsis
908 4569 1058 4632 ridiculos

77 4665 110 4708 sc
141 4647 292 4727 fecissent.
339 4647 413 4713 Nou
445 4648 588 4714 deliteat
619 4651 654 4713 in
685 4651 763 4715 aliis
794 4651 884 4714 rebus
911 4655 1058 4721 excedere

74 4732 189 4812 fictitio
210 4733 338 4811 decreta,
362 4755 441 4815 quae
460 4736 682 4802 pacatissimis
703 4737 846 4801 eoriciiiis
867 4738 1061 4827 adscribunt,

76 4823 112 4879 at
133 4820 207 4897 ipsc
228 4820 427 4899 critiquitatis
444 4825 637 4887 nudatione
654 4823 846 4906 simplicium
867 4825 970 4889 uictos
986 4847 1057 4906 per-

76 4905 241 4986 strinpant.
288 4904 331 4969 In
352 4906 406 4970 boc
426 4910 527 4988 capite
547 4910 641 4973 tolera
659 4911 824 4991 fallaciam
846 4909 973 4975 olriicere
995 4933 1056 4976 non

75 4991 160 5053 uenit
181 4991 246 5054 iliis
268 4991 303 5054 in
325 4999 461 5057 martem
506 4993 631 5076 Itaque,
653 4997 734 5077 ipsis
756 4995 898 5075 testibus,
920 4999 1055 5062 nardum

143 5263 173 5332 1)
190 5264 237 5317 sic
253 5264 319 5319 libri
334 5266 425 5320 aedri
441 5283 539 5323 earnes.
610 5268 642 5338 2)
658 5272 722 5324 Fuit
738 5273 785 5326 ille
802 5273 878 5342 Papa
896 5271 954 5327 183.

333 333 424 398 LIB.
447 333 512 398 ΠΙ.
555 333 620 398 DE
642 332 778 399 MODO
799 333 1151 401 PEROIPIENDAE
1174 331 1365 399 CHRISTI
1387 332 1605 399 canuae.
1650 332 1750 399 GAP.
1773 334 1834 399 IV.

1990 203 2010 235 Q

2028 338 2091 400 462

1113 523 1213 602 elapsi
1235 528 1309 586 siud
1331 523 1409 585 arant
1431 523 1554 586 trecenti
1575 543 1614 586 ea
1632 543 1692 602 quo
1710 524 1842 586 iniectus
1859 523 1897 586 ab
1915 522 2094 589 inruemur

1113 610 1201 673 tertio
1228 609 1374 688 laqueius,
1403 613 1431 671 et
1458 609 1605 689 imposita
1632 608 1794 688 confitendi
1816 610 1990 673 necessitas.
2034 611 2092 673 At-

1113 716 1170 775 quc
1197 699 1230 757 ut
1257 697 1294 758 dc
1321 701 1452 775 ternpore
1480 701 1613 772 caream,
1646 695 1713 758 soto
1746 694 1906 758 cuborum
1932 695 2092 761 barbarias

1112 782 1206 862 fidem
1242 781 1302 863 lapi
1334 780 1467 862 obrepat.
1514 780 1600 843 Nam
1631 781 1712 860 quod
1743 780 1847 844 iubent
1873 781 1943 844 torri
1972 788 2090 863 patrea,

1113 887 1233 932 marcere
1253 868 1416 946 utriusque
1436 887 1530 930 serus
1550 868 1716 946 quotannis
1737 868 1830 931 seruet
1845 869 1975 947 proprie
1991 888 2092 932 saeer-

1114 955 1176 1017 doti
1198 953 1333 1033 confiteri
1354 953 1461 1015 menia
1477 958 1619 1033 precenta,
1647 954 1740 1034 faceti
1762 953 1899 1016 irmiricus
1921 954 2020 1034 tepide
2041 973 2092 1018 ez·

1114 1040 1235 1119 cipiunt
1260 1039 1315 1102 icc
1336 1044 1499 1119 praecepto
1524 1039 1621 1102 teneri
1641 1039 1721 1102 scios
1743 1039 2021 1119 lrenrrapdrcditm,
2051 1039 2094 1104 ed

1114 1127 1265 1188 nauincur
1292 1145 1362 1187 cero
1390 1129 1539 1205 spectare,
1568 1125 1622 1203 qui
1649 1127 1692 1188 sit
1719 1125 1765 1189 rei
1786 1145 1858 1189 nias
1879 1125 1927 1188 tei
1947 1126 2092 1206 faentina.

1117 1211 1264 1275 Crassior
1291 1211 1400 1274 deiude
1428 1212 1595 1275 'ircsnisitas
1627 1211 1661 1273 iu
1688 1211 1856 1291 discipulis
1882 1232 1914 1274 sc
1941 1211 2093 1292 prodidit,

1114 1298 1189 1360 (iura
1220 1297 1377 1377 erpiicare
1407 1301 1560 1376 ueqrccrrut
1586 1296 1664 1375 quid
1690 1298 1731 1359 sit
1754 1298 1909 1377 proprius
1941 1298 2092 1362 sorados.

1117 1381 1280 1463 Quidquid
1306 1382 1450 1444 acernea
1483 1401 1584 1446 orienes
1616 1383 1791 1445 conductitii
1817 1403 1923 1462 papae
1955 1382 2092 1464 rabulae

1115 1473 1250 1532 tenernus
1282 1488 1377 1547 neque
1411 1468 1571 1531 Uiriatum
1608 1467 1704 1531 leuius
1741 1469 1817 1549 lepis
1850 1473 1988 1532 auto-reru
2019 1489 2093 1549 esse,

1114 1575 1193 1635 qrcae
1220 1555 1262 1618 od
1285 1556 1495 1618 enrrnreroudn
1520 1559 1644 1634 peccota
1666 1553 1804 1617 tronrines
1825 1554 1920 1634 copit;
1949 1555 2010 1616 inco
2033 1556 2094 1633 stri·

1114 1642 1199 1703 uisse
1227 1661 1325 1703 crrrros
1352 1640 1437 1702 mide
1464 1645 1491 1702 et
1513 1639 1655 1702 ducentos
1683 1663 1704 1702 a
1732 1640 1953 1703 resurrectione
1976 1637 2094 1704 Christi

1115 1731 1278 1805 autequam
1306 1726 1380 1789 talis
1408 1725 1476 1789 ulio
1502 1726 1552 1789 ier
1573 1727 1717 1805 ferretur.
1762 1725 1873 1805 ltaque
1894 1725 2093 1805 tyrannidem

1114 1812 1193 1875 traice
1219 1813 1320 1892 fuisse
1352 1812 1473 1874 (teneura
1500 1813 1646 1874 truentum
1674 1831 1770 1892 quarn
1800 1812 1948 1874 castineto
1975 1811 2092 1890 pietate

1115 1905 1143 1962 et
1176 1899 1315 1964 doctrina
1347 1899 1416 1961 sine
1453 1898 1567 1962 deiectu
1601 1899 1728 1978 quidus
1761 1897 1903 1960 licentiae
1934 1897 1995 1959 sibi
2026 1899 2093 1960 iarn

1114 1986 1320 2065 sumpsissent
1341 1985 1448 2048 toruae
1469 1989 1643 2065 pastorum.
1687 1983 1810 2047 Deinde
1835 1983 2001 2046 luculenta
2027 1991 2092 2046 tes·

1106 2071 1251 2155 ¹timonia
1278 2078 1411 2134 exstant
1438 2078 1508 2133 tum
1536 2073 1570 2133 in
1604 2069 1763 2145 historiis,
1798 2079 1869 2132 turn
1898 2067 1985 2150 apud
2007 2070 2092 2132 anti·

1115 2179 1194 2240 quos
1217 2157 1298 2221 alios
1322 2157 1508 2237 scriptores,
1538 2178 1621 2238 quae
1649 2155 1786 2220 doceant
1808 2155 1893 2219 hane
1916 2155 2015 2218 faisse
2035 2177 2092 2236 po·

1114 2244 1238 2309 litieam
1273 2242 1492 2324 disciplinam,
1527 2244 1567 2307 ab
1599 2243 1756 2324 episcopis
1789 2242 1988 2316 institut-am,
2026 2264 2092 2305 non

1113 2330 1220 2413 legem
1243 2349 1262 2390 a
1281 2327 1414 2392 Christo
1436 2337 1494 2391 aut
1517 2329 1671 2410 apostolis
1692 2328 1840 2410 positam.
1872 2327 1986 2392 Unum
2008 2327 2093 2390 dun·
2133 2323 2137 2336 '

1115 2425 1206 2480 taxat
1228 2437 1245 2479 e
1268 2414 1382 2478 multis
1404 2415 1581 2496 proferam,
1612 2414 1697 2496 quod
1727 2437 1793 2478 non
1821 2412 1995 2478 obscurum
2023 2413 2093 2478 eius

1114 2503 1161 2565 rei
1196 2501 1425 2566 documentum
1455 2503 1525 2564 erit.
1578 2501 1694 2564 Refert
1721 2498 1920 2564 Sozomenus
1935 2499 1959 2581 ¹)
1992 2500 2093 2564 fuisse

1114 2588 1200 2652 hanc
1229 2589 1452 2669 episcoporum
1481 2588 1745 2652 constitutionem
1779 2586 1953 2669 diligenter
1982 2586 2092 2650 obser-

1113 2681 1225 2738 vatam
1251 2675 1286 2737 in
1316 2674 1459 2737 ecclesiis
1487 2672 1755 2748 occidentalibus,
1788 2672 1981 2753 praesertim
2013 2691 2092 2735 vero

1113 2761 1247 2825 Romae.
1293 2759 1367 2839 Quo
1397 2760 1559 2842 significat
1587 2781 1653 2822 non
1680 2758 1779 2822 fuisse
1807 2757 1993 2821 universale
2022 2778 2093 2819 orn-

1112 2848 1204 2910 nium
1227 2845 1435 2911 eeclesiarum
1457 2846 1659 2923 institutum;
1689 2865 1792 2908 unum
1821 2852 1931 2907 autem
1960 2863 2091 2925 opres-

1114 2932 1237 3017 byteris
1258 2932 1466 3014 peculiariter
1487 2929 1685 2995 destinatum
1708 2931 1807 2994 fuisse
1826 2928 1912 3007 dicit,
1935 2930 1991 3010 qui
2014 2929 2091 2994 huie

1112 3020 1240 3082 muneri
1261 3026 1434 3099 praeesset.
1480 3016 1554 3097 Quo
1582 3016 1711 3081 abunde
1732 3017 1893 3092 confutat,
1923 3013 2009 3096 quod
2035 3014 2092 3078 isti

1113 3104 1153 3169 de
1187 3103 1331 3169 clavibus
1365 3105 1520 3168 universo
1560 3102 1754 3167 sacerdotali
1794 3101 1901 3165 ordini
1935 3101 1968 3162 in
2002 3100 2091 3164 huno

1111 3212 1208 3254 usum
1239 3191 1421 3272 promiscue
1455 3189 1539 3253 dat-is
1571 3190 1792 3265 mentiuntur,
1833 3185 1992 3269 siquidem
2025 3206 2092 3248 non

1112 3278 1259 3340 omnium
1277 3275 1482 3340 sacerdotum
1501 3275 1683 3340 communis
1702 3281 1773 3338 erat
1789 3273 1922 3349 functi0,
1945 3270 2003 3336 sed
2023 3272 2090 3334 sin-

1112 3363 1242 3447 gulares
1265 3363 1363 3426 unius
1385 3372 1509 3444 partos,
1533 3362 1588 3444 qui
1611 3360 1652 3425 ad
1673 3359 1708 3423 id
1730 3360 1853 3425 electus
1877 3359 1917 3423 ab
1940 3358 2091 3439 episcopo

1112 3451 1226 3514 fuerat.
1273 3448 1311 3512 Is
1338 3454 1382 3512 est
1409 3467 1499 3529 quern
1521 3447 1608 3511 lrodie
1634 3452 1750 3527 quoque
1778 3447 1813 3509 in
1837 3444 1972 3526 sinpniis
1991 3442 2091 3507 ordire

1112 3536 1257 3600 draiibus
1291 3535 1426 3599 ecclesiis
1448 3533 1725 3615 poenitentiarium
1756 3535 1875 3607 cocant,
1909 3531 2092 3612 portuum

1112 3622 1289 3699 cuminum,
1311 3626 1338 3684 et
1357 3641 1489 3700 quorum
1511 3640 1642 3685 censrua
1660 3619 1703 3682 ad
1720 3617 1929 3697 erenquurffl)
1947 3617 2090 3695 pertinet,

1111 3709 1255 3790 cognitor.
1299 3704 1439 3771 Subiicit
1461 3706 1587 3784 deinde,
1610 3727 1685 3769 eum
1708 3725 1835 3786 quoque
1857 3722 1981 3764 morem
2004 3700 2090 3762 Con-

1112 3793 1322 3876 stantinopoli
1355 3793 1455 3857 fuisso
1488 3791 1591 3857 donec
1625 3798 1776 3854 matrona
1804 3786 1978 3870 quaedam,
2012 3804 2090 3848 con·
2119 3815 2122 3831 =

1111 3884 1257 3946 fitentem
1291 3880 1464 3955 simulans,
1499 3899 1538 3942 ea
1565 3879 1671 3959 speeie
1697 3872 1963 3941 consuetudinem
1991 3890 2090 3951 quam

1111 3967 1252 4032 habebat
1274 3988 1347 4031 cnm
1371 3964 1504 4029 diacono
1522 3963 1746 4046 praetexuisse
1769 3957 1972 4041 deprehensa
1993 3964 2088 4021 esset.

1111 4054 1163 4119 Ob
1191 4053 1224 4116 id
1252 4053 1378 4116 facinus
1405 4051 1591 4127 Nestorius,
1622 4049 1673 4113 vir
1701 4056 1734 4111 et
1756 4046 1928 4111 sanctitate
1959 4052 1991 4106 et
2014 4064 2088 4107 eru-

1111 4141 1232 4204 ditione
1261 4139 1382 4212 clarus,
1412 4137 1499 4200 illius
1522 4135 1676 4200 ccclesiae
1697 4133 1883 4215 episcopus,
1913 4129 2088 4193 confitendi

1110 4228 1212 4289 ritum
1234 4222 1414 4307 abrogavit.
1449 4223 1528 4299 Hic,
1552 4222 1605 4286 hic
1628 4242 1722 4285 aures
1746 4219 1829 4282 asini
1852 4217 1905 4281 isti
1929 4217 2085 4298 arrigunt.

1111 4310 1147 4377 Si
1166 4311 1219 4374 lex
1239 4312 1302 4375 Dei
1320 4318 1392 4373 erat
1409 4309 1600 4373 auricularis
1619 4306 1785 4381 confessio,
1810 4304 1864 4386 qui
1884 4323 1982 4366 ausus
2001 4307 2088 4364 esset

1110 4398 1282 4463 Nestorius
1311 4417 1384 4461 eam
1412 4397 1549 4477 refigere
1581 4413 1618 4458 ao
1646 4390 1851 4457 convellere?
1896 4386 2087 4483 Nectarium

1110 4493 1258 4550 sanetum
1281 4483 1343 4547 Dei
1367 4482 1548 4558 hominem,
1576 4478 1725 4544 omnibns
1747 4485 1896 4542 veterum
1921 4472 2088 4553 suffragus

1110 4570 1293 4653 probatum,
1318 4569 1489 4632 haereseos
1508 4577 1541 4631 et·
1559 4566 1744 4632 schismatis
1762 4557 1983 4655 accusabunt?
2019 4555 2087 4621 Sed

1110 4657 1224 4721 eodem
1253 4654 1376 4719 calculo
1404 4653 1606 4718 damnabunt
1634 4652 1801 4716 ecclesiam
1824 4653 2087 4725 constantinopo-

1110 4743 1261 4817 litanum,
1295 4741 1329 4803 in
1358 4761 1422 4821 qua
1451 4737 1626 4802 confitendi
1653 4758 1776 4801 morem
1805 4754 1872 4797 non
1894 4731 1935 4795 ad
1958 4740 2087 4811 tempus

1109 4829 1204 4894 modo
1228 4827 1467 4892 dissimulatum
1490 4826 1603 4903 fuisse,
1630 4821 1686 4888 sed
1713 4822 1753 4885 ad
1777 4842 1870 4885 suam
1892 4838 1995 4900 usque
2017 4838 2086 4879 me-

1109 4917 1247 4981 moriam
1270 4913 1465 4977 obsolcvisse
1495 4912 1637 4974 affirmat
1664 4907 1873 4973 Sozomenus.
1919 4904 1991 4969 Irno
2020 4924 2088 4966 non

1108 4999 1502 5082 constantinopolitanam,
1525 4995 1582 5060 sed
1605 4994 1778 5059 orientales
1800 5013 1913 5056 omnes
1934 4989 2087 5057 ecelesias

1110 5179 1161 5185 ...-
1194 5140 1313 5183 λ

1178 5277 1207 5342 1)
1227 5277 1301 5328 Libr.
1314 5272 1337 5325 7.
1356 5290 1377 5325 c.
1391 5270 1431 5324 16.
1502 5270 1533 5340 2)
1553 5268 1589 5322 In
1601 5268 1626 5322 b.
1640 5285 1661 5322 e.
1675 5284 1752 5322 error
1763 5266 1865 5337 aliquis
1878 5265 1962 5320 tatere
1972 5265 2085 5318 ridetur.
