4672 5842
121 316 184 380 arr
412 313 416 323 ·
463 310 554 378 um.
575 310 621 378 rr
664 313 729 378 nn
751 309 1037 403 coesrmosn
1059 313 1143 378 our
1163 311 1511 383 esuumuosrs.
1556 316 1656 383 oar.
1679 319 1776 386 vm
2033 297 2133 393 'ars

121 501 322 586 captivitatis
348 501 384 565 in
410 521 476 583 qua
502 521 616 566 omnes
643 501 745 567 vincti
768 500 966 577 detinemur,
997 499 1099 567 donec
1151 504 1187 567 in
1206 504 1317 569 Deum
1340 504 1508 569 drentem
1536 507 1638 571 animi
1666 507 1863 589 referantur;
1894 512 1989 578 cuius
2017 535 2054 579 eo
2103 516 2129 565 '-

121 587 257 656 brachii
280 589 333 652 sui
365 587 488 651 virtute
521 586 674 651 liberatos
706 589 741 651 in
770 608 911 670 regnum
938 586 1099 651 libertatis
1152 589 1240 653 tione
1261 590 1387 668 imbuti,
1412 590 1455 654 ad
1476 592 1726 674 suscipiendam,
1748 595 1935 675 timendam,
1958 599 2050 663 colcu
2074 622 2130 665 am

122 697 183 743 nos
204 674 340 740 estatis
365 673 480 737 vindex
507 672 659 738 traducit
703 671 989 753 Quemadmodum
1011 693 1098 756 erge,
1150 676 1253 758 ipsius
1274 677 1494 754 maiestatem,
1521 677 1564 743 ad
1590 679 1842 761 amplexandam
1870 681 2028 748 bonorum
2057 687 2129 753 eius

121 782 226 847 quum
247 759 421 843 dissipates
442 758 520 823 olim
548 758 716 824 Israelitas
738 758 781 824 ad
802 760 928 824 cultum
957 759 1099 824 nominis
1151 761 1487 839 communicationem,
1511 763 1552 826 ad
1574 785 1669 846 opem
1686 765 1804 848 ubique
1824 769 2061 849 requirendam,
2085 771 2129 837 ad

123 849 176 914 sui
196 845 386 929 recolligere
413 844 526 924 vellet,
557 866 611 910 eos
640 846 681 910 ab
708 845 914 924 intolerabili,
937 867 1004 927 qua
1024 865 1099 927 pre·
1151 847 1445 930 recognoscentiam
1471 847 1640 932 laudisque
1668 852 1868 918 confessione
1900 855 2129 922 celebrandam

122 932 312 1011 mebautur,
339 930 523 996 Pharaonis
552 930 772 996 dominatione
799 933 932 1014 eripuit,
961 931 1007 994 ita
1027 932 1100 1013 qui·
1152 955 1287 1016 operum
1307 934 1607 1017 magnificentiam,
1637 937 1672 1000 in
1698 937 1850 1003 omnibus
1877 940 1964 1005 vitae
1991 944 2127 1008 aetioni-

125 1022 187 1086 bus
208 1017 305 1083 hodie
332 1039 367 1082 se
393 1017 429 1081 in
451 1017 560 1082 Deum
587 1038 659 1082 esse
685 1019 875 1099 profitetur,
903 1039 958 1082 eos
986 1038 1099 1081 omnes
1151 1020 1227 1097 bus,
1261 1024 1418 1101 tanquam
1446 1019 1489 1084 ad
1516 1021 1650 1086 unicum
1677 1044 1827 1105 scopum,
1861 1026 2020 1108 aspirent;
2055 1037 2126 1094 tum

122 1108 190 1172 iam
217 1105 258 1170 ab
285 1103 409 1168 exitiali
439 1102 556 1168 diaboli
585 1110 746 1186 potestate
774 1104 904 1183 asserit,
938 1102 1099 1185 quasilla
1151 1111 1307 1171 caveatur
1333 1126 1437 1186 prava
1465 1108 1666 1188 superstitio,
1696 1130 1761 1190 qua
1791 1111 1890 1174 animi
1913 1134 1933 1176 a
1954 1135 2033 1177 vero
2055 1115 2127 1180 Deo

122 1189 285 1274 corporali
317 1187 512 1253 adumbrata
541 1190 611 1253 fuit
668 1187 889 1269 Quamobrem
920 1210 1016 1253 nemo
1050 1196 1100 1252 est
1151 1191 1270 1263 deflexi
1302 1191 1366 1256 huc
1398 1196 1495 1272 atquc
1525 1192 1605 1259 illue
1633 1215 1692 1259 ceu
1719 1195 1753 1258 iu
1785 1197 1895 1262 varios
1929 1197 2129 1266 diducuntur

124 1278 218 1343 ouius
240 1277 369 1340 animus
393 1275 593 1349 inflammari
621 1297 689 1339 non
709 1275 826 1341 debeat
847 1277 889 1341 ad
911 1275 1099 1341 auscultan·
1151 1277 1237 1342 deos.
1253 1276 1277 1360 ¹)
1323 1276 1462 1342 Proinde
1482 1278 1513 1341 si
1533 1299 1596 1344 ano
1618 1278 1686 1344 Deo
1702 1282 1804 1345 simus
1821 1285 1957 1363 contorti,
1978 1287 2129 1352 manerio

124 1363 203 1429 dam
223 1363 345 1445 legem,
375 1382 474 1443 quam
497 1382 517 1423 a
545 1382 673 1425 summo
700 1383 768 1444 repe
795 1363 973 1444 profectam
994 1360 1098 1440 audit;
1151 1368 1325 1443 repetentes
1346 1363 1428 1443 quod
1450 1368 1521 1428 onte
1541 1365 1659 1428 dictum
1680 1371 1733 1444 est,
1750 1368 1862 1447 procel
1879 1369 2045 1451 decedes
2063 1392 2129 1437 esse

125 1472 146 1515 a
167 1470 230 1532 quo
252 1455 291 1512 ut
312 1469 407 1512 suam
426 1447 585 1530 originem
604 1445 731 1513 ducunt
752 1446 872 1526 omnia,
895 1449 941 1512 ita
958 1468 1099 1529 aequum
1149 1449 1273 1530 fictitia
1294 1470 1398 1513 noceas
1419 1448 1498 1527 deos,
1522 1469 1576 1513 aec
1597 1450 1796 1515 lacerandum
1818 1474 1882 1517 esse
1902 1456 2018 1519 catum
2039 1478 2129 1538 quem

124 1542 176 1601 est
196 1543 235 1600 ut
250 1536 352 1599 finem
381 1554 478 1599 suum
501 1533 644 1598 vicissim
672 1534 708 1596 iu
737 1535 846 1616 ipsum
875 1534 1100 1599 destinantes
1151 1556 1235 1599 ursus
1263 1535 1315 1600 ille
1341 1535 1403 1599 eoi
1429 1536 1578 1599 sedeat.
1626 1537 1708 1616 Quia
1736 1559 1777 1601 ne
1806 1539 1971 1613 tantillum
1997 1542 2128 1623 quidem

124 1621 279 1705 dirigant
324 1619 443 1696 Nemo,
467 1620 611 1700 iuquam,
635 1620 763 1702 estqui
791 1643 858 1684 uon
887 1621 958 1702 rapi
985 1618 1101 1683 debeat
1153 1642 1195 1685 ex
1222 1621 1293 1684 eius
1321 1620 1426 1703 gloria
1453 1619 1596 1686 delibare
1622 1622 1672 1687 fas
1699 1632 1763 1702 est,
1797 1625 1876 1705 quin
1904 1626 1990 1708 apud
2019 1629 2129 1711 ipsum

124 1707 167 1772 ad
189 1704 445 1788 amplexandum
465 1704 694 1788 legislatorem,
717 1704 760 1769 ad
782 1707 875 1771 cuius
897 1704 1101 1771 observanda
1153 1727 1363 1789 quaeeunque
1395 1706 1425 1770 ei
1457 1707 1589 1788 propria
1622 1715 1701 1772 sunt
1732 1708 1905 1774 resideant
1963 1711 2129 1779 Pareae

124 1792 281 1858 mandata
308 1791 517 1873 peculiariter
544 1812 579 1855 se
607 1789 769 1856 delectum
796 1813 866 1856 esse
901 1791 1047 1869 docetur;
1081 1811 1102 1853 a
1152 1814 1232 1873 qaae
1252 1793 1405 1872 aequiter,
1438 1812 1542 1856 eorem
1562 1793 1645 1873 facie
1672 1815 1755 1871 mec,
1789 1796 2005 1878 indignitatem
2023 1804 2130 1881 cape:
2247 1850 2251 1857 .

124 1880 217 1945 cuius
247 1877 287 1943 be
315 1878 321 1889 '
374 1877 466 1955 tate,
501 1897 578 1941 cum
605 1877 766 1941 bonorum
795 1879 941 1942 omnium
964 1878 1100 1940 affluen·
1152 1878 1234 1958 quod
1245 1877 1335 1942 Deus
1356 1878 1399 1942 ad
1420 1877 1605 1959 zelotypiam
1620 1885 1817 1960 provocatur,
1844 1883 1963 1962 quoties
1981 1884 2129 1966 figmenta

124 1966 214 2042 tiam,
238 1974 311 2028 tum
327 1962 521 2028 immortalis
539 1963 626 2027 vitae
645 1963 783 2046 gloriam
802 1970 984 2046 exspectat3
1008 1963 1101 2027 cuius
1152 1970 1258 2028 eostre
1286 1963 1502 2028 metuimus
1530 1965 1566 2028 ie
1587 1967 1655 2030 eice
1675 1966 1793 2045 beans,-
1820 1970 2076 2049 quemadmodem
2096 1971 2128 2035 ei

33 2056 80 2133 tlt
123 2050 267 2117 mirabili
293 2050 418 2116 virtute
446 2070 483 2114 ac
510 2046 734 2113 misericordia
768 2050 957 2115 efaucibus
986 2048 1100 2113 mortis
1152 2050 1313 2131 impcedice
1342 2049 1470 2126 malm,
1492 2051 1644 2130 prodet
1663 2052 1778 2130 palam
1806 2058 1876 2117 ceste
1897 2056 1999 2119 oeulos
2019 2055 2131 2120 mariti

56 2132 63 2141 ’
124 2158 161 2204 se
181 2136 357 2202 liberatum
374 2136 474 2199 novit.
1152 2137 1300 2212 adultero,
1321 2136 1389 2198 eise
1410 2136 1552 2200 acimum
1570 2139 1673 2219 saepis
1689 2144 1798 2202 areret.
1834 2144 1936 2218 Qum
1952 2162 2022 2223 erpo
2034 2162 2130 2221 pree·

213 2226 261 2286 16.
305 2220 461 2286 Fundata
482 2228 515 2284 et
536 2220 679 2284 stabilita
705 2219 788 2302 legis
816 2241 895 2285 suae
917 2221 1100 2298 autoritate,
1153 2223 1233 2287 senti
1258 2242 1320 2285 seco
1343 2223 1454 2285 virtute
1480 2227 1508 2285 et
1538 2224 1647 2303 protae
1673 2227 1815 2287 testatem
1841 2225 1956 2306 feceret
1975 2227 2073 2304 Deus,
2095 2248 2130 2293 ee

123 2314 335 2393 praeceptum
357 2307 502 2389 primum
531 2304 612 2370 edit:
647 2326 689 2370 ne
717 2305 896 2371 habeamus
923 2306 1000 2372 deos
1022 2306 1100 2370 alie·
1148 2307 1301 2389 populum
1322 2327 1411 2387 quem
1437 2305 1565 2388 elegerat
1585 2309 1742 2388 respicere,
1767 2330 1826 2391 quo
1847 2313 1950 2394 meeis
1977 2333 1998 2375 c
2018 2313 2129 2377 scetere

124 2417 185 2461 nos
206 2415 317 2460 coram
338 2393 421 2458 facie
442 2413 509 2457 sua
553 2391 650 2457 Finis
671 2393 837 2476 praecepti
859 2391 1013 2474 estquod
1031 2391 1101 2456 Do·
1152 2393 1330 2475 defectionis
1350 2394 1508 2472 deterreat,
1531 2414 1593 2458 eon
1605 2414 1699 2476 posse
1727 2417 1820 2459 eccos
1846 2396 1917 2460 deos
1938 2399 2051 2462 ascisci
2073 2399 2129 2463 ad·

125 2481 238 2545 minus
257 2480 293 2544 in
313 2477 433 2562 populo
454 2499 513 2544 suo
535 2477 622 2542 solus
642 2478 714 2543 vult
735 2479 888 2555 eminere,
911 2483 938 2541 et
959 2479 1028 2542 iure
1045 2497 1102 2542 sao
1152 2484 1267 2557 monet,
1293 2479 1371 2559 quie
1397 2480 1483 2543 testis
1513 2481 1555 2543 sit
1583 2502 1620 2546 ec
1651 2486 1801 2561 spectator
1827 2482 1992 2565 semesa.
2043 2483 2130 2550 Heio

120 2567 222 2648 potiri
241 2567 277 2631 ia
296 2565 441 2630 adalam.
484 2562 524 2627 Id
547 2573 584 2627 ut
604 2566 678 2640 fiat,
706 2565 909 2646 impietatem
930 2584 968 2627 ac
987 2584 1101 2646 super·
1154 2565 1242 2633 enim
1263 2564 1420 2629 audaciae
1441 2564 1621 2646 plurimum
1640 2567 1820 2648 impietatis
1842 2570 2013 2646 accrescit,
2042 2568 2129 2651 quod

125 2654 291 2718 stitionem
313 2649 506 2733 quemlibet,
533 2670 598 2731 qua
619 2648 799 2715 divinitatis
826 2670 905 2714 suae
926 2648 1030 2732 gloria
1048 2649 1102 2715 vel
1153 2652 1187 2715 in
1210 2649 1277 2715 suis
1300 2651 1491 2733 transfugiis
1512 2651 1577 2715 Dei
1596 2651 1706 2717 oeulos
1727 2652 1889 2718 ludificari
1910 2676 1945 2718 se
1965 2675 2059 2737 posse
2076 2656 2129 2720 iu-

125 2739 286 2803 minuitur
307 2737 361 2802 vel
382 2735 588 2812 obscuratur,
617 2757 637 2800 a
663 2736 756 2801 nobis
783 2734 896 2801 abesse
918 2735 1023 2815 iubet;
1052 2743 1101 2799 at
1155 2737 1249 2802 dicat
1304 2735 1359 2799 Ex
1397 2735 1533 2802 adverso
1566 2737 1723 2802 reclamat
1753 2739 1931 2816 Dominus,
1971 2739 2129 2822 quidquid

126 2846 189 2908 que
217 2821 331 2889 eadem
359 2823 500 2901 ratione,
534 2841 613 2887 vero
640 2822 772 2904 pietatis
801 2821 908 2886 studio
936 2820 998 2885 coli
1026 2841 1103 2885 sea
1154 2822 1327 2899 struimus,
1356 2821 1511 2904 quidquid
1538 2823 1706 2903 molimur,
1736 2823 1892 2907 quidquid
1919 2825 2126 2903 fabricamus,

126 2910 221 2975 nobie
247 2917 345 2991 atque
376 2907 506 2973 adorari
532 2907 699 2990 praecipit
744 2908 791 2972 Et
819 2909 995 2972 verborum
1022 2908 1102 2971 sim·
1154 2909 1189 2973 in
1216 2912 1424 2990 conspectum
1457 2930 1553 2972 suum
1586 2910 1708 2974 venire.
1752 2909 1844 2974 Pura
1874 2911 1917 2975 sit
1949 2932 2026 2994 ergo
2051 2934 2129 2977 oon·

125 2996 254 3080 plicitas
275 2995 309 3060 id
331 2996 399 3059 fere
421 2999 524 3058 sonat.
570 2990 742 3075 Siquidem
764 2993 884 3058 habere
902 2995 1012 3058 Deum
1033 3013 1102 3056 non
1154 2994 1291 3060 scientia
1323 2994 1376 3057 vel
1405 2992 1447 3057 ab
1475 2993 1703 3059 occultissimis
1736 2997 1918 3077 apostasiae
1957 2997 2128 3080 cogitatio·

125 3103 299 3173 poequmus
327 3081 408 3163 quin
435 3079 536 3145 simul
570 3079 828 3162 complectamur
855 3100 939 3161 quae
968 3086 1046 3142 sunt
1072 3080 1102 3143 ei
1154 3081 1261 3159 nibus,
1285 3079 1315 3143 si
1335 3079 1529 3162 religionem
1551 3087 1699 3144 nostram
1721 3081 1901 3164 approbare
1923 3082 2067 3147 Domino
2087 3082 2129 3147 li·

125 3169 265 3251 propria
310 3165 408 3248 Quod
429 3187 508 3249 ergo
534 3172 627 3231 vetat
653 3165 773 3231 habere
801 3165 924 3230 alienos
941 3164 1034 3242 deos,
1063 3184 1102 3229 eo
1153 3167 1218 3232 bet.
1265 3164 1436 3247 Siquidem
1456 3167 1620 3249 integram
1642 3174 1676 3230 et
1700 3165 1924 3250 incorruptam
1946 3165 2130 3234 divinitatis

127 3255 290 3338 significat
311 3251 458 3335 nequod
479 3251 542 3316 sibi
564 3252 734 3335 proprium
761 3260 812 3316 est
839 3252 902 3316 alio
925 3252 1102 3316 transfera-
1155 3274 1233 3318 suae
1256 3252 1395 3336 gloriam
1417 3273 1484 3317 non
1511 3259 1648 3316 externa
1673 3252 1768 3316 modo
1797 3254 1998 3318 confossione
2020 3255 2130 3337 requi-

125 3361 208 3406 mus.
238 3339 313 3404 Etsi
331 3347 443 3404 autem
459 3357 543 3420 quae
560 3336 633 3402 Deo
651 3337 808 3403 debemus
826 3337 998 3402 innumera
1015 3343 1101 3414 sunt,
1154 3339 1208 3416 rit,
1231 3337 1345 3403 sedin
1368 3336 1470 3402 oculis
1498 3338 1581 3416 suis,
1615 3335 1708 3422 qui2)
1736 3337 1954 3404 abditissimas
1982 3340 2131 3404 cordium
2224 3366 2229 3374 ’

126 3424 170 3491 ad
202 3433 343 3505 quatuor
375 3431 485 3487 tamen
523 3423 631 3506 capita
662 3445 729 3487 non
761 3424 871 3506 inepte
902 3422 1099 3488 referentur:
1154 3424 1297 3490 latebras
1318 3423 1499 3488 intuentur.
1949 3454 1955 3466 r

126 3509 365 3585 adorationem,
399 3510 450 3573 cui
478 3508 602 3574 accedit
629 3517 785 3593 tanquam
810 3509 974 3592 appendix
1007 3509 1102 3592 spiri-
1399 3562 1402 3566 .

75 3599 81 3615 “
126 3594 217 3661 tuale
242 3595 456 3660 conscientiae
485 3584 689 3678 obsequium,
723 3594 891 3673 fiduciam,
924 3596 1102 3660 invocatio-
1403 3628 1655 3681 pssfflffipffl
1673 3628 1882 3682 SEOUNDUM.

126 3703 215 3759 nem,
237 3680 417 3763 gratiarum
439 3680 607 3745 actionem.
652 3681 887 3747 Adorationem
904 3701 984 3746 voco
1002 3701 1102 3746 vene-
1309 3735 1316 3748 .
1397 3734 1403 3748 .
1433 3736 1439 3749 .
1576 3737 1583 3749 .
1821 3735 1827 3749 .
1868 3737 1898 3749 ..
1964 3737 1969 3749 .

127 3769 290 3833 ragonem
307 3785 345 3829 ac
362 3764 488 3829 cultum
505 3786 602 3848 quem
618 3766 668 3831 iffi
685 3766 793 3832 reddit
809 3767 1102 3849 mmmmm,
1154 3738 1227 3806 Non
1256 3736 1354 3805 iacies
1381 3734 1440 3804 abr
1469 3737 1630 3830 sculptile,
1669 3761 1776 3831 oeque
1803 3736 2049 3807 similitudmem
2077 3737 2133 3804 ul-

128 3855 185 3918 ubi
216 3853 349 3918 secius
377 3850 597 3933 magnitudini
617 3853 776 3919 submisit
822 3851 934 3934 Quare
955 3853 1102 3917 nonim'-
1155 3841 1220 3909 lem
1240 3863 1352 3911 eorum
1374 3863 1457 3934 quae
1486 3839 1517 3908 iu
1537 3841 1629 3909 coelo
1659 3851 1735 3909 suut
1753 3863 1891 3924 sursum,
1920 3840 1967 3908 vel
1995 3840 2026 3908 in
2046 3849 2131 3910 terra

128 3939 245 4004 merite
266 3940 337 4003 eius
358 3945 487 4018 partem
513 3936 609 4034 facio,
631 3938 718 4020 quod
738 3946 866 4005 nostras
887 3939 1102 4004 conscientias
1155 3943 1318 4027 deorsum,
1347 3944 1395 4012 vel
1424 3943 1455 4011 iu
1485 3944 1577 4038 equis
1606 3967 1689 4037 quae
1717 3942 1777 4012 sub
1804 3952 1889 4010 terra
1917 3954 2003 4011 sunt.
2058 3945 2132 4014 Nou

127 4026 199 4089 eius
221 4024 286 4108 legi
308 4023 508 4089 subiicimus.
552 4022 690 4089 Frducia
711 4032 769 4105 est,
792 4047 834 4090 ex
854 4026 1016 4090 virtutum
1033 4026 1102 4089 eius
1432 4045 1592 4130 adorabis,
1623 4069 1729 4140 neque
1757 4046 1854 4115 copes·

128 4110 359 4194 recognitione,
383 4107 609 4190 acquiescendi
630 4109 666 4173 in
687 4131 725 4174 eo
747 4112 917 4190 securitas,
945 4132 1046 4193 quum
1067 4112 1103 4176 iu

129 4217 166 4260 eo
188 4196 398 4278 sapientiam,
421 4195 596 4272 iustitiam,
619 4197 816 4277 potentiam
839 4197 1021 4276 veritatem,
1045 4197 1103 4262 bo-
1243 4201 1291 4261 17.
1303 4197 1332 4281 ⁸)
1376 4195 1664 4278 Quemadmodum
1686 4196 1836 4278 proximo
1854 4195 2009 4261 mandato
2020 4196 2131 4261 Deum

128 4282 266 4347 nitatem
293 4302 423 4347 omnem
450 4288 661 4362 reponentes,
690 4282 759 4346 sola
785 4283 855 4351 eius
884 4284 1103 4349 communica-
1155 4305 1190 4349 se
1212 4304 1317 4359 unum
1339 4305 1408 4349 esse
1430 4283 1674 4365 pronuntiavit,
1704 4290 1952 4365 praeterquam
1976 4282 2060 4346 nulli
2078 4281 2133 4345 alii

128 4368 216 4433 tione
238 4389 298 4432 nos
319 4366 430 4432 beatos
450 4367 684 4432 existimamus.
729 4367 896 4434 Invocatio
918 4368 961 4433 sit
982 4369 1103 4434 montis
1156 4369 1202 4434 dii
1224 4369 1389 4453 cogitandi
1411 4377 1471 4433 aut
1492 4367 1636 4433 habendi
1660 4370 1735 4445 sint,
1759 4369 1805 4431 ita
1823 4368 1927 4450 qualis
1944 4368 1996 4446 sit,
2016 4376 2049 4431 et
2066 4385 2131 4447 quo

129 4461 271 4533 nostrae,
293 4454 421 4536 quoties
443 4458 540 4537 urget
560 4452 630 4516 ulla
650 4455 833 4532 necessitas,
856 4454 892 4518 iu
913 4456 984 4520 eius
1005 4453 1104 4520 fidem
1156 4456 1264 4522 cultus
1287 4476 1405 4539 genere
1432 4453 1658 4534 honorandus,
1687 4453 1833 4537 apertius
1861 4453 2041 4517 etiamnum
2064 4450 2133 4516 edi·

128 4547 228 4622 atque
255 4559 350 4622 opem
377 4547 543 4621 receptus,
573 4545 728 4621 tanquam
758 4539 800 4604 ad
827 4539 960 4606 unicum
981 4541 1104 4623 praesi-
1156 4542 1209 4619 eit,
1232 4562 1274 4605 ne
1297 4540 1376 4624 quid
1398 4540 1461 4606 sibi
1483 4541 1613 4606 carnale
1637 4542 1793 4623 affingere
1816 4538 2003 4601 audeamus.
2037 4536 2133 4603 Finis

128 4624 228 4690 dium.
284 4625 478 4690 Gratiarum
515 4626 599 4689 aetio
637 4631 688 4690 est
719 4623 899 4708 gratitudo,
934 4647 1000 4708 qua
1030 4626 1105 4693 laus
1156 4649 1234 4712 ergo
1256 4627 1423 4711 praecepti
1443 4635 1501 4705 est,
1525 4625 1609 4710 quod
1633 4623 1867 4709 superstitiosis
1890 4620 2007 4687 ritibus
2024 4622 2131 4706 legiti-

127 4709 288 4777 bouorum
320 4711 467 4777 omnium
498 4711 547 4776 illi
579 4711 745 4788 tribuitur.
789 4710 921 4775 Horum
952 4718 990 4775 ut
1019 4712 1104 4777 nihil
1156 4735 1247 4779 mum
1286 4712 1338 4778 sui
1369 4713 1495 4778 cultum
1527 4733 1593 4776 non
1623 4712 1696 4776 vult
1728 4708 1902 4791 profanari.
1954 4706 2064 4789 Quare
2096 4708 2135 4774 in

128 4797 254 4878 patitur
274 4798 436 4863 Dominus
458 4797 521 4862 alio
544 4794 695 4876 derivari,
717 4797 767 4862 ita
788 4794 900 4861 omnia
916 4797 978 4863 sibi
999 4797 1035 4863 in
1052 4819 1103 4863 so-
1155 4821 1285 4865 summa
1305 4821 1364 4864 uos
1387 4821 1407 4863 a
1428 4796 1612 4865 carnalibus
1634 4793 1939 4874 observatiunoulis,
1961 4815 2041 4878 quas
2063 4801 2133 4860 sto-

128 4881 231 4948 lidum
251 4883 401 4949 exhiberi
421 4881 566 4949 mandat
610 4884 725 4967 Neque
743 4883 832 4948 enim
849 4883 929 4948 satis
946 4883 1046 4948 tuerit
1062 4885 1103 4950 ab

128 4967 235 5034 abeno
256 4969 420 5036 abstinere
449 4968 518 5048 deo,
544 4970 609 5035 nisi
630 4970 665 5035 in
687 4971 750 5036 hoc
771 4969 843 5053 ipso
864 4976 895 5034 te
920 4971 1104 5050 contineas;
1224 4971 1253 5041 1)
1272 4972 1329 5026 He
1345 4972 1376 5024 θη
1395 4969 1514 5024 oseem
1528 4963 1767 5036 precedentes
1788 4963 2017 5036 Allaosqq.
2040 4966 2133 5036 epae
2245 5022 2250 5029 .

128 5053 216 5136 quod
242 5055 359 5122 nefarii
393 5054 528 5146 quidam
561 5065 800 5139 contemptores
834 5055 952 5135 solent,
986 5057 1105 5139 quibus
1154 5040 1358 5164 “cg''fflffi
1371 5039 1537 5162 m
1562 5041 1742 5158 mm&
1757 5050 1829 5159 καθ
1842 5035 1920 5158 m
1938 5036 2137 5160 'mum

127 5161 297 5207 summum
317 5140 546 5225 compendium
567 5149 618 5207 est
638 5143 812 5227 religiones
832 5163 945 5207 omnes
964 5140 1104 5209 ludibrio
1155 5125 1251 5243 ,ὦ
1270 5125 1420 5246 ogfffip,
1439 5173 1501 5229 111.
1519 5145 1562 5230 ab.
1636 5144 1737 5228 ,φης’
1781 5120 1910 5298 qqpffl
1928 5173 2076 5227 maetas
2091 5189 2135 5228 η.

129 5225 261 5293 babere
303 5228 408 5312 Atqui
434 5226 609 5311 praecedat
634 5235 762 5312 opertet
783 5248 862 5296 vera
883 5227 1012 5313 religio,
1040 5251 1105 5313 qua
1155 5253 1234 5302 cenet
1252 5247 1336 5302 mole
1355 5262 1424 5317 queo
1441 5241 1663 5315 (laet-1654).
1733 5242 1766 5312 3)
1811 5244 1858 5297 tim
1873 5241 1907 5380 108
1914 5240 1987 5354 ,111
2004 5240 2047 5296 24
