4672 5842
170 295 253 358 1053
413 297 503 362 LIB.
526 294 587 359 IV.
632 294 696 358 DE
718 290 955 358 EXTERNIS
978 289 1144 358 111111)Πὸ
1167 292 1232 358 AD
1255 290 1486 359 SALUTEM.
1532 291 1631 357 CAP.
1654 292 1769 357 XVII.
1791 293 1925 359 XVIII.
2091 301 2173 362 leot

163 488 244 567 qaut
263 483 364 565 fuisse
382 484 588 565 praeludium
610 480 728 545 missac
749 502 840 561 aeae,
862 502 899 548 ac
920 483 951 547 si
973 482 1056 546 iuter
1076 502 1146 546 eum
1199 487 1350 547 sanetum
1371 479 1436 546 Dei
1467 481 1604 546 verbum
1631 504 1697 546 non
1718 482 1863 546 affirmat
1889 482 2000 562 modo,
2030 483 2086 548 sed
2108 485 2174 550 cla-

166 575 197 634 et
225 567 383 635 Christum
415 570 592 634 similitudo
620 572 696 632 essct
723 568 759 631 iu
785 569 886 647 pariis
914 573 941 632 et
968 569 1035 632 uiui
1065 569 1147 633 obla
1198 577 1267 631 mat
1298 568 1398 632 etiam
1432 575 1465 632 ct
1491 574 1710 646 contestatur,
1751 569 1813 632 hoc
1845 570 2041 634 sacrificium
2074 571 2176 641 semel

166 657 257 720 tione.
299 656 387 737 Quod
408 657 512 739 mapis
533 656 676 720 ieiuuum
698 658 741 717 est
763 673 799 717 ac
823 654 975 737 frivolum
994 674 1090 735 quam
1111 659 1147 717 ut
1198 660 1367 738 peractum
1389 654 1498 733 fuisse,
1521 655 1591 718 eius
1614 655 1682 718 vim
1705 663 1874 719 aeternam
1896 677 2097 737 permanere,
2120 658 2176 738 qai

166 742 354 824 refutatione
375 748 467 825 cpeat.
514 740 635 806 Partem
656 744 686 803 et
708 741 817 803 viuum
839 740 923 806 dedit
945 738 1147 805 Melchisedec
1199 738 1288 805 aliud
1309 740 1484 822 postulant,
1506 761 1615 804 nonne
1637 741 1744 822 ipsum
1767 740 2021 822 imperfectionis
2038 742 2176 807 insimu-

166 827 317 892 Abrahac
349 834 377 892 et
408 831 477 893 cius
505 825 679 904 caedibus,
708 831 744 888 ut
774 826 875 890 lassos
910 847 949 891 erc
982 827 1093 890 itiuerc
1119 830 1147 891 et
1198 827 1269 890 lant
1291 836 1324 889 et
1345 825 1567 891 infirmitatis?
1613 827 1661 890 At
1682 848 1760 891 vero
1782 828 1890 905 missa,
1915 849 1997 909 quae
2021 828 2081 893 hae
2103 828 2176 912 lege

160 913 284 996 proelio
311 913 454 994 reticeret.
503 914 586 995 Quid
614 911 669 977 hoo
689 912 732 976 ad
763 912 981 992 sacrificium?
1024 912 1147 976 Huma·
1199 913 1320 976 tradita
1341 921 1404 989 est,
1428 920 1465 975 ut
1489 911 1609 976 mihies
1632 920 1769 977 centena
1790 914 1952 979 sacrificia
1973 915 2008 977 in
2030 914 2175 997 singulos

165 1001 253 1064 uitas
274 1002 374 1064 sancti
394 1000 479 1083 repis
499 1000 649 1063 laudatur
670 1020 690 1061 a
708 996 814 1078 Mose,-
834 1001 1016 1079 musterium
1033 1001 1147 1079 impor-
1199 997 1268 1063 dies
1288 1006 1503 1081 peragantur,
1535 1020 1597 1079 quo
1618 1006 1744 1081 spectat
1765 999 1829 1064 nisi
1851 1007 1888 1063 ut
1909 999 2036 1065 Christi
2058 1001 2174 1084 passio,

165 1090 239 1150 turre
259 1087 315 1151 isti
336 1087 491 1151 cuculum
511 1087 602 1150 cuius
624 1084 713 1148 uultu
732 1083 769 1163 fit
789 1085 909 1149 mentio.
955 1084 1079 1149 Fucout
1101 1090 1147 1148 ta
1198 1105 1262 1167 qua
1289 1085 1421 1148 unicam
1450 1084 1590 1149 hostiam
1616 1106 1650 1149 se
1677 1086 1765 1168 patri
1787 1082 1919 1162 obtulit,
1949 1086 2077 1168 sepulta
2099 1085 2175 1150 sub-

165 1191 353 1237 mensuum
375 1192 510 1236 errorem
532 1171 596 1235 olio
614 1169 724 1247 colore,
746 1171 824 1249 quia
840 1171 981 1250 sequitur
1004 1172 1146 1235 emdiauo
1198 1192 1368 1253 mersaque
1396 1169 1526 1236 iaceat?
1579 1168 1677 1251 Quis,
1705 1172 1769 1236 nisi
1798 1191 1927 1249 caecus,
1962 1194 2028 1236 non
2054 1171 2174 1251 videat,

159 1261 249 1339 post:
276 1262 391 1322 eterat
412 1258 557 1323 sacerdos
579 1255 642 1321 Dei
664 1256 821 1319 altissimi.
866 1255 1056 1338 Respimulco,
1074 1277 1147 1340 pcr5
1198 1264 1332 1321 satanae
1354 1255 1525 1321 audaciam
1552 1256 1654 1321 111111
1675 1277 1757 1339 quae
1783 1257 1915 1321 veritati
1942 1258 2022 1322 adeo
2044 1266 2176 1340 apertae
2250 1258 2256 1266 “

161 1363 276 1424 mam
297 1364 346 1407 eos
368 1343 489 1408 trahere
512 1343 555 1407 ad
570 1362 688 1422 paoem
710 1345 737 1405 et
758 1343 865 1405 meum
887 1342 968 1422 quod
989 1343 1146 1422 apostolas
1199 1364 1237 1408 ac
1267 1341 1426 1407 dilucidae
1460 1342 1703 1408 obluctaretur?
1758 1342 1827 1407 Nee
1859 1364 1912 1407 me
1945 1343 2025 1408 latet
2058 1344 2178 1426 quibus¹

166 1430 210 1494 ad
243 1429 477 1494 batcdiotiouem
509 1429 610 1509 refert.
664 1428 767 1508 Quum
795 1447 866 1510 erpo
896 1429 1040 1493 sacerdos
1069 1433 1147 1492 essct
1198 1428 1382 1511 praestigiis
1421 1428 1506 1493 haue
1537 1449 1631 1492 suam
1668 1428 1818 1493 fraudem
1850 1436 2040 1510 praetexere
2071 1429 2176 1495 soleat

166 1513 246 1592 Dei,
274 1516 428 1580 benedixit
456 1515 615 1579 Abrahae.
674 1512 761 1578 Unde
788 1513 870 1578 idern
892 1514 1063 1595 apostolus,
1087 1534 1146 1595 quo
1198 1522 1292 1597 pater
1313 1514 1369 1578 ille
1391 1514 1569 1592 mendacii,
1593 1536 1659 1579 non
1682 1515 1774 1579 varia
1796 1536 1867 1579 csse
1888 1535 1949 1579 nee
1971 1514 2101 1579 diversa
2122 1537 2175 1580 sa-

166 1600 277 1666 melior
304 1621 364 1665 non
393 1606 437 1666 est
463 1601 659 1682 quaerendus
687 1601 853 1678 iuterpres,
885 1600 1000 1682 colligit
1027 1600 1145 1698 (Hebr.
1199 1601 1328 1679 crificia,
1353 1600 1410 1665 scd
1431 1623 1536 1665 unum
1556 1599 1644 1665 idem
1666 1603 1797 1683 saepius
1818 1600 1931 1682 repeti.
1976 1601 2104 1664 Verum
2125 1609 2174 1664 ta-

168 1691 198 1765 1,
219 1685 254 1770 7)
287 1688 357 1751 eius
383 1688 629 1769 praestantiam:
667 1685 744 1766 quia
772 1687 874 1750 minor
906 1686 1093 1750 leudicam
1125 1708 1147 1752 a
1198 1687 1246 1752 les
1279 1688 1361 1750 fumi
1389 1686 1481 1750 nullo
1515 1687 1645 1770 negotio
1685 1687 1913 1751 discutiuntur.
1970 1687 2054 1751 Tota
2086 1688 2175 1751 enim

166 1772 293 1837 maiore.
341 1773 429 1853 Quod
450 1773 480 1838 si
501 1772 611 1836 oblatio
633 1770 835 1836 Melchisedec
861 1770 1014 1851 sacrificii
1035 1773 1148 1837 missa-
1199 1772 1419 1855 disputatione
1452 1772 1619 1838 contendit
1655 1773 1819 1856 apostolus
1855 1792 1923 1835 non
1955 1771 2050 1836 modo
2084 1772 2176 1836 nulla

166 1858 210 1924 lis
239 1859 346 1941 heure
373 1864 463 1937 essct,
493 1876 538 1922 au
568 1857 741 1937 apostolus,
769 1856 901 1936 obsecro,
929 1859 986 1939 qui
1012 1859 1146 1923 minima
1198 1859 1263 1923 alia
1292 1880 1362 1924 esse
1390 1860 1563 1937 sacrificia,
1592 1858 1774 1923 sedunum
1802 1857 1884 1922 illud
1906 1858 2007 1922 semel
2029 1858 2175 1923 oblatum

167 1965 306 2026 quaeque
333 1945 462 2023 excutit,
489 1965 554 2009 reue
581 1944 657 2008 adeo
683 1944 800 2007 seriam
833 1947 1009 2026 etpraoem
1034 1944 1147 2023 fuisset
1198 1946 1312 2023 fuisse,
1339 1964 1399 2009 neo
1427 1945 1567 2027 amphus
1599 1944 1795 2009 iterandum.
1845 1942 2040 2009 Subtiliores
2067 1944 2175 2008 oecul-

167 2030 302 2096 oblitus?
354 2030 429 2094 lam
452 2029 621 2114 (quidquid
642 2029 810 2112 augeatur)
832 2031 984 2094 rationem
1005 2050 1085 2111 quae
1108 2029 1146 2094 ab
1198 2032 1280 2095 tiore
1308 2031 1489 2095 etiamnum
1515 2031 1601 2095 rima
1633 2031 1699 2095 effu
1725 2030 1813 2107 'unt,
1847 2050 1914 2095 uon
1945 2030 2175 2113 repetitionem

167 2117 236 2198 ipso
265 2117 399 2197 apostolo
423 2116 606 2193 adducitur,
638 2115 763 2196 frustra
791 2116 954 2179 conuellere
980 2115 1145 2195 tentabam,
1199 2137 1285 2195 esse,
1314 2116 1372 2183 sed
1393 2117 1652 2199 applicationem.
1726 2116 1767 2180 ed
1793 2116 1897 2179 nihilo
1920 2115 2085 2181 difficilius
2113 2115 2175 2181 hoo

168 2222 288 2268 cessare
314 2203 416 2267 iuset
444 2202 586 2266 timorem
608 2200 775 2265 sacerdotii
796 2202 877 2266 iuter
905 2200 1044 2265 homiues
1064 2223 1146 2266 mor-
1198 2223 1325 2285 quoque
1348 2203 1516 2285 sophisma
1537 2204 1733 2267 confutatur.
1772 2202 1886 2284 Neque
1909 2204 1997 2266 enim
2020 2202 2081 2266 hae
2102 2202 2175 2285 lage

167 2289 258 2367 tales,
291 2289 369 2370 quia
394 2286 551 2366 Christus,
584 2288 640 2368 qui
666 2287 855 2351 immortalis
881 2292 940 2365 est,
974 2288 1088 2353 urricus
1109 2307 1147 2352 ae
1199 2310 1233 2353 se
1256 2288 1373 2353 obtulit
1394 2289 1494 2354 semel
1518 2288 1680 2367 Christus,
1701 2296 1740 2353 ut
1761 2288 1856 2352 novis
1879 2288 2022 2370 quotidie
2040 2288 2175 2352 oblatio-

161 2379 333 2455 perpetuus
354 2379 399 2439 cst
417 2375 569 2438 sacerdos.
1198 2376 1296 2441 nibus
1328 2384 1438 2440 ratum
1474 2377 1569 2440 fieret
1608 2396 1706 2439 suum
1745 2373 1957 2454 sacrificinm
1991 2396 2107 2440 verum
2138 2380 2176 2438 ut

255 2464 283 2524 3.
328 2460 445 2524 Altera
473 2461 593 2524 missae
622 2459 729 2524 virtus
754 2458 923 2542 proposita
945 2467 1030 2537 erat,
1060 2459 1146 2542 quod
1199 2462 1361 2544 evangelii
1382 2460 1621 2544 praedieatione
1644 2481 1682 2525 ac
1700 2481 1811 2526 sacrae
1829 2480 1948 2526 coenae
1967 2459 2174 2525 administra-

169 2544 294 2610 Christi
327 2567 457 2612 crucem
491 2552 524 2610 et
553 2545 739 2628 passionem
771 2545 929 2627 opprimit
962 2553 995 2610 et
1027 2543 1143 2610 obruit.
1197 2548 1287 2611 11111
1308 2548 1435 2613 tructus
1457 2549 1526 2613 eius
1549 2547 1642 2612 nobis
1662 2548 1928 2612 communicetur.
1971 2545 2027 2611 Sic
2048 2546 2174 2611 Paulus
2229 2544 2235 2560 “

167 2631 242 2696 Η11
264 2631 395 2715 quidem
423 2632 643 2697 certissimum
666 2638 732 2709 est,
760 2631 854 2696 coorti
883 2629 1002 2695 Christi
1028 2652 1146 2697 crucem
1198 2633 1277 2696 dicit
1299 2635 1331 2718 (l
1354 2633 1428 2699 Cor.
1448 2638 1477 2712 5,
1497 2631 1532 2716 7)
1555 2632 1725 2699 Christum
1747 2633 1870 2716 pascha
1891 2638 2042 2697 nostrum
2057 2633 2175 2697 immo-

167 2718 262 2782 simul
294 2739 330 2782 ac
361 2719 496 2801 cripitur
530 2718 637 2782 altare.
684 2717 772 2781 Nam
799 2717 827 2780 si
854 2717 891 2780 in
920 2736 1015 2782 cruce
1042 2725 1146 2782 semet
1196 2719 1303 2783 latum
1332 2740 1416 2799 esse,
1450 2741 1488 2785 ae
1512 2739 1573 2784 nos
1601 2720 1727 2801 epulari
1756 2719 1854 2783 iubet.
1899 2718 2005 2796 Haec,
2029 2718 2173 2799 inquam,
2295 2726 2298 2733 '

166 2803 275 2887 ipsum
296 2805 332 2867 in
355 2805 551 2870 sacrificium
573 2803 698 2881 obtulit,
721 2825 786 2885 quo
807 2804 869 2866 nds
892 2803 927 2866 in
951 2812 1145 2886 perpetuum
1196 2806 1279 2869 ratio
1300 2813 1351 2871 est
1371 2826 1436 2888 qua
1456 2807 1549 2871 nobis
1571 2805 1633 2869 rite
1655 2805 1839 2888 applicatur
1856 2805 1961 2869 crucis
1979 2803 2175 2868 1111111111

168 2891 401 2968 11111111111,
431 2897 466 2954 11
494 2898 663 2955 aeternam
690 2888 947 2973 redemptionem
976 2889 1071 2954 nobis
1097 2911 1146 2955 ac-
1197 2890 1276 2956 dum
1296 2892 1473 2956 fruendum
1495 2892 1589 2957 nobis
1611 2885 1870 2957 communicatur
1887 2897 1921 2954 et
1938 2911 1999 2954 nos
2016 2909 2095 2954 vera
2111 2889 2176 2954 fide

167 2975 301 3056 quireret
322 2973 439 3059 (Hebr.
460 2981 489 3054 9,
512 2975 580 3060 12),
610 2976 699 3041 haud
722 2975 818 3039 dubie
840 2975 891 3039 vis
919 2982 1016 3057 atque
1037 2976 1145 3041 effica-
1197 2978 1381 3059 recipimus.
1794 3037 1798 3043 .

167 3061 218 3125 cia
240 3061 312 3124 eius
333 3062 483 3127 sacrificii
505 3062 596 3126 nullo
618 3063 684 3126 fine
705 3068 840 3144 perstat.
885 3061 1018 3144 Alioqui
1041 3062 1145 3125 nihilo
1284 3071 1313 3128 4.
1370 3062 1439 3129 Sed
1461 3082 1579 3146 operae
1607 3063 1752 3147 pretium
1780 3072 1831 3127 est
1852 3062 1966 3127 audire
1988 3082 2053 3145 quo
2080 3081 2175 3143 prae-

167 3145 436 3212 honorificentius
459 3148 498 3212 de
521 3147 655 3213 Christo
679 3149 877 3213 sentiremus
899 3169 998 3229 quam
1020 3146 1061 3211 de
1088 3149 1145 3213 bo-
1197 3157 1289 3215 terea
1324 3149 1537 3215 fundamento
1577 3149 1765 3214 missarium
1799 3149 1997 3214 sacrificium
2028 3147 2173 3212 fulciant.

166 3231 229 3296 hus
255 3238 289 3295 et
310 3233 423 3298 vitulis
444 3234 502 3316 qui
528 3234 588 3299 sub
611 3235 684 3317 lege
705 3234 975 3312 immolabantur;
1004 3255 1146 3316 quorum
1197 3236 1285 3299 Nam
1312 3235 1378 3302 hue
1400 3236 1583 3302 Malachiae
1605 3236 1800 3301 vaticinium
1821 3234 1973 3313 trahunt,
1997 3255 2061 3317 quo
2079 3233 2175 3316 polli-

165 3315 345 3382 oblationes
368 3342 410 3384 ax
431 3341 469 3384 eo
490 3320 674 3385 inefficaces
696 3326 882 3403 arguuntur
902 3328 936 3384 11
952 3319 1145 3399 imbecillae,
1199 3329 1292 3386 cetur
1316 3321 1481 3387 Dominus
1506 3323 1670 3401 futurum,
1702 3329 1741 3385 ut
1767 3322 1940 3387 incensum
1970 3341 2031 3403 per
2063 3318 2179 3383 orbem>

166 3401 254 3485 quod
275 3405 405 3487 saepius
426 3404 637 3470 iterabantur.
683 3403 795 3486 Quare
821 3413 878 3470 aut
898 3405 1026 3471 Christi
1047 3407 1146 3472 sacri·
1198 3409 1390 3473 universum
1416 3410 1574 3474 offeratur
1602 3408 1729 3474 nomini
1757 3430 1816 3474 sno
1838 3414 1871 3472 11
1892 3406 2012 3472 oblatio
2041 3405 2174 3472 munda

165 3488 257 3568 ficio,
285 3491 372 3572 quod
393 3493 429 3554 in
451 3512 547 3557 cruce
568 3491 733 3575 implevit,
763 3493 970 3575 purgationis
992 3498 1146 3556 aeternae
1199 3493 1303 3574 Quasi
1338 3516 1417 3560 vero
1456 3517 1578 3560 novum
1616 3496 1661 3558 sit
1694 3500 1753 3559 aut
1789 3494 1959 3559 insolitum
1997 3492 2175 3575 prophetis,

167 3573 237 3638 vim
266 3576 407 3642 11111111
434 3577 604 3643 latendum
632 3578 711 3656 erit,
739 3586 798 3642 aut
819 3599 886 3642 uno
916 3578 1018 3642 semel
1045 3579 1145 3644 sacri-
1199 3602 1300 3664 quum
1322 3580 1363 3646 de
1390 3583 1540 3665 gentium
1560 3582 1729 3648 vocatione
1750 3581 1944 3664 loquuntur,
1972 3577 2177 3662 spiritualem

167 3661 241 3725 ficio
267 3662 439 3727 Christum
469 3665 505 3728 in
542 3664 654 3729 omnia
686 3663 815 3729 saecula
845 3664 1036 3742 defunctum
1064 3686 1143 3728 esse.
1198 3664 1263 3731 Dei
1285 3667 1419 3745 cultum,
1444 3668 1486 3733 ad
1507 3690 1604 3750 quem
1625 3668 1699 3732 illas
1722 3667 1912 3742 hortantur,
1934 3671 2071 3729 externo
2094 3663 2176 3744 legis

167 3746 209 3810 Id
237 3755 288 3813 est
315 3749 401 3831 quod
423 3750 709 3833 dicit-apostolus,
738 3772 905 3815 summum
927 3750 1015 3815 hunc
1037 3751 1145 3832 ponti·
1197 3753 1266 3816 ritu
1295 3751 1483 3837 designare,
1512 3775 1576 3836 quo
1604 3754 1797 3818 familiarius
1819 3750 1940 3817 saeculi
1963 3749 2013 3812 sui
2035 3747 2176 3811 homini-

166 3834 263 3898 ficem
285 3833 458 3900 Christum
480 3837 581 3900 semel
608 3857 668 3919 per
695 3836 951 3901 immolationem
972 3837 1022 3901 sui
1045 3857 1145 3920 appa·
1197 3836 1258 3905 bus
1289 3839 1474 3905 indicarent
1499 3841 1535 3904 in
1564 3861 1678 3906 veram
1711 3836 1880 3920 religionis
1907 3836 2077 3899 societatem
2103 3853 2175 3897 esse

167 3921 288 3999 ruisse,
322 3920 383 3985 sub
417 3923 730 3987 consummationem
770 3923 907 4001 saeculi,
945 3921 986 3986 ad
1018 3923 1144 4005 peccati
1197 3925 1369 3992 vocandas.
1415 3925 1567 4007 Qualiter
1586 3927 1687 3989 etiam
1713 3924 1749 3985 in
1771 3922 1963 3986 universum
1984 3939 2096 3983 rerum
2116 3939 2174 3984 ve-

166 4007 440 4091 profligationem.
476 4007 576 4071 Item:
598 4009 770 4074 voluntate
790 4009 856 4073 Dei
878 4028 938 4072 nos
961 4010 1144 4076 sanctifica
1196 4013 1345 4092 ritatem,
1373 4034 1456 4095 quae
1478 4032 1537 4093 per
1559 4007 1768 4091 evangelium
1789 4005 1937 4071 exhibita
1958 4003 2035 4084 fuit,
2058 4005 2175 4070 aetatis

167 4101 219 4157 tos
240 4115 312 4158 esse
332 4114 392 4176 per
412 4094 610 4158 oblationem
628 4096 772 4176 eorporis
790 4095 867 4159 Iesu
885 4094 1011 4160 Christi
1033 4096 1143 4161 semel.
1197 4121 1274 4164 suae
1302 4101 1392 4183 typis
1420 4095 1602 4161 describere
1630 4093 1744 4159 solent.
1796 4089 1853 4157 Sic
1880 4112 1939 4174 pro
1962 4092 2174 4157 conversione

168 4176 283 4244 Item?
299 4178 470 4244 Christum
501 4201 567 4244 una
589 4178 750 4245 oblatione
778 4181 815 4244 in
844 4189 1040 4265 perpetuum
1067 4204 1144 4247 oon·
1196 4185 1239 4249 ad
1260 4185 1450 4259 Dominum,
1474 4200 1646 4246 ascensum
1666 4177 1914 4257 inlerusalem;
1935 4177 2174 4261 1111111111-

168 4284 348 4331 summasse
365 4266 584 4331 sanctificatos
602 4265 719 4351 (Hebr.
734 4271 762 4343 9,
777 4268 863 4330 2611
880 4272 928 4346 10,
950 4272 1061 4332 1114.
1080 4268 1142 4345 16).
1196 4272 1331 4348 ratione,
1353 4287 1530 4331 munerum
1553 4286 1649 4330 omne
1671 4285 1777 4349 genus
1795 4264 2006 4342 oblationem
2026 4284 2086 4347 pro
2105 4283 2174 4328 am·

167 4345 296 4431 Qubus
335 4351 500 4436 insignem
538 4353 736 4415 sententiam
769 4351 946 4419 subnectit:
985 4353 1144 4436 acquisita
1196 4356 1299 4439 pliore
1321 4354 1392 4418 eius
1414 4352 1546 4431 notitia,
1570 4351 1691 4435 quain
1712 4371 1815 4436 regno
1838 4349 1963 4416 Christi
1984 4349 2097 4414 fideles
2117 4346 2174 4411 do-

168 4435 269 4501 amal
295 4447 505 4520 peccatorum
532 4437 738 4515 remissione,
772 4437 897 4502 nullam
925 4439 1065 4521 amplius
1092 4460 1144 4502 re·
1196 4438 1942 4519 1111111111,111111111111111111111.
1977 4433 2074 4515 Quod
2095 4454 2174 4517 ergo

167 4524 258 4587 stare
278 4522 485 4591 oblationem.
524 4523 598 4587 Hoc
621 4530 655 4586 et
674 4529 841 4604 postrema
862 4543 923 4586 sua
943 4545 1023 4590 voce
1043 4530 1076 4589 et
1093 4525 1144 4587 in·
1197 4527 1308 4604 citant,
1332 4525 1427 4590 alteri
1441 4524 1644 4612 Iesaiae(19,
1657 4527 1694 4588 21
1711 4523 1814 4607 seqq.)
1829 4523 1984 4589 vaticinio
1996 4520 2102 4585 simile
2115 4526 2173 4598 est,

167 4613 221 4669 ter
238 4606 370 4673 ultimos
388 4610 524 4693 spiritus
545 4608 633 4674 edita
646 4607 800 4674 Christus
817 4607 1021 4691 significavit,
1044 4631 1145 4691 quum
1196 4612 1252 4677 ubi
1271 4612 1431 4696 propheta
1448 4611 1488 4677 de
1506 4609 1611 4676 tribus
1629 4611 1787 4675 altaribus
1804 4610 1840 4673 in
1858 4609 2004 4694 Assyria,
2022 4608 2174 4691 Aegypto

169 4690 267 4756 dixit:
298 4704 558 4761 consummatum
587 4700 637 4761 est
662 4694 792 4777 (Ioann.
815 4696 863 4771 19,
883 4696 948 4779 30).
993 4694 1145 4761 Solemus
1180 4707 1230 4764 ‘at
1246 4697 1371 4764 Iudaea
1388 4697 1551 4783 erigendis
1567 4694 1733 4780 praedicit
1766 4696 1918 4760 Primum
1935 4695 2024 4759 enim
2043 4711 2173 4775 quaero,

168 4784 334 4844 extremas
359 4784 569 4847 morientium
591 4802 686 4847 voees
714 4800 775 4862 pro
799 4779 939 4844 oraculis
961 4781 1144 4846 observare.
1198 4806 1308 4851 annon
1340 4784 1438 4849 huius
1470 4784 1662 4868 prophetiae
1695 4803 1767 4847 com
1790 4782 1970 4846 lamentum
2002 4780 2039 4843 in
2072 4797 2174 4862 reguo
2260 4826 2266 4837 .

169 4862 325 4930 Christus
345 4869 486 4934 moriens
511 4874 653 4934 testatur
675 4887 740 4931 nno
763 4887 821 4931 suo
843 4866 999 4931 sacrificio
1020 4867 1145 4949 perfee-
1198 4870 1324 4936 Christi
1342 4891 1413 4936 esse
1431 4869 1634 4936 concedant?
1668 4803 2173 4945 111111111111111111111111,

168 4956 242 5016 1111
263 4971 335 5017 esse
356 4959 390 5017 et
408 4953 580 5036 impletum
601 4952 760 5037 quidquid
778 4952 815 5015 in
837 4951 976 5016 salutem
997 4959 1145 5018 11111111
1198 4965 1256 5022 111
1273 4955 1404 5040 quando
1421 4978 1565 5040 unquam
1584 4955 1652 5021 sint
1668 4952 1816 5019 erectae?
1850 4952 1968 5027 Tertio,
1987 4972 2070 5016 num
2086 4949 2173 5014 exis·

169 5043 251 5104 erat
301 5034 404 5102 Nobis
430 5038 616 5107 huiusmodi
643 5040 817 5117 1111111111,
853 5040 946 5104 cuius
974 5039 1145 5121 perfeetio-
1197 5044 1317 5106 timent
1355 5042 1495 5127 singnhs
1533 5040 1645 5126 regnis
1680 5038 1839 5105 destinari
1871 5037 2003 5122 singula
2040 5036 2172 5118 templs,

168 5144 248 5191 nam
268 5123 453 5188 luculenter
470 5123 549 5191 adeo
566 5125 816 5203 commendavit,
834 5125 929 5207 quasi
944 5125 1144 5207 imperfecto,
1196 5128 1293 5212 quale
1319 5128 1403 5193 illud
1428 5127 1755 5212 hierosolymitanum
1785 5123 1870 5191 11111
1913 5124 2006 5189 Haec
2038 5123 2067 5188 si
2098 5142 2173 5206 per-

168 5230 214 5275 11
230 5210 406 5274 innumera
422 5209 565 5291 quotidie
582 5233 710 5279 assum
725 5211 849 5277 licebit?
876 5209 1145 5292 (1111111111-
1197 5215 1360 5300 pendunt,
1387 5213 1594 5296 fatebuntur,
1623 5212 1754 5296 opinor,
1783 5210 1977 5295 prophetam
2004 5207 2064 5275 sub
2083 5208 2173 5293 typis
