4672 5842
163 311 269 372 “893
521 309 612 376 LIB.
635 309 695 376 IV.
740 312 805 376 DE
827 308 1065 377 aarum
1086 309 1254 379 Munna
1276 312 1340 377 AD
1364 311 1595 380 SALUTEM.
1641 312 1741 379 OAP.
1763 313 1807 378 X.
1835 311 1898 376 XI.
2135 317 2211 395 *sas

206 507 353 565 retorem
375 520 413 564 ac
435 499 674 583 redemptorem
696 522 764 565 nou
785 501 970 584 suscipiunt
990 521 1050 566 nee
1066 522 1185 586 agnos-
1237 499 1312 566 dem
1339 524 1469 585 semper
1503 501 1629 583 ligandi
1657 501 1868 583 solvendique
1900 507 2059 583 potestas,
2093 523 2212 602 nempe

208 594 305 661 eunt,
337 606 390 650 eos
424 587 567 650 aeternis
600 586 739 652 vinculis
773 585 944 653 damnatos
978 587 1185 670 addictosque
1237 609 1296 671 per
1318 587 1455 652 verbum
1476 587 1549 664 Dei,
1572 587 1662 653 idem
1677 586 1879 665 mandatum,
1898 586 2013 650 eadem
2030 589 2210 668 promissio.

207 671 302 737 esse?
341 672 438 736 Hanc
459 671 658 754 legationem
678 694 780 755 quum
798 672 953 754 apostolis
971 674 1040 738 suis
1061 674 1098 737 in
1116 695 1185 738 om·
1236 673 1287 738 Eo
1320 682 1432 738 autem
1454 673 1625 752 differunt,
1659 672 1745 755 quod
1769 674 1860 756 prior
1888 673 1977 737 locus
2005 672 2213 755 peculiariter

207 779 267 822 nes
301 758 450 822 nationes
486 758 715 840 perferendam
753 757 897 823 maderet
937 758 1116 839 Dominus,
1148 767 1186 826 ut
1237 759 1278 823 de
1299 759 1539 842 praedicatione
1568 767 1619 824 est
1639 779 1704 842 qua
1725 760 1817 826 verbi
1846 759 1991 823 ministri
2012 759 2211 841 fungrmtur3

207 865 303 910 suam
326 865 397 908 esse
419 854 453 908 et
474 865 494 910 ι
515 866 550 908 se
577 845 754 927 profectam
777 844 981 926 approbaret,
1006 846 1068 910 boc
1089 866 1184 927 prae-
1236 845 1291 911 hic
1312 845 1354 910 ad
1371 845 1576 927 disciplinam
1593 846 1938 911 excommunicationis
1956 845 2107 928 pertinet,
2130 867 2213 927 quae

208 931 297 996 claro
325 930 511 994 testimonio
541 951 612 994 eam
636 930 823 1005 honoraria
855 929 953 1012 idque
975 932 1010 995 in
1030 933 1184 996 eximiam
1238 932 1392 998 ecclesiae
1414 931 1574 1013 permissa
1598 941 1656 996 est.
1701 933 1803 1014 Ligat
1824 939 1936 1004 autem
1958 930 2094 996 ecclesia
2114 953 2211 1013 quem

207 1015 469 1096 confirmatorem
496 1026 566 1080 tum
593 1016 812 1098 apostolorum
840 1017 1002 1099 ipsorum,
1036 1027 1107 1082 tum
1131 1039 1184 1083 eo-
1238 1018 1514 1097 excommunicat3
1543 1038 1609 1080 non
1632 1017 1717 1100 quod
1746 1018 1780 1081 in
1808 1025 2000 1099 perpetuam
2021 1017 2152 1080 ruinam
2173 1039 2211 1083 ac

207 1123 283 1166 rum
304 1121 433 1183 quoque
453 1103 600 1165 omnium
619 1100 665 1186 ad
685 1123 766 1183 quos
788 1110 993 1184 perventura
1009 1111 1089 1167 erat.
1118 1104 1185 1168 Re·
1239 1101 1497 1187 desperationem
1519 1104 1678 1178 conficiat,
1702 1103 1758 1168 sed
1781 1104 1857 1185 quia
1879 1105 1947 1167 eius
1966 1104 2068 1168 vitam
2087 1124 2124 1167 ac
2142 1123 2211 1167 mo·

208 1187 343 1264 ferebat,
357 1195 394 1250 ut
406 1188 544 1268 apostoli
562 1196 767 1253 constantem
785 1210 822 1253 ac
841 1187 978 1252 solidam
996 1210 1073 1253 suae
1091 1210 1185 1272 prae·
1238 1211 1291 1254 res
1313 1188 1457 1266 damuat,
1478 1208 1524 1266 ac,
1548 1190 1613 1253 nisi
1636 1189 1819 1272 resipuerit,
1843 1190 1908 1253 iam
1931 1208 2005 1253 eum
2024 1209 2101 1252 suae
2119 1188 2211 1253 dam-

208 1273 382 1338 dicationis
411 1274 640 1337 certitudinem
669 1273 842 1352 haberent;
870 1294 968 1356 quam
997 1296 1063 1339 non
1089 1274 1186 1340 modo
1238 1275 1380 1339 nationis
1408 1274 1569 1338 admonet.
1620 1273 1728 1340 Solvit
1754 1296 1851 1357 quem
1881 1276 1917 1338 in
1950 1275 2211 1339 communionem

208 1360 345 1425 infinitis
366 1358 549 1435 laboribus,
573 1361 670 1435 curis,
693 1358 866 1437 molestiis,
888 1361 1043 1441 perieulis
1065 1360 1186 1426 obituri
1238 1360 1367 1443 recipit,
1402 1362 1479 1442 quia
1507 1361 1598 1424 velut
1635 1362 1827 1443 participem
1860 1382 1936 1424 eum
1971 1361 2048 1424 facit
2074 1361 2211 1425 unitatis

209 1452 313 1521 erant,
337 1442 395 1508 sed
413 1466 472 1509 suo
491 1444 623 1509 demum
641 1446 800 1527 sauguine
820 1446 1033 1529 obsignaturi.
1064 1447 1185 1529 Ipsam,
1238 1467 1336 1528 quam
1358 1446 1457 1511 habet
1482 1447 1517 1510 in
1540 1445 1673 1511 Christo
1693 1447 1779 1511 Iesu.
1823 1447 1856 1510 N
1858 1466 1875 1509 ι
1903 1447 1975 1528 quis
1998 1466 2075 1528 ergo
2096 1454 2211 1512 contu-

208 1532 361 1613 inquam,
390 1542 428 1594 ut
449 1533 571 1595 scirent
600 1554 667 1595 uon
696 1551 816 1595 vanam
848 1553 918 1595 esse
951 1554 1012 1597 nec
1043 1533 1185 1611 inanem,
1238 1534 1375 1597 maciter
1397 1532 1551 1597 ecclesiae
1573 1532 1729 1598 iudicium
1751 1541 1948 1608 contemnat,
1972 1539 2029 1596 aut
2050 1532 2143 1613 parvi
2162 1533 2210 1596 fa·

209 1617 268 1682 sed
295 1618 458 1699 potentiae
491 1618 623 1699 plenam
651 1639 688 1682 ac
718 1617 864 1695 virtutis,
896 1619 1056 1685 referebat
1090 1618 1186 1683 utin
1238 1619 1303 1683 ciat
1324 1640 1359 1682 se
1387 1617 1533 1682 fidelium
1562 1619 1728 1702 suffragiis
1751 1618 1957 1696 damnatum,
1979 1624 2121 1682 testatur
2141 1615 2210 1682 Do-

210 1709 304 1768 tanta
330 1704 497 1767 anxietate
520 1712 559 1766 et.
574 1724 684 1767 rerum
713 1702 905 1767 difficultate
934 1705 1098 1786 tantisque
1120 1704 1186 1769 dis-
1237 1704 1347 1769 minus
1375 1703 1440 1768 tale
1468 1703 1615 1768 fidelium
1637 1705 1794 1770 iudicium
1817 1726 1882 1768 non
1905 1703 1993 1768 aliud
2020 1724 2211 1785 essequam

209 1788 410 1866 criminibus,
432 1789 553 1853 Deice
576 1792 743 1872 negotium
767 1808 864 1872 agere
890 1791 1038 1871 persuasi
1061 1798 1186 1869 essent;
1237 1790 1420 1854 sententiae
1448 1810 1525 1853 suae
1554 1790 1862 1874 promulgationem,
1895 1798 2067 1870 ratumque
2097 1788 2210 1853 baberi

210 1882 249 1938 ut
271 1881 337 1939 toto
358 1874 481 1938 mundo
504 1873 698 1940 adversante
716 1884 750 1937 et
765 1883 981 1958 repugnante,
1000 1874 1109 1940 Deum
1126 1896 1186 1957 pro
1238 1876 1273 1939 in
1302 1876 1398 1940 caelis
1421 1874 1506 1958 quod
1534 1875 1582 1939 illi
1609 1877 1645 1940 in
1670 1886 1760 1954 terra
1787 1877 1924 1960 egerint.
1968 1873 2103 1939 Habent
2123 1876 2211 1939 euim

210 1983 245 2025 se
274 1970 359 2024 stare
382 1971 627 2043 cognoscerent
651 1971 688 2024 ut
711 1960 896 2039 Christum,
920 1960 1086 2026 doctrinae
1108 1983 1186 2026 suae
1238 1961 1375 2026 verbum
1401 1961 1478 2035 Dei,
1507 1983 1570 2043 quo
1597 1983 1767 2044 perversos
1795 1962 1965 2040 damnent;
1993 1961 2116 2025 babent
2138 1982 2210 2025 ver·

210 2054 368 2124 autorem,
391 2055 525 2128 aspectu
546 2048 581 2110 in
603 2060 691 2111 terra
708 2054 915 2128 praesentem
933 2069 1000 2110 nou
1018 2047 1185 2126 babentes,
1238 2046 1317 2111 bum
1338 2068 1403 2130 quo
1425 2047 1651 2128 resipiscentes
1673 2048 1707 2111 in
1731 2050 1872 2132 gratiam
1890 2049 2057 2130 recipiant.
2087 2047 2210 2111 Errare

208 2133 319 2215 ipsum
351 2155 422 2196 esse
449 2132 485 2195 iu
507 2133 606 2197 coelo
645 2132 882 2214 intelligerent,
916 2130 958 2196 ad
986 2131 1186 2197 *firmandam
1238 2141 1348 2197 autem
1380 2155 1447 2197 non
1480 2141 1631 2213 possunt,
1661 2155 1723 2207 nec
1751 2135 1855 2199 aDei
1880 2133 1999 2199 iudicio
2027 2132 2209 2211 dissentire,

208 2219 279 2283 eius
319 2240 417 2300 quam
462 2218 525 2282 sibi
571 2217 752 2282 tradiderat
790 2217 957 2283 doctrinae
1001 2220 1184 2283 veritatem.
1238 2218 1313 2300 quia
1340 2240 1405 2282 non
1433 2219 1497 2282 uisi
1528 2239 1569 2282 ex
1598 2220 1669 2303 lege
1689 2219 1753 2283 Dei
1780 2219 1941 2296 iudicant,
1965 2240 2048 2300 quac
2070 2240 2137 2283 uon
2158 2219 2209 2298 in-

209 2302 391 2386 Oportebat
418 2326 550 2368 rursum
576 2313 609 2368 et
636 2302 839 2367 auditoribus
866 2303 1047 2368 certissime
1070 2306 1185 2369 testifi·
1237 2312 1328 2368 certa
1360 2315 1410 2369 est
1441 2313 1501 2368 aut
1528 2314 1662 2369 terrena
1690 2308 1813 2388 opinio,
1843 2305 1900 2370 sed
1928 2311 2041 2370 sancta
2062 2304 2127 2368 Dei
2152 2326 2209 2368 vo-

208 2397 319 2456 catum
344 2412 429 2467 esse,
459 2390 549 2454 illam
574 2391 736 2473 evangelii
760 2388 941 2454 doctrinam
968 2410 1035 2453 non
1058 2400 1185 2472 aposto·
1235 2390 1348 2455 luntas
1375 2399 1409 2454 et
1441 2390 1579 2455 coeleste
1607 2392 1782 2456 oraculum.
1827 2392 1882 2456 Ex
1910 2391 1980 2455 istis
2009 2390 2134 2454 duobus
2160 2389 2209 2454 lo-

208 2475 317 2540 lorum
344 2497 414 2541 esse
447 2496 644 2553 sennonem,
674 2475 731 2539 sed
753 2475 818 2540 Dei
839 2476 955 2557 ipsius;
983 2497 1049 2539 non
1071 2495 1186 2540 vocem
1237 2477 1296 2554 cis,
1330 2498 1409 2558 quos
1442 2485 1479 2540 ut
1506 2476 1663 2553 breviter,
1698 2479 1745 2541 ιιι
1772 2485 1806 2542 ιι
1832 2478 2036 2543 familiariter
2068 2484 2101 2540 et
2133 2497 2209 2541 vere

209 2563 246 2625 in
268 2572 355 2627 terra
376 2570 505 2637 natam,
535 2561 592 2625 sed
614 2583 632 2626 ι
661 2561 750 2627 coelo
778 2560 952 2644 delapsam.
998 2560 1073 2625 Nou
1096 2563 1184 2626 enim
1236 2583 1407 2628 enarrasse
1429 2562 1512 2626 mibi
1534 2562 1655 2640 videor,
1678 2563 1792 2628 furiosi
1814 2563 1872 2640 illi,
1896 2563 1987 2627 nullo
2011 2560 2208 2639 discrimine,

209 2647 243 2711 in
266 2649 408 2713 hominis
428 2656 590 2730 potestate
612 2648 693 2712 baec
714 2669 784 2712 esse
806 2655 952 2730 possunt,
975 2654 1184 2729 peccatorum
1236 2656 1334 2730 prout
1365 2670 1424 2713 sua
1456 2649 1618 2731 vertigine
1646 2649 1810 2726 feruntur,
1844 2670 1932 2713 nune
1965 2648 2208 2724 confessionem,

207 2735 364 2811 remissio,
387 2735 559 2816 promissio
581 2734 669 2796 vitae
684 2741 859 2810 aeternae,
882 2732 998 2797 salutis
1020 2734 1181 2799 nuntium.
1235 2756 1322 2799 nunc
1334 2735 1711 2812 excommunicationem,
1729 2757 1817 2800 nunc
1836 2734 2102 2811 iurisdictionem,
2120 2755 2209 2798 nunc

208 2822 416 2887 Testificatus
449 2828 500 2884 est
532 2840 610 2903 ergo
643 2819 797 2884 Christus
838 2818 921 2882 nihil
954 2818 988 2882 in
1022 2820 1183 2903 evangelii
1234 2821 1285 2884 ius
1313 2819 1473 2885 condendi
1498 2821 1603 2903 leges,
1632 2841 1720 2884 nunc
1748 2820 1969 2904 indulgentias
1991 2827 2134 2884 statuere
2156 2839 2208 2883 ce·

206 2906 449 2988 praecentione
472 2905 691 2989 apostolorum
710 2925 779 2969 esse
801 2913 931 2987 praeter
947 2904 1182 2985 ministerium
1234 2914 1364 2970 uantur.
1409 2907 1560 2971 Priorem
1582 2927 1659 2971 vero
1681 2905 1723 2969 ad
1745 2905 1960 2971 astruendum
1982 2925 2135 2970 romanae
2157 2925 2208 2969 ιι-

208 3013 244 3055 ιι
272 3012 343 3055 esse
371 2992 425 3073 qui
454 3014 512 3074 per
539 3013 652 3056 corum
674 3010 745 3067 ora,
777 2992 868 3056 velut
887 3012 947 3072 per
967 3011 1106 3074 organa,
1135 2991 1183 3055 lo·
1233 2990 1285 3056 dis
1306 2993 1486 3075 primatum
1508 2991 1659 3074 allegant.
1704 2991 1754 3056 lta
1773 3000 1894 3056 norunt
1913 2991 2021 3056 claves
2042 3010 2119 3055 suas
2136 2991 2208 3072 qui·

208 3083 364 3157 queretur
385 3079 493 3141 omnia
516 3086 549 3142 ct
575 3077 787 3159 promitteret.
833 3077 949 3158 Itaque
974 3084 1182 3158 peccaterum
1234 3077 1295 3142 bus
1324 3079 1432 3144 visum
1460 3087 1510 3142 ιιι
1537 3089 1649 3160 aptare
1677 3080 1758 3143 seris
1780 3086 1813 3143 et
1834 3078 1940 3143 ostiis:
1969 3085 2007 3141 ut
2028 3076 2117 3141 dicas
2139 3083 2209 3141 tota

209 3163 433 3227 remissionem
461 3185 559 3245 quam
588 3164 856 3239 annuntiarent,
879 3184 992 3227 veram
1020 3183 1091 3227 esse
1117 3161 1182 3227 Dei
1237 3165 1305 3229 vito
1327 3184 1381 3229 eos
1404 3171 1508 3228 artem
1526 3164 1678 3228 fabrilem
1700 3164 1893 3229 exercuisse.

209 3249 472 3329 promissionem3
513 3247 756 3314 damnationem
789 3269 887 3330 quam
918 3250 1181 3331 pronuntiarent,
1322 3253 1350 3314 3.
1402 3249 1428 3333 ¹)
1438 3250 1526 3315 Nam
1547 3248 1633 3332 quod
1656 3250 1807 3314 nonnulli
1830 3250 1941 3314 omnia
1966 3248 2024 3312 illa
2045 3254 2209 3330 tempora·

209 3342 337 3398 certum
357 3356 428 3399 csse
449 3337 514 3400 Dei
537 3335 703 3400 iudicium.
748 3335 841 3399 Haec
864 3342 975 3399 autem
997 3335 1182 3400 testificatio
1234 3336 1286 3401 ria
1306 3337 1406 3401 firisse
1427 3336 1660 3420 imaginantur,
1683 3358 1783 3418 quum
1805 3336 2016 3419 magistratus
2038 3355 2058 3398 a
2078 3334 2208 3417 religio·

210 3420 347 3484 saeculis
380 3422 531 3486 omnibus
564 3420 641 3486 data
666 3430 730 3499 est,
758 3423 918 3502 firmaque
946 3427 1071 3498 manet,
1100 3441 1182 3503 quae
1233 3423 1286 3487 nis
1314 3430 1447 3487 nostrae
1474 3422 1673 3504 professione
1700 3422 1799 3487 alieni
1829 3421 1936 3486 adhuc
1958 3421 2081 3499 forent,
2113 3421 2150 3485 in
2171 3440 2208 3485 eo
2309 3439 2313 3451 ’

209 3506 363 3570 certiores
389 3527 502 3572 omnes
530 3528 723 3589 securosque
755 3506 890 3583 reddat,
916 3506 1079 3590 evangelii
1107 3528 1181 3572 ver·
1233 3507 1403 3586 falluntur,
1425 3508 1511 3591 quod
1533 3529 1600 3572 nou
1618 3508 1886 3575 animadvertunt
1903 3516 2064 3589 quantum
2082 3506 2126 3572 sit
2143 3506 2209 3571 dis·

208 3592 303 3668 bum,
348 3614 367 3656 a
402 3613 592 3675 quoeunque
631 3593 764 3657 taudem
802 3593 935 3656 homine
967 3592 1181 3674 praedicetur,
1233 3595 1358 3658 crimen
1391 3601 1424 3658 et
1445 3594 1550 3676 qualis
1577 3592 1807 3659 dissimilitudo
1836 3593 2073 3658 ecclesiasticae
2101 3600 2135 3657 et
2163 3593 2208 3658 oi-

208 3678 408 3759 ipsissimam
441 3700 511 3743 esse
543 3680 608 3744 Dei
640 3679 853 3757 sententiam,
894 3677 981 3760 apud
1014 3700 1182 3743 summum
1233 3680 1309 3745 vilis
1330 3682 1509 3762 potestatis.
1543 3681 1657 3763 Neque
1679 3680 1768 3744 enim
1788 3681 1841 3744 ius
1863 3678 1964 3762 gladii
1986 3679 2085 3742 habet
2106 3677 2207 3742 eccle-

208 3763 354 3828 tribunal
381 3764 635 3848 promulgatam,
668 3765 704 3828 in
731 3765 815 3829 libro
838 3765 924 3829 vitae
952 3765 1124 3846 scriptam,
1146 3765 1202 3829 iu·
1232 3767 1283 3832 sia
1309 3786 1373 3847 quo
1405 3767 1522 3848 puniat
1543 3766 1597 3833 vol
1625 3774 1786 3841 coereeat,
1809 3787 1876 3830 non
1897 3764 2072 3845 imperium
2094 3769 2133 3824 ut
2154 3781 2206 3825 co-

206 3849 297 3917 eoelo
320 3858 426 3914 ratam
443 3852 573 3915 firmam
591 3872 628 3916 ac
645 3852 755 3915 fixam.
789 3850 968 3927 Habemus,
987 3858 1181 3932 potestatem
1233 3860 1299 3936 gat,
1321 3873 1388 3917 non
1409 3874 1582 3930 carcerem,
1605 3874 1671 3916 non
1692 3871 1814 3934 poenas
1832 3850 1913 3914 alias
1930 3868 2012 3929 quae
2029 3846 2136 3911 solent
2154 3848 2206 3911 iu-

207 3936 350 4001 clavium
375 3957 445 3999 esse
464 3937 655 4018 simpliciter
671 3938 706 3999 in
724 3937 789 4000 illis
806 3937 886 4002 locis
905 3935 1069 4020 evangelii
1086 3957 1180 4019 prae-
1232 3938 1304 4022 fligi
1337 3960 1356 4002 a
1382 3941 1589 4022 magistratu.
1634 3935 1762 4001 Deinde
1790 3956 1856 3999 uon
1888 3935 1950 3998 hoc
1978 3933 2061 4016 agit,
2090 3933 2205 4015 utqui

207 4022 416 4100 dicationem;
445 4042 504 4086 neo
534 4029 602 4086 tam
635 4031 830 4103 potestatem
859 4043 930 4088 esse
958 4043 1056 4104 quam
1082 4024 1181 4086 mini-
1233 4025 1381 4106 peccavit
1407 4024 1530 4089 invitus
1559 4023 1733 4104 plectatur,
1762 4020 1820 4084 sed
1840 4031 1878 4084 ιιι
1899 4018 2086 4084 voluntaria
2108 4021 2205 4084 casti-

206 4109 358 4186 stcrium,
382 4109 410 4172 si
431 4107 473 4171 ad
496 4107 645 4172 homines
667 4109 867 4189 respicimus.
911 4109 988 4172 Non
1011 4109 1098 4173 enim
1121 4109 1180 4173 ho·
1234 4110 1365 4193 gatioue
1392 4109 1625 4192 poenitentiam
1654 4108 1854 4189 profiteatur.
1898 4105 1962 4172 Est
1985 4105 2088 4188 igitur
2110 4106 2205 4188 longe

206 4194 350 4273 minibus
384 4194 468 4259 hanc
501 4200 696 4275 potestatem
732 4195 861 4275 proprie
894 4192 1047 4259 Christus
1079 4193 1178 4275 dedit,
1232 4195 1364 4262 diversa
1384 4195 1483 4260 ratio:
1512 4195 1589 4276 quia
1611 4215 1671 4258 nec
1693 4191 1871 4275 quidquam
1893 4191 1956 4257 sibi
1982 4193 2082 4256 sumit
2103 4192 2205 4256 eccle-

207 4280 264 4343 scd
288 4281 386 4345 verbo
409 4302 476 4359 suo,
500 4279 594 4345 cuius
616 4279 766 4343 homines
787 4280 953 4346 ministros
975 4281 1060 4345 fecit
1233 4282 1282 4347 sia
1303 4280 1388 4363 quod
1410 4281 1453 4346 sit
1473 4281 1644 4361 proprium
1665 4279 1895 4361 magistratus,
1924 4299 2030 4358 neque
2052 4277 2113 4341 hoc
2135 4277 2205 4341 effi·

292 4370 321 4430 2.
371 4366 482 4443 Alter,
512 4385 610 4447 quem
637 4363 677 4428 de
697 4364 822 4447 ligendi
847 4373 880 4428 et
902 4365 1049 4431 solvendi
1071 4372 1180 4448 petes-
1232 4388 1306 4433 cere
1326 4373 1432 4450 potest
1454 4366 1667 4448 magistratus
1694 4363 1783 4447 quod
1809 4365 1849 4429 ab
1872 4363 2006 4428 ecclesia
2027 4363 2203 4445 peragitur.

206 4458 272 4516 tate
289 4462 421 4517 exstare
440 4452 592 4528 diximus,
611 4450 700 4515 locus
718 4450 880 4514 Matthaei
903 4454 951 4528 18,
973 4455 1011 4515 18
1030 4449 1179 4528 habetur,
1231 4453 1395 4535 Exemplo
1420 4453 1479 4516 fiet
1507 4453 1569 4517 hoc
1595 4452 1731 4517 facilius.
1775 4450 1961 4515 Inebriatus
1988 4461 2039 4513 est
2066 4447 2203 4531 aliquis?

206 4537 263 4602 ubi
295 4540 342 4602 ait
369 4538 540 4603 Christus:
575 4538 604 4602 si
636 4537 738 4600 frater
771 4535 889 4617 aliquis
916 4537 1086 4602 ecclesiam
1112 4559 1180 4602 non
1231 4540 1268 4603 in
1285 4539 1367 4603 urbe
1389 4538 1471 4602 bene
1493 4539 1681 4615 constituta,
1704 4558 1809 4619 poena
1830 4537 1894 4601 erit
1915 4555 2035 4601 carcer.
2070 4531 2204 4610 Scorta-

206 4623 355 4701 audierit‚
378 4627 422 4689 sit
442 4625 503 4690 tibi
523 4625 610 4688 sicut
631 4622 782 4687 ethnicus
804 4628 838 4684 et
855 4621 1060 4702 publicanus:
1084 4643 1180 4688 amen
1232 4633 1285 4690 tus
1309 4625 1380 4689 est?
1404 4633 1463 4689 aut
1484 4625 1609 4703 similis,
1632 4631 1691 4688 aut
1711 4624 1818 4705 potius
1840 4623 1952 4686 maior.
1994 4621 2048 4685 Ita
2070 4621 2132 4685 erit
2153 4642 2205 4685 sa·

206 4707 278 4773 dico
310 4710 418 4789 vobis,
452 4729 664 4793 quaecunque
701 4707 882 4791 ligaveritis
915 4729 1013 4790 super
1045 4715 1178 4789 terram,
1231 4711 1398 4776 tisfaotum
1425 4720 1461 4782 et⁴
1480 4710 1621 4794 legibus,
1645 4720 1678 4774 ιι
1698 4708 1921 4792 magistratui,
1943 4712 1977 4770 et
1997 4715 2133 4771 externo
2154 4706 2205 4770 iu·

206 4799 307 4860 amnt
326 4794 427 4877 ligata
447 4806 480 4862 et
501 4797 534 4861 in
558 4796 665 4873 coelo;
692 4813 904 4876 quaeeunque
925 4792 1103 4872 solveritis,
1127 4816 1178 4859 so-
1229 4796 1324 4863 dicio.
1369 4798 1417 4861 At
1443 4798 1514 4860 fieri
1541 4797 1662 4879 poterit
1694 4804 1731 4859 ιιι
1758 4794 1882 4858 nullam
1905 4792 1960 4858 det
1986 4792 2205 4874 poeniteutiae

205 4879 277 4944 luta
299 4889 404 4946 erunt.
448 4883 514 4948 Hic
534 4883 627 4948 loeus
649 4902 715 4945 non
737 4880 871 4943 omnino
893 4887 944 4944 est
964 4879 1065 4961 priori
1087 4880 1177 4945 simi·
1230 4882 1514 4965 significatiomm,
1537 4884 1617 4965 quin
1638 4881 1746 4964 potius
1768 4888 1806 4944 ut
1827 4880 2053 4944 obmurmuret
2069 4878 2123 4944 vel
2139 4879 2204 4942 fre-

205 4965 255 5044 lis,
279 4965 336 5031 sed
358 4967 457 5050 paulo
477 4969 515 5031 iu
535 4967 700 5034 diversam
722 4972 849 5048 partem
868 4963 1100 5048 intelligendus
1117 4972 1175 5031 est
1229 4975 1308 5034 mat.
1352 4969 1409 5033 Au
1429 4968 1498 5034 illic
1517 4968 1656 5034 cessabit
1677 4965 1835 5032 sedecia?
1880 4967 1928 5031 At
1947 4966 2048 5049 recipi
2071 4964 2112 5030 ad
2132 4985 2204 5031 coe·

204 5053 280 5117 Non
309 5064 420 5117 autem
447 5055 493 5118 sic
515 5052 660 5119 diversos
681 5052 779 5129 facio,
801 5061 928 5115 utnon
955 5051 1095 5115 multam
1118 5051 1177 5116 ha-

204 5137 305 5203 beant
324 5139 412 5203 inter
433 5160 468 5202 se
490 5139 691 5205 affinitatem.
735 5137 808 5203 Hoc
829 5139 973 5220 primum
991 5136 1112 5219 ubique
1133 5138 1176 5202 si-
1232 5146 1268 5149 ”
1306 5144 1397 5149 ”w

203 5224 282 5289 mile
309 5232 374 5303 est,
399 5221 485 5306 quod
507 5232 645 5308 utraque
666 5231 717 5290 est
737 5224 899 5308 generabo
919 5223 1099 5303 sententia,
1122 5244 1176 5290 ιι
1299 5243 1326 5310 1)
1350 5242 1463 5295 transit
1479 5242 1504 5295 a.
1524 5243 1539 5295 ἱ.
1558 5241 1595 5294 αι
1614 5243 1636 5307 ς.
1657 5239 1714 5293 rto.
