4672 5842
231 335 292 397 eor
877 322 1143 393 mantnano
1162 324 1268 391 aul..
1290 323 1472 390 euulsa.
1498 327 1590 389 issa.
1784 306 1788 313 ’
2174 324 2237 385 coe

229 518 341 594 nibus,
375 516 594 593 contumeliis,
628 526 687 580 ete.
744 513 966 596 Quamobrem
999 513 1082 577 nihil
1115 515 1207 579 obest
1259 512 1359 577 fidem
1380 533 1421 576 cx
1444 534 1509 594 qua
1537 513 1619 577 vivit
1645 524 1679 576 et
1700 511 1881 577 secundum
1909 532 2009 594 quam
2030 511 2065 575 in
2086 508 2237 575 omuibus

229 603 404 687 quominus
432 602 534 665 vitam
562 610 728 666 aeternam
758 600 1071 677 remunerationem,
1106 601 1207 682 scrip-
1260 598 1386 662 delictis
1414 601 1482 663 suis
1504 620 1538 663 se
1560 612 1703 674 accusat,
1730 600 1765 661 in
1795 598 1949 661 omnibus
1969 596 2063 662 bonis
2085 596 2238 679 operibns

229 698 322 753 turae
343 687 507 770 exemplo,
531 708 683 751 vocemus
690 711 698 765 ;
720 685 806 768 quod
829 688 863 750 in
884 708 924 761 ca
944 686 1109 750 Dominus
1131 707 1207 750 snos
1259 683 1369 748 Deum
1386 684 1509 760 laudat,
1532 683 1593 748 sibi
1612 685 1758 749 tribuens
1776 683 1997 766 ignominiam,
2021 682 2070 745 illi
2088 683 2237 765 gloriam,

229 795 271 840 ex
291 772 457 838 laboribus
481 773 513 836 in
536 774 687 854 quietem,
712 794 753 836 ex
771 772 946 836 afflictione
968 773 1003 836 in
1018 791 1208 853 prosperam
1259 780 1357 853 atquc
1385 771 1425 834 ab
1453 772 1524 852 ipso
1551 792 1684 836 sumens
1712 777 1745 834 et
1767 769 2006 852 indulgentiam
2027 782 2238 850 peccatorum

227 865 258 925 et
288 859 453 941 opwbilcm
479 864 607 936 aotam,
640 880 681 922 ox
710 859 873 922 moestitia
901 860 935 921 in
966 857 1137 941 gaudium,
1165 880 1207 921 ex
1259 864 1294 920 et
1315 855 1522 921 dilectionem
1545 865 1633 920 recte
1655 856 1829 930 lacteum,
1859 855 1899 919 de
1922 856 1985 919 hac
2006 855 2075 919 vita
2095 854 2238 919 liberan-

228 954 423 1030 paupcrtate
445 945 480 1008 in
503 945 720 1021 affluentiam,
750 966 791 1007 ex
813 944 992 1026 ignominia
1014 945 1048 1005 in
1070 943 1208 1026 gloriam
1259 941 1321 1007 dus
1342 943 1377 1005 in
1396 944 1594 1007 consortium
1606 942 1731 1007 Christi
1748 942 1877 1024 migrat
1894 932 2034 1021 ¹Quare,
2058 942 2122 1005 uisi
2140 961 2238 1023 prop-

229 1032 380 1114 recipiat,
414 1032 524 1094 omnia
553 1029 692 1111 denique
720 1050 802 1111 qnae
832 1030 978 1112 perpessi
1006 1039 1084 1093 sunt
1110 1029 1206 1106 mala,
1259 1036 1311 1092 ter
1331 1027 1451 1092 fidem?
1474 1049 1556 1110 quae
1578 1028 1654 1091 licet
1676 1029 1747 1091 sino
1768 1026 1920 1109 operibus
1941 1026 2109 1090 neminem
2131 1027 2240 1091 salvat

229 1117 323 1183 bonis
345 1117 521 1180 maioribus
543 1125 715 1198 permutet.
762 1113 819 1180 Sic
841 1123 875 1179 et
896 1115 978 1179 nihil
999 1115 1061 1178 crit
1083 1115 1207 1180 incom-
1259 1115 1346 1197 (ipsa
1368 1115 1454 1177 enim
1478 1127 1613 1178 estnon
1636 1113 1774 1195 reproba
1794 1113 1883 1189 fides,
1906 1133 1990 1193 quae
2011 1133 2071 1194 per
2093 1112 2239 1177 dilectio·

229 1201 319 1268 modi
351 1203 380 1266 si
408 1204 494 1266 vitae
522 1201 729 1265 sanctitatem
752 1201 980 1265 existimemus
1007 1222 1078 1265 csse
1107 1202 1205 1280 mam,
1259 1221 1334 1263 nem
1357 1200 1535 1283 operatur),
1558 1210 1668 1263 tamen
1690 1220 1749 1281 per
1769 1200 1875 1280 ipsam
1897 1199 1996 1262 etiam
2019 1207 2151 1280 peccata
2171 1198 2238 1263 sol·

230 1309 298 1354 non
331 1286 461 1369 quidem
487 1308 569 1368 quae
598 1285 721 1350 aditum
752 1288 877 1370 aperiat
903 1288 939 1349 in
966 1286 1103 1369 gloriam
1135 1307 1206 1351 coe·
1259 1294 1399 1362 vuntur,
1433 1287 1510 1367 quia
1536 1287 1642 1350 iustus
1668 1307 1709 1349 ex
1736 1284 1801 1349 fide
1828 1285 1925 1362 vivit;
1959 1283 2030 1348 sine
2056 1285 2126 1366 ipsa
2157 1306 2237 1348 vero

230 1374 321 1440 lestis
344 1374 452 1456 regui,
480 1371 538 1437 sed
560 1393 624 1454 qua
646 1373 741 1437 electi
769 1371 882 1436 aDeo
904 1392 964 1437 suo
990 1374 1025 1435 iu
1045 1374 1116 1437 cius
1137 1394 1207 1436 ma·
1259 1391 1342 1453 quae
1371 1371 1524 1435 videntur
1557 1372 1641 1435 bona
1673 1392 1785 1453 opera,
1820 1372 1854 1433 in
1887 1379 2021 1452 peccata
2050 1378 2235 1434 vertuntur.

230 1461 472 1526 nifestatmnem
495 1457 669 1522 ducantur:
695 1458 824 1540 quando
848 1458 928 1523 hacc
951 1459 1035 1522 bona
1056 1459 1128 1523 eius
1151 1480 1208 1521 vo·
1259 1456 1324 1521 Hic
1346 1468 1433 1521 certo
1456 1479 1522 1521 uon
1544 1456 1679 1521 obscure
1701 1458 1835 1531 fatetur,
1859 1455 1944 1537 quod
1967 1462 2137 1538 tantopere
2159 1475 2243 1521 cono

230 1545 341 1611 luntas
370 1551 433 1622 est,
468 1544 651 1626 glorificare
679 1565 760 1626 quos
787 1545 1011 1609 sanctificavit
1063 1545 1207 1608 Tantum
1259 1541 1439 1617 tendimus,
1470 1543 1546 1607 inde
1568 1542 1710 1625 pendere
1734 1541 1891 1605 bonorum
1918 1563 2055 1624 operum
2076 1542 2236 1606 iustitiam

231 1652 274 1696 ne
305 1630 551 1695 correlationem
584 1631 692 1693 meriti
721 1651 759 1694 ac
787 1629 945 1695 mercedis
979 1629 1206 1713 imaginemur,
1260 1627 1346 1710 quod
1367 1650 1425 1710 per
1448 1631 1578 1693 veniam
1600 1628 1672 1692 Deo
1695 1626 1927 1711 approbantur.

231 1718 267 1781 in
300 1738 364 1799 qua
395 1716 583 1797 importune
616 1716 755 1779 haerent
787 1715 967 1799 sophistae,
1001 1716 1077 1797 quia
1109 1716 1206 1779 istum
1348 1719 1375 1777 6.
1411 1714 1642 1797 Superioribus
1660 1716 1738 1780 locis
1759 1715 1946 1795 proximum
1963 1733 2096 1778 sensum
2114 1712 2239 1778 habent

230 1823 328 1886 quem
359 1803 553 1884 exponimus
591 1802 690 1865 finem
726 1822 793 1865 non
824 1801 1040 1866 considerant.
1098 1799 1208 1881 Quam
1260 1800 1329 1864 isti:
1354 1800 1449 1864 facito
1470 1801 1560 1865 vobis
1579 1801 1699 1864 amicos
1722 1799 1762 1863 dc
1784 1820 1971 1864 mammona
1987 1799 2177 1882 iniquitatis,
2200 1808 2239 1863 ut

231 1895 341 1954 autem
364 1894 610 1969 praeposterum
632 1897 697 1964 cst,
727 1887 782 1951 ubi
811 1888 845 1951 in
868 1909 969 1951 unum
992 1888 1093 1951 finem
1115 1899 1209 1951 vocat
1261 1907 1361 1968 quum
1384 1886 1580 1963 defeceritis,
1608 1887 1768 1968 recipiant
1788 1907 1846 1950 vos
1867 1886 1904 1948 in
1926 1894 2062 1949 aeterna
2083 1885 2237 1949 taberna·

231 1995 291 2039 nos
324 1974 503 2048 Dominus,
537 1972 692 2036 aliorsum
726 1972 908 2055 respicere?
964 1973 1056 2036 Nihil
1090 1973 1209 2038 clarius
1262 1971 1336 2035 cula
1356 1971 1453 2051 (Luc.
1483 1976 1533 2048 le,
1554 1971 1598 2055 9).
1655 1972 1822 2037 Divitibus
1852 1970 1950 2036 huius
1989 1970 2109 2035 saeculi
2142 1991 2238 2053 pras·

231 2068 300 2136 est,
342 2080 442 2142 quam
474 2057 515 2122 ad
549 2057 784 2123 sublevandam
817 2060 924 2141 aliquo
955 2059 1070 2122 solatio
1102 2060 1209 2124 carnis
1263 2058 1334 2138 cipe
1357 2078 1424 2121 non
1447 2059 1585 2140 superbe
1608 2079 1737 2140 sapere,
1767 2078 1872 2139 neque
1894 2078 2026 2139 sperare
2048 2057 2084 2119 in
2105 2058 2238 2122 incertis

231 2154 363 2219 nostrae
386 2143 600 2219 debilitatem,
630 2166 697 2208 non
724 2153 832 2209 antem
856 2143 896 2208 ad
920 2144 1083 2208 inflandos
1106 2144 1210 2226 gloria
1262 2142 1400 2220 divitiis,
1429 2143 1544 2208 sedin
1566 2142 1639 2208 Deo
1660 2145 1749 2222 vivo;
1778 2143 1861 2207 bene
1883 2164 1995 2226 agere,
2024 2142 2144 2207 divites
2166 2143 2238 2207 fieri

232 2232 373 2307 animos,
407 2229 591 2294 mercedem
618 2231 712 2294 bonis
745 2229 896 2313 operibus
929 2231 1084 2311 promitti.
1142 2228 1207 2310 Qui
1262 2229 1296 2293 in
1329 2228 1422 2293 bonis
1448 2229 1615 2311 operibus,
1649 2229 1870 2294 thesaurizare
1898 2229 1959 2293 sibi
1987 2229 2237 2293 hindameutum

233 2337 312 2400 ergo
333 2316 488 2379 meritum
516 2336 647 2398 operum
671 2315 748 2379 inde
769 2316 910 2398 colligit,
938 2317 985 2380 vel
1005 2316 1153 2397 apperzdc't
1175 2317 1210 2379 ia
1262 2315 1386 2378 bonurn
1412 2317 1446 2377 in
1472 2317 1633 2391 futurum,
1663 2326 1700 2379 ut
1725 2315 1975 2397 apprehendant
2000 2316 2104 2379 vitam
2133 2324 2239 2378 aeter-

233 2403 354 2467 Νίκα
377 2421 455 2481 optas
475 2421 545 2465 acm
567 2403 714 2480 mercede,
743 2425 762 2465 a
785 2414 873 2466 recto
895 2402 960 2465 Dei
980 2423 1076 2483 scopo
1098 2401 1211 2484 lonpie
1262 2400 1616 2484 nam(1l¹im.6,17).
1651 2399 1777 2484 Opibus
1799 2401 1888 2464 enim
1905 2408 2136 2483 comparantur
2152 2401 2240 2465 hona

234 2488 312 2553 amc
334 2487 472 2551 aberrat.
1262 2506 1375 2567 opera,
1403 2487 1520 2569 quibus
1553 2489 1588 2550 in
1616 2487 1818 2552 beatitudine
1850 2487 1939 2551 vitae
1968 2494 2121 2551 aeternae
2149 2487 2239 2551 frua-

322 2578 348 2636 5.
390 2572 535 2637 Proinde
578 2595 658 2637 uum
680 2574 843 2656 scriptura
865 2573 943 2638 dicit
964 2573 998 2657 (2
1018 2574 1100 2637 rim.
1122 2579 1150 2648 4,
1164 2573 1208 2652 8),
1261 2593 1346 2635 mur.
1391 2572 1599 2655 Respoudeo,
1629 2595 1689 2638 nos
1712 2573 1754 2636 ad
1777 2593 1890 2637 voram
1913 2594 2027 2637 eorum
2052 2571 2239 2656 intelligen-

232 2659 342 2726 Dcum
370 2659 492 2723 iustum
521 2594 660 2724 iudicem
688 2658 890 2722 redditurum
921 2659 999 2722 olim
1022 2661 1089 2723 suis
1115 2659 1210 2722 iusti·
1263 2658 1342 2721 tiam
1371 2680 1540 2740 nunquam
1567 2680 1770 2737 accessuros,
1804 2658 1868 2723 nisi
1901 2659 2011 2723 oculos
2043 2660 2077 2721 in
2104 2679 2238 2739 scopum

233 2747 297 2810 tiso
326 2764 494 2823 eoronam,
524 2766 589 2809 non
617 2753 746 2809 tautum
773 2767 848 2811 cum
870 2745 1055 2828 Augustino
1068 2746 1092 2828 ¹)
1122 2745 1209 2809 exci-
1262 2753 1504 2820 convertamus,
1539 2767 1602 2827 quo
1635 2765 1695 2809 sua
1722 2744 1822 2810 verba
1854 2745 1990 2827 spiritus
2022 2743 2141 2827 dirigit.
2198 2740 2237 2807 Si

232 2832 375 2915 pimeni
405 2831 556 2895 redderet
580 2832 687 2894 iustus
709 2830 806 2895 iudex
829 2852 991 2909 coronam,
1015 2831 1043 2895 si
1065 2852 1131 2895 non
1154 2830 1211 2894 do·
1262 2851 1378 2893 verum
1399 2838 1451 2895 cst
1471 2830 1557 2913 quod
1580 2832 1628 2895 ait
1645 2831 1813 2908 Christus,
1841 2830 1886 2903 ibi
1917 2832 2062 2894 animum
2086 2837 2239 2893 nostrum

232 2928 345 2982 nasset
369 2918 509 3000 gratiam
529 2916 713 2980 misericors
739 2917 854 2999 pater?
885 2925 918 2980 et
941 2916 1102 2998 quomodo
1126 2923 1212 2981 esset
1263 2915 1405 2980 residere
1438 2916 1492 2980 ubi
1527 2925 1577 2982 est
1605 2917 1779 2981 thesaurus
1806 2927 1932 2993 noster,
1966 2913 2239 2999 quemadmodum

232 3003 358 3067 iustitia
380 3004 443 3067 nisi
466 3003 695 3084 praecessisset
716 3004 837 3086 gratia,
862 3022 946 3084 quae
973 3003 1128 3067 iustificat
1149 3001 1210 3065 im-
1262 3000 1322 3065 filii
1350 3002 1471 3068 saeculi
1499 3004 1617 3068 intenti
1647 3025 1717 3068 esse
1745 3002 1850 3068 solent
1872 3003 1913 3067 ad
1945 3022 1985 3067 ea
2010 3001 2239 3083 comparanda,

233 3087 345 3172 pium?
375 3088 535 3168 quomodo
556 3089 620 3153 ista
642 3088 751 3153 debita
772 3088 1002 3167 redderentur,
1032 3088 1096 3153 nisi
1117 3089 1210 3170 prius
1263 3109 1346 3171 quae
1368 3088 1409 3152 ad
1432 3091 1614 3171 praesentis
1636 3090 1723 3154 vitae
1745 3089 1876 3154 delicias
1898 3089 2037 3166 faciunt,
2067 3088 2115 3152 ita
2135 3086 2240 3152 fideli·

232 3173 291 3237 illa
312 3170 458 3236 indebita
480 3172 658 3237 darentur?
687 3175 743 3239 scd
772 3175 861 3239 aliud
884 3176 983 3238 etiam
1005 3173 1101 3238 addo:
1131 3195 1210 3256 quo-
1264 3175 1325 3239 bus
1346 3174 1522 3239 videndum
1546 3185 1604 3254 est,
1627 3197 1686 3258 pos
1724 3197 1799 3239 uam
1812 3175 1898 3241 hanc
1910 3175 2014 3239 vitam
2031 3174 2138 3239 instar
2155 3193 2240 3238 som-

232 3257 330 3323 modo
350 3259 509 3322 iustitiam
526 3260 705 3340 imputaret
725 3262 845 3324 nostris
863 3260 1023 3342 operibus,
1046 3261 1109 3323 nisi
1123 3258 1209 3342 quod
1264 3262 1313 3325 nii
1334 3282 1411 3324 mor
1433 3262 1640 3326 evanitmam
1663 3261 1697 3324 di
1723 3262 1863 3339 'cenant
1890 3269 1928 3325 ut
1948 3281 1995 3338 ca,
2023 3258 2142 3342 quibus
2165 3280 2241 3324 vere

231 3345 411 3409 iniustitiae
439 3344 475 3406 in
503 3343 567 3408 illis
586 3354 635 3409 est
666 3344 879 3410 absconderet
900 3367 960 3410 sua
981 3344 1208 3429 indulgentia?
1263 3348 1327 3411 frui
1349 3346 1473 3424 volunt,
1496 3368 1534 3410 co
1557 3348 1786 3412 transmittant
1806 3346 1861 3411 ubi
1884 3345 2021 3411 solidam
2038 3347 2143 3410 vitam
2164 3353 2243 3409 sunt

232 3429 392 3513 quomodo
414 3439 561 3494 censeret
583 3430 683 3513 digna
705 3432 867 3509 mercede,
892 3432 955 3497 nisi
980 3429 1066 3513 quod
1086 3433 1123 3495 in
1144 3431 1210 3495 illis
1264 3432 1416 3496 habituri.
1462 3431 1558 3514 Quod
1581 3456 1658 3518 ergo
1680 3434 1819 3511 faciunt,
1853 3433 1911 3515 qui
1938 3432 2122 3515 demigrare
2148 3432 2242 3496 insti·

294 3536 338 3579 na
370 3514 507 3597 dignum
539 3523 589 3580 ost
626 3516 788 3581 immensa
815 3516 1016 3601 benignitate
1045 3516 1209 3582 aboleret?
1263 3525 1364 3582 tuunt
1386 3519 1420 3581 in
1443 3519 1553 3583 locum
1564 3519 1713 3602 aliquem,
1737 3518 1792 3583 nbi
1816 3528 2009 3602 perpetuam
2023 3520 2111 3582 vitae
2130 3517 2241 3582 sedem

279 3599 326 3665 let
347 3601 436 3664 enim
457 3600 512 3665 ille
534 3601 587 3664 vir
610 3602 752 3684 gratiam
779 3604 950 3667 nominare
974 3605 1075 3668 vitam
1104 3613 1209 3668 aeter·
1264 3604 1448 3687 elegerunt,
1485 3605 1579 3670 nobis
1604 3605 1803 3669 imitandum
1831 3613 1887 3669 est
1938 3605 2162 3668 Praemittunt
2192 3602 2240 3664 illi

232 3706 325 3763 nam,
355 3686 432 3768 quia
453 3688 605 3769 gratuitis
627 3686 692 3751 Dei
715 3688 808 3754 donis
832 3689 1004 3766 reddatur,
1035 3689 1113 3754 dum
1135 3711 1211 3771 ope·
1263 3711 1341 3754 snas
1362 3690 1544 3768 facultates,
1568 3714 1671 3774 noque
1694 3690 1759 3755 illis
1782 3690 1823 3754 ad
1846 3701 1975 3772 tempus
1998 3711 2036 3754 ae
2113 3695 2240 3764 carent;

232 3771 322 3836 ribus
352 3771 548 3854 rependitur.
595 3774 641 3837 Aa
667 3775 829 3856 scriptura
856 3797 915 3839 nos
945 3776 1032 3840 ultra
1060 3775 1212 3838 humiliat
1263 3776 1342 3858 quia
1363 3798 1398 3840 se
1421 3777 1580 3842 beatiores
1602 3799 1640 3842 eo
1663 3785 1789 3860 putant,
1813 3796 1877 3858 quo
1899 3775 1973 3858 plus
1995 3775 2040 3839 ha
2080 3783 2118 3838 nt
2139 3773 2240 3836 bono-

232 3859 378 3923 animal
398 3859 499 3942 eripit.
534 3859 623 3925 Nam
644 3868 872 3943 praeterquam
893 3861 979 3943 qnod
1001 3862 1036 3924 in
1059 3859 1211 3943 operibus
1263 3884 1339 3926 rum
1361 3861 1416 3926 ubi
1439 3863 1495 3927 diu
1517 3875 1595 3927 sunt
1616 3864 1728 3927 futuri.
1773 3863 1876 3927 Nobis
1901 3860 1929 3927 si
1952 3860 2077 3926 coelum
2097 3859 2241 3941 patriam

232 3942 366 4094 ggppiari
390 3951 494 4022 vetat,
524 3946 600 4027 quia
627 3954 708 4010 sunt
729 3947 874 4028 gratuita
895 3947 959 4011 Dei
983 3946 1084 4023 dona,
1114 3946 1211 4010 simul
1263 3968 1334 4013 esse
1356 3948 1527 4027 credimus,
1548 3949 1626 4013 illuc
1644 3950 1752 4031 potius
1769 3949 1993 4012 transmittere
2013 3966 2089 4028 opes
2111 3952 2242 4008 nostras

303 4029 376 4094 ibus
398 4030 593 4112 quibusdam
615 4053 744 4114 semper
765 4032 937 4115 inquinata
959 4053 1030 4097 esse
1048 4031 1150 4109 docet,
1173 4042 1212 4096 ut
1264 4035 1431 4110 convenit,
1455 4055 1553 4116 quam
1575 4037 1629 4100 hic
1658 4036 1811 4111 retinere,
1837 4034 1894 4098 ubi
1917 4032 2023 4098 subita
2043 4030 2243 4113 migratione

233 4114 305 4179 Deo
327 4115 513 4181 satisfacere
534 4118 750 4199 nonpossint
774 4117 1210 4201 siadiudioiieinsregu·
1264 4121 1410 4201 peritura
1432 4119 1525 4184 nobis
1547 4121 1621 4185 siut.
1652 4120 1822 4202 Quomodo
1835 4129 1945 4184 autem
1957 4115 2241 4182 transmittemus?

173 4218 178 4236 ¹
233 4199 301 4266 lam
328 4201 572 4280 examinentur,
600 4204 667 4283 sed,
701 4225 739 4268 aa
771 4205 912 4270 wmvdat
938 4205 1026 4269 nobie
1051 4204 1210 4283 ulmeam,
1265 4226 1382 4287 nempe
1408 4207 1435 4269 si
1465 4227 1646 4289 pauperum
1675 4207 1921 4272 necessitatibus
1950 4203 2241 4271 communicamus:

232 4307 321 4353 maa
342 4289 434 4352 venta
448 4289 583 4369 placere.
627 4290 702 4354 Etsi
729 4299 840 4354 autem
862 4290 960 4373 paulo
983 4290 1078 4354 aliter
1102 4291 1212 4369 Asea
1263 4291 1380 4373 quibus
1401 4290 1557 4374 quidquid
1580 4302 1749 4378 erogatur,
1772 4293 1833 4356 sibi
1858 4291 1973 4356 datum
1993 4289 2159 4356 Dominus
2181 4290 2243 4352 im-

232 4374 456 4456 utnusquam
478 4396 538 4439 uos
559 4373 718 4457 loquitur,
740 4376 776 4440 iu
798 4398 833 4440 rc
855 4385 966 4441 tamen
990 4379 1123 4440 nonita
1144 4375 1211 4441 dis·
1263 4384 1359 4458 putat
1381 4376 1516 4459 (Matth.
1537 4383 1587 4456 25,
1601 4380 1666 4462 to).
1705 4376 1802 4444 Unde
1826 4379 1959 4462 egregia
1981 4376 2039 4441 illa
2055 4375 2241 4458 promissio:

233 4458 354 4524 sentire
375 4461 537 4525 constabit
558 4482 600 4524 ex
622 4460 692 4526 eius
710 4460 827 4539 verbis,
851 4461 933 4525 libro
952 4461 1211 4527 sdBonifacium
1264 4462 1320 4545 qui
1343 4463 1484 4547 largitur
1501 4467 1653 4548 pauperi,
1677 4465 1820 4530 Domino
1842 4463 2029 4528 foeneratur
2053 4461 2165 4546 (Prov.
2193 4464 2241 4534 19,

232 4547 343 4623 tertio,
367 4566 436 4629 cap.
462 4550 489 4609 5.
536 4545 602 4612 Ubi
625 4568 726 4628 quum
750 4549 837 4611 inter
859 4568 894 4610 se
917 4547 997 4612 duos
1019 4548 1211 4613 contulisset
1270 4547 1330 4631 17).
1380 4550 1481 4614 Item:
1515 4551 1572 4634 qui
1604 4551 1743 4635 benigno
1778 4550 1933 4627 seminat,
1967 4549 2110 4633 benigne
2141 4556 2244 4610 metet

231 4629 391 4709 homines,
412 4631 551 4696 alterum
576 4632 662 4696 vitae
684 4655 785 4714 usque
808 4632 849 4696 ad
867 4633 1060 4698 miraculum
1080 4643 1211 4699 sanctae
1263 4636 1299 4716 (2
1319 4634 1392 4699 Cor.
1412 4641 1446 4720 9,
1467 4636 1510 4720 6).
1556 4638 1776 4720 Deponuntur
1804 4637 1892 4701 enim
1921 4635 1957 4698 in
1984 4656 2087 4698 manu
2108 4632 2243 4697 Domini

232 4725 266 4781 et
293 4717 477 4795 absolutae,
513 4719 653 4782 alterum
680 4717 820 4801 probum
848 4718 980 4800 quidem
1008 4727 1042 4785 et
1074 4720 1211 4803 integris
1263 4741 1347 4803 quae
1368 4721 1525 4788 tratribus
1542 4745 1584 4788 ex
1606 4724 1752 4790 caritatis
1769 4722 1874 4787 officio
1892 4720 2137 4803 impenduntur.
2169 4716 2266 4801 Ille,¹

231 4802 385 4879 moribus,
408 4824 475 4867 nou
496 4812 606 4868 tamen
628 4803 708 4869 adeo
730 4805 910 4888 perfectum
932 4807 1011 4888 quin
1033 4804 1212 4870 desiderari
1265 4815 1303 4869 ut
1330 4818 1379 4872 est
1408 4807 1512 4874 bonae
1536 4808 1612 4874 fidei
1633 4808 1866 4891 depositarius,
1896 4807 1975 4871 olim
1996 4806 2148 4870 restituet
2168 4823 2244 4868 cum

232 4888 267 4950 in
289 4907 327 4951 eo
349 4888 492 4953 multum
514 4897 621 4972 queat,
643 4889 777 4955 tandem
799 4891 912 4955 infert:
934 4913 1051 4974 nempe
1071 4892 1133 4956 iste
1155 4892 1211 4975 qui
1263 4893 1392 4976 copioso
1424 4894 1564 4960 foenore.
1618 4895 1753 4979 Ergone
1784 4894 1868 4958 tanti
1900 4900 1979 4957 sunt
2012 4891 2099 4975 apud
2132 4889 2244 4954 Deum

232 4970 377 5035 moribus
394 4972 450 5037 illo
463 4975 593 5039 videtur
605 4976 749 5055 inferior,
768 4983 901 5059 propter
917 4985 1040 5042 rectam
1052 4978 1087 5041 in
1101 4976 1211 5043 Deum
1264 4988 1377 5044 nostra
1396 4981 1503 5047 officia
1524 4989 1562 5045 ut
1583 4982 1650 5044 sint
1670 4980 1707 5043 in
1729 4980 1799 5043 eius
1820 4999 1922 5043 manu
1944 4979 2039 5061 quasi
2056 4976 2245 5042 reconditae

809 5064 813 5073 ’
1264 5065 1358 5131 nobis
1380 5066 1478 5148 opos?
1521 5067 1566 5130 Et
1587 5067 1661 5148 quis
1684 5065 1818 5129 horreat
1839 5065 1887 5129 ita
1908 5064 2005 5147 loqui,
2029 5085 2131 5146 quum
2149 5061 2245 5127 toties

1265 5171 1302 5215 ac
1330 5159 1398 5214 tam
1426 5159 1537 5234 aperte
1564 5150 1597 5215 id
1625 5159 1764 5215 testetur
1786 5149 1970 5233 scriptura?
2016 5148 2194 5214 Caeterum
2217 5147 2245 5212 si

303 5243 331 5312 1)
349 5246 463 5315 Amat.
482 5247 517 5299 ad
536 5247 644 5302 vdent.
663 5249 697 5301 dc
714 5250 803 5318 groti·
821 5257 850 5303 a
867 5250 913 5304 tib.
932 5251 1025 5305 arbitr.
1263 5237 1339 5317 quis
1359 5257 1379 5299 a
1401 5257 1492 5301 mera
1505 5238 1569 5301 Dei
1587 5236 1789 5320 benignitate
1804 5235 1985 5301 naussilire
2008 5235 2089 5302 velit
2106 5234 2149 5300 ad
2167 5254 2245 5317 ope·
