4672 5842
221 305 285 367 439
874 296 1141 365 metianum
1162 297 1267 362 REL.
1288 295 1469 363 offitium
1494 301 1584 362 1559.
2172 300 2237 360 440

227 512 365 576 operum
388 494 582 554 vestrorum.
614 486 655 550 In
678 487 831 552 concione
844 488 943 552 Pauli
962 487 1003 552 ad
1024 487 1208 551 Athenien·
1261 486 1387 551 animas
1415 494 1543 550 nostras
1564 487 1659 551 novis
1688 495 1721 550 et
1742 485 1992 568 cogitationibus
2014 492 2048 548 et
2068 482 2239 549 affectibus

228 600 280 644 ses
302 577 389 656 (Act.
412 579 468 652 17,
490 572 560 657 30);
594 583 627 637 et
652 583 800 655 tempora
826 573 959 654 quidem
988 574 1086 637 huius
1115 573 1209 655 igno-
1260 572 1307 636 ita
1328 573 1459 648 imbuit,
1489 584 1527 635 ut
1556 592 1659 636 novae
1686 572 1758 635 inre
1776 571 1890 636 haberi
1912 580 2041 652 queant
2087 570 2131 633 Et
2152 576 2238 649 certe,

227 664 353 728 raetiae
376 681 479 743 quum
502 659 662 723 hactenus
685 659 902 723 dissimularit
913 661 1015 736 Deus,
1040 679 1129 722 nunc
1151 681 1209 722 an·
1260 663 1295 721 ut
1315 658 1502 721 naturaliter
1519 678 1630 722 aarum
1650 659 1754 722 aenei
1776 679 1797 720 a
1818 658 1895 733 Deo,
1918 659 1983 720 uiri
2000 656 2166 737 maeeedot
2187 656 2240 721 ab·

227 748 360 814 nuntiat
394 746 584 809 hominibus
616 753 654 808 ut
686 766 799 809 omnes
827 746 946 827 ubique
974 745 1209 827 poenitentiam
1260 745 1381 826 negatio
1407 746 1519 821 nostri,
1549 765 1710 825 nunquam
1735 744 1778 808 ad
1806 744 1840 806 id
1862 743 1943 822 quod
1965 748 2080 806 rectum
2106 748 2151 805 est
2176 747 2241 806 ten·

229 842 346 917 agant;
375 853 413 895 eo
436 830 522 913 quod
544 832 660 895 statuit
681 829 768 895 diem
790 832 825 894 in
848 853 911 912 quo
934 831 1138 895 iudicaturus
1159 839 1210 895 est
1261 830 1377 894 derina.
1423 828 1498 893 Ideo
1519 832 1607 895 toties
1629 831 1772 893 iubemur
1797 849 1905 892 etune
1927 834 2054 892 veterem
2076 827 2239 906 berniuem,

228 919 341 985 orbem
369 916 600 999 inaequitate.
645 918 691 980 Et
718 917 791 980 aliis
813 916 1033 998 compluribus
1061 918 1096 979 in
1120 917 1208 981 locis.
1261 917 1443 979 renuntiare
1464 917 1579 980 munde
1599 920 1626 980 et
1647 917 1752 993 carni,
1774 915 2025 995 concupiscentiis
2047 916 2164 977 icastris
2186 935 2241 977 aa·

229 1003 402 1071 Interdum
431 1026 450 1067 a
478 1002 702 1084 punitionibus
732 1004 799 1066 iam
826 1004 980 1086 irrogatis
1002 1003 1112 1067 Deum
1139 1025 1210 1067 esse
1263 1003 1324 1066 lere
1350 1003 1450 1065 iussis
1476 1002 1620 1065 reiterari
1652 1003 1768 1083 spiritu
1800 1002 1910 1064 mentia
1943 1005 2074 1064 nostrae.
2120 1000 2241 1063 Neruen

229 1090 373 1155 iudicem
407 1088 564 1167 declama
598 1110 660 1170 quo
692 1098 876 1170 peccatores
904 1110 1014 1154 seeum
1048 1096 1209 1169 reputent,
1256 1108 1354 1168 porro
1375 1089 1480 1168 iprum
1498 1089 1745 1168 mortificationis
1774 1088 1914 1150 admuret
1933 1107 2026 1166 quarn
2048 1085 2178 1166 difficile
2198 1087 2242 1149 at

230 1177 344 1262 peiora
362 1176 424 1239 sibi
440 1174 611 1238 imminere
629 1174 692 1237 nisi
707 1183 835 1239 mature
854 1176 1057 1256 resipuerint.
1087 1175 1210 1238 Euem-
1263 1173 1401 1237 oblivisci
1428 1175 1552 1254 pneris
1579 1180 1728 1237 tecturae:
1760 1173 1836 1253 quia
1861 1172 1934 1236 ltine
1960 1172 2145 1252 colligimus,
2176 1192 2241 1236 nou

230 1263 324 1347 plum
346 1261 447 1325 habes
465 1260 712 1323 Deuteronomii
734 1261 893 1344 vigesimo
917 1283 1010 1324 nono.
1046 1259 1210 1340 Quoniam
1262 1257 1353 1323 aliter
1381 1279 1435 1322 nos
1459 1260 1595 1339 runnu
1623 1260 1665 1323 ad
1687 1258 1749 1323 Dei
1776 1259 1916 1321 timorem
1942 1263 1970 1322 et
1992 1259 2123 1339 putatis
2144 1258 2241 1320 initia

234 1368 312 1414 vero
335 1369 355 1411 a
376 1347 501 1430 peccati
522 1345 657 1409 horrore
686 1353 719 1409 et
741 1346 814 1409 odio
836 1347 1005 1411 conversio
1027 1347 1210 1422 inchoatur,
1263 1345 1394 1422 discere,
1421 1346 1486 1408 nisi
1512 1345 1565 1409 nbi
1591 1345 1697 1428 plodio
1724 1346 1856 1425 spiritus
1884 1343 2029 1407 violenter
2050 1344 2177 1407 meari·
2204 1343 2243 1405 iu

233 1433 307 1499 ideo
335 1433 517 1508 tristitiam,
545 1452 629 1513 quae
658 1430 838 1495 seeundum
865 1433 974 1496 Deum
1005 1442 1069 1510 cst,
1098 1433 1210 1514 poeni·
1263 1431 1398 1495 ruditum
1419 1432 1609 1513 redigimur;
1636 1432 1728 1511 quasi
1749 1432 1966 1512 pronuntiaret
1988 1428 2091 1506 Deua,
2119 1435 2154 1492 ut
2175 1449 2243 1492 ceu·

234 1519 357 1584 tentiae
390 1538 522 1582 causam
554 1516 632 1581 facit
664 1518 836 1600 apostolus.
889 1519 1069 1583 Tristitiam
1101 1528 1217 1582 autern
1262 1537 1388 1580 eearnur
1409 1519 1490 1581 inter
1510 1517 1703 1598 mestitiae,
1729 1537 1807 1597 aprus
1829 1537 1893 1580 ease
1914 1516 2087 1580 mmniuuia
2107 1519 2244 1578 naturae

235 1603 413 1670 secuudum
439 1603 549 1666 Deum
579 1602 723 1685 appellat
750 1604 784 1686 (2
805 1603 879 1668 Cor.
900 1608 934 1682 7,
957 1604 1024 1686 la),
1059 1605 1115 1668 ubi
1143 1625 1211 1667 non
1263 1604 1398 1666 interitu.

234 1711 371 1774 poenam
393 1687 488 1752 modo
510 1689 734 1765 exhorremus,
758 1688 814 1754 sed
836 1699 1005 1771 peecatum
1028 1690 1146 1772 ipsum,
1170 1712 1211 1753 cx
1350 1695 1377 1751 9.
1422 1689 1608 1770 Utrumque
1639 1711 1679 1752 ex
1708 1688 1832 1752 Christi
1865 1687 2113 1767 participatione
2147 1685 2243 1750 nobis

234 1797 298 1859 quo
321 1774 491 1856 displicere
510 1774 583 1838 Deo
605 1774 833 1857 intelligimus,
857 1775 985 1839 odimus
1008 1787 1041 1839 et
1062 1795 1211 1839 exsecra·
1263 1775 1429 1857 contingit.
1476 1774 1560 1838 Nam
1591 1776 1617 1838 si
1639 1796 1715 1839 vere
1739 1775 1836 1837 morti
1860 1774 1929 1837 eius
1951 1772 2239 1848 communicamus

233 1883 318 1925 mur.
365 1861 430 1924 Nec
451 1861 585 1939 mirum,
613 1862 690 1941 quia
711 1862 777 1923 nisi
799 1863 910 1925 uerita
926 1883 1124 1944 parcamur,
1151 1882 1212 1924 nau
1263 1861 1333 1924 eius
1356 1862 1477 1925 virtute
1500 1861 1701 1943 crucifigitur
1722 1869 1816 1925 vetus
1839 1870 1949 1923 noster
1971 1859 2082 1934 boma,
2110 1865 2144 1921 et
2166 1877 2243 1940 pcc-

228 1951 333 2028 posset
354 1947 471 2028 corripi
491 1948 598 2010 caruis
619 1952 741 2010 riostrae
757 1948 920 2029 pigritiem
949 1949 1009 2011 inw
1036 1968 1095 2010 non
1124 1946 1226 2026 sutri
1264 1948 1327 2010 cati
1359 1966 1477 2028 eorpus
1510 1948 1685 2022 emoritur,
1721 1967 1761 2009 ne
1795 1945 1936 2026 amplius
1971 1945 2080 2026 vigeat
2115 1944 2243 2024 primae

233 2038 331 2098 carent
354 2033 420 2096 eine
442 2033 563 2111 stupori
580 2037 608 2095 et
624 2032 781 2095 cocordiae
793 2034 985 2112 parietinum,
1010 2034 1073 2096 nisi
1089 2032 1212 2113 ferulas
1263 2041 1399 2096 naturae
1422 2033 1595 2114 corruptio.
1641 2031 1679 2096 Si
1703 2030 1949 2096 resurrectionis
1972 2050 2086 2093 sumus
2107 2030 2242 2111 partici-

234 2118 398 2184 exserende
422 2116 519 2180 attius
540 2123 715 2198 penetraret
737 2117 834 2182 Deua.
880 2119 1007 2184 Accedit
1029 2120 1123 2182 etiarn
1144 2139 1212 2182 con·
1263 2138 1336 2199 pes,
1364 2139 1423 2199 per
1451 2139 1523 2182 eam
1549 2118 1745 2182 suscitamur
1767 2119 1802 2180 in
1824 2118 1911 2181 vitae
1933 2117 2128 2191 novitatem,
2158 2135 2242 2196 quae

167 2228 172 2241 ¹
217 2205 380 2280 >trinacia
403 2222 497 2281 marn
516 2204 733 2267 aelutmatteia
754 2204 1025 2269 contundineeesse
1040 2210 1092 2268 est.
1125 2203 1212 2286 Erpa
1263 2204 1328 2267 Dei
1349 2205 1490 2267 iustitiae
1511 2202 1715 2285 respondeat.
1747 2203 1823 2268 Uno
1849 2223 1927 2286 ergo
1949 2202 2048 2266 verbo
2070 2202 2243 2282 poeniten·

232 2290 437 2365 severitatem,
467 2309 530 2368 qua
551 2287 640 2353 Deua
659 2290 756 2352 utitur
782 2292 944 2368 minando,
973 2292 1093 2371 inpeuii
1113 2290 1212 2353 nostri
1264 2291 1342 2352 tiam
1372 2291 1581 2371 interpretor,
1616 2294 1910 2372 regenerationem,
1939 2288 2032 2352 euius
2060 2308 2126 2350 non
2157 2286 2243 2351 alius

226 2376 375 2456 prauitas
392 2372 430 2436 ab
443 2394 476 2437 eo
488 2379 651 2455 retorquet,
674 2376 749 2456 quia
767 2375 1084 2457 dormientessruatra
1101 2376 1212 2440 blande
1263 2386 1313 2439 est
1335 2397 1450 2457 scopus
1472 2377 1535 2440 nisi
1557 2387 1595 2438 ut
1616 2377 1725 2458 imago
1746 2374 1810 2438 Dei
1832 2395 1915 2457 quac
1937 2395 1996 2456 per
2018 2371 2111 2436 Adae
2135 2383 2242 2438 trans·

231 2460 374 2524 attineret.
403 2459 612 2524 ‘Teatiinonia
643 2482 704 2524 nou
730 2462 823 2525 recito
856 2483 934 2541 quae
956 2463 1081 2543 pnsum
1109 2483 1211 2526 oecur-
1263 2463 1461 2543 gressionem
1483 2461 1623 2539 foedant,
1646 2473 1680 2524 et
1702 2472 1829 2524 tantum
1851 2481 1916 2523 non
1935 2458 2106 2522 obliterata
2122 2460 2241 2537 fuerat,

231 2552 313 2609 runt.
350 2546 430 2609 Alia
453 2547 546 2610 etiam
568 2548 687 2610 ratione
709 2547 800 2610 timer
817 2547 880 2610 Dei
896 2548 1103 2628 poenitentiae
1118 2549 1211 2629 prin·
1262 2547 1296 2610 iu
1320 2547 1414 2611 nobis
1436 2547 1640 2611 reformetur.
1687 2545 1743 2611 Sic
1766 2546 1860 2610 docet
1882 2545 2046 2626 apostolus
2069 2566 2172 2625 quum
2194 2545 2244 2608 ait

231 2632 350 2713 cipiunt
372 2636 433 2712 est,-
458 2633 536 2712 quia
562 2634 620 2696 etsi
647 2632 789 2696 circuibas
815 2634 966 2697 uirtutum
993 2635 1134 2697 numnis
1160 2633 1208 2696 ab
1263 2633 1296 2716 (2
1317 2634 1391 2698 Cor.
1416 2637 1449 2709 3,
1479 2635 1545 2717 18):
1580 2655 1639 2697 nos
1673 2642 1782 2697 autam
1815 2631 1961 2696 revelata
1991 2630 2072 2694 facie
2098 2630 2240 2713 gloriam

231 2718 334 2782 soluta
356 2719 396 2781 eit
418 2718 555 2783 liorninia
577 2719 649 2796 cita,
673 2720 738 2782 uici
760 2719 802 2782 ad
824 2718 888 2782 Dei
909 2719 1024 2783 cultum
1046 2721 1209 2799 referatur,
1261 2719 1396 2783 Domini
1415 2729 1707 2801 repraesentantes,
1730 2719 1766 2782 in
1784 2717 1919 2782 eandem
1938 2717 2116 2798 imaginem
2129 2725 2239 2778 trans·

230 2803 360 2868 laudari
388 2805 512 2884 quidem
533 2806 650 2884 poterit
676 2827 696 2867 a
724 2804 853 2882 arunde,
881 2806 936 2870 sed
962 2807 996 2869 iu
1025 2806 1104 2869 caele
1123 2826 1210 2869 niera
1261 2806 1441 2869 formamur
1463 2828 1502 2869 cx
1526 2804 1630 2887 gloria
1649 2805 1685 2868 in
1708 2804 1854 2886 gloriam,
1880 2814 2040 2884 tanquam
2062 2823 2082 2866 a
2102 2801 2240 2865 Domini

231 2889 419 2954 aboniinatia
446 2891 519 2967 erit,
548 2892 671 2971 ariundo
692 2892 869 2972 mneapua
897 2892 1038 2955 iustitiae
1054 2912 1137 2974 pars
1158 2896 1209 2968 eat,
1261 2891 1389 2973 spiritu.
1423 2890 1507 2955 Item
1526 2892 1627 2972 (Eph.
1647 2899 1676 2968 4,
1692 2891 1762 2974 23);
1785 2889 1992 2953 renovamini
2010 2887 2128 2969 spiritu
2144 2909 2239 2951 men·

230 2995 323 3040 marn
352 2977 404 3039 ius
432 2982 461 3040 et
488 2974 630 3039 timenem
652 2975 719 3039 Dea
743 2976 883 3055 reddere,
911 2998 972 3057 quo
999 2978 1095 3058 impie
1120 2978 1210 3058 frau-
1262 2979 1303 3042 tis
1326 2985 1468 3053 vestrae,
1492 2987 1525 3040 et
1546 2977 1673 3040 induite
1696 2997 1816 3041 novum
1840 2975 2020 3048 bominem,
2044 2973 2100 3055 qui
2122 2993 2239 3038 scenn-

231 3060 327 3125 datur
348 3060 403 3124 ubi
424 3060 512 3125 nobis
527 3063 726 3142 propesitum
749 3083 810 3126 nou
831 3063 1044 3128 eetaebiicere
1065 3083 1122 3126 noa
1142 3064 1210 3127 eiua
1261 3062 1339 3126 dum
1362 3063 1472 3126 Deum
1495 3074 1623 3127 creatus
1651 3073 1701 3126 ost
1728 3064 1762 3125 in
1785 3061 1908 3125 iustitia
1931 3068 1964 3123 et
1986 3060 2159 3124 sanctitate
2181 3081 2238 3123 ve-

231 3146 370 3228 imperio.
1261 3150 1375 3212 ritatis.
1420 3149 1506 3212 Item
1540 3150 1616 3212 alibi
1644 3148 1728 3231 (Col.
1749 3152 1782 3223 3,
1813 3152 1879 3226 10):
1914 3145 2090 3209 induentes
2112 3165 2239 3208 novum

319 3236 348 3294 8.
393 3230 504 3295 Tertio
536 3232 607 3296 loco
640 3231 873 3313 explicandum
904 3241 1007 3298 restat
1039 3234 1133 3317 quale
1166 3235 1209 3298 sit
1261 3234 1435 3311 hominem,
1458 3235 1514 3316 qui
1535 3243 1712 3299 renovatur
1732 3233 1774 3297 ad
1796 3233 1996 3316 agnitionem
2016 3244 2050 3293 et
2060 3230 2240 3313 imaginem

232 3315 335 3394 istud,
369 3317 455 3400 quod
484 3316 621 3381 dicimus
648 3319 885 3399 poenitentiam
913 3318 1039 3384 duabus
1061 3321 1208 3403 partibus
1261 3321 1330 3385 eius
1359 3321 1416 3403 qui
1443 3321 1566 3386 creavit
1586 3320 1689 3384 illum.
1733 3318 1878 3384 Proinde
1905 3319 1969 3382 ista
1990 3318 2239 3400 regeneratione

231 3413 396 3468 constare:
430 3403 680 3467 mortificatione
714 3403 837 3469 scilicet
869 3406 977 3470 carnis
1009 3414 1042 3470 et
1075 3407 1208 3489 spiritus
1260 3406 1295 3469 in
1322 3407 1385 3470 Dei
1418 3406 1577 3469 iustitiam
1606 3406 1731 3471 Christi
1763 3404 1921 3469 beneficio
1950 3405 2188 3480 instauramur,
2220 3423 2240 3465 a

232 3488 461 3553 vivificatione.
496 3488 536 3551 Id
554 3489 740 3570 prophetae,
765 3491 841 3555 licet
861 3512 921 3573 pro
940 3492 1081 3557 carnalis
1099 3493 1209 3574 populi
1260 3512 1325 3574 qua
1345 3512 1404 3573 per
1426 3490 1533 3555 Adam
1556 3491 1795 3569 excideramus3
1817 3510 1881 3572 quo
1900 3488 1996 3553 modo
2017 3489 2053 3551 in
2070 3489 2240 3572 integrum

232 3580 329 3655 captu
349 3573 528 3654 simplicius
547 3584 580 3637 et
595 3574 720 3651 rudius,
743 3575 865 3665 liquido
887 3586 997 3641 tamen
1020 3579 1210 3660 exprimunt
1260 3578 1433 3641 restituere
1454 3577 1713 3659 placetDomino
1730 3596 1941 3658 quoscunque
1962 3575 1997 3638 in
2017 3574 2104 3638 vitae
2124 3575 2238 3638 baere-

232 3680 334 3741 quum
352 3658 479 3724 dicunt:
503 3658 613 3724 desine
634 3661 759 3739 amalo,
784 3671 817 3726 ct
833 3663 883 3726 fac
900 3661 1093 3742 benitatcm;
1115 3665 1208 3728 item:
1262 3663 1397 3727 ditatam
1421 3672 1559 3746 cooptat.
1600 3664 1705 3744 Atque
1726 3663 1800 3727 liner
1821 3664 1944 3742 quidun
1967 3663 2155 3724 instauratio
2176 3680 2237 3722 non

233 3743 398 3823 lavamini,
421 3744 536 3808 mundi
560 3755 673 3824 estote,
699 3748 824 3811 auferte
847 3749 973 3812 malum
995 3771 1131 3831 operum
1154 3771 1209 3815 ve·
1261 3770 1323 3813 uuo
1352 3755 1514 3827 mamerto,
1547 3750 1594 3813 vet
1620 3750 1685 3828 die,
1718 3750 1765 3813 aet
1792 3768 1875 3811 anno
1904 3747 2066 3829 impletur,
2098 3745 2152 3809 sed
2172 3765 2237 3823 per

233 3838 376 3896 atrorum
406 3832 447 3895 ab
475 3831 576 3896 oculis
603 3833 699 3910 mois,
734 3835 889 3915 quiescite
916 3856 1013 3918 agere
1046 3856 1208 3917 perverse,
1261 3836 1434 3913 continuos,
1463 3837 1525 3898 imo
1553 3837 1647 3899 etiarn
1669 3837 1765 3900 tentes
1787 3834 1942 3898 interdurn
1959 3833 2117 3915 prefectus
2138 3829 2237 3894 abela

233 3915 347 3981 discite
368 3918 572 3995 benefacere,
595 3920 742 4000 quaerite
764 3919 936 3997 iudicium,
959 3920 1130 3985 subvenite
1152 3943 1209 4003 op-
1262 3920 1352 3985 Deue
1379 3922 1414 3984 iu
1435 3921 1536 3984 electis
1557 3923 1628 3985 suis
1648 3923 1757 3986 carretis
1778 3919 1984 3999 corruptelae:
2011 3922 2157 3998 repurgat
2184 3935 2236 3980 eoa

233 4024 345 4086 presso
368 4002 469 4084 (Psal.
487 4007 547 4081 34,
570 4009 622 4082 15,
645 4002 704 4069 lea.
729 4010 758 4083 l,
782 4007 850 4088 16),
874 4016 933 4069 etc.
979 4005 1091 4086 Quum
1121 4009 1209 4071 enim
1260 4006 1419 4084 sudibus,
1447 4007 1566 4086 sibique
1593 4008 1629 4069 iu
1655 4007 1769 4089 templa
1797 4011 1964 4083 consecrat,
1991 4022 2100 4079 aaran
2125 4022 2235 4065 eorum

233 4109 254 4152 a
275 4089 403 4152 matitia
424 4099 595 4167 revocant,
619 4091 718 4155 totius
740 4092 848 4156 caruis
869 4091 1039 4156 interitum
1063 4093 1208 4176 exigunt,
1260 4112 1365 4158 amires
1387 4093 1429 4157 ad
1450 4113 1553 4157 anam
1570 4095 1742 4172 puritatem
1761 4111 1927 4169 reiterans,
1954 4109 2011 4172 qne
2031 4109 2064 4152 se
2084 4092 2147 4151 tota
2169 4090 2236 4151 cita

232 4194 315 4256 quae
336 4175 462 4238 malitia
484 4183 518 4237 et
538 4178 753 4257 perversitate
781 4178 901 4241 referta
923 4188 981 4241 est.
1025 4178 1093 4243 Res
1116 4200 1209 4261 pror·
1260 4183 1419 4242 manant
1444 4179 1480 4242 iu
1496 4180 1701 4259 prouidentia:
1731 4179 1890 4258 sciantque
1917 4176 1990 4240 buia
2010 4174 2144 4239 militiae
2165 4175 2237 4238 uul-

233 4280 288 4324 sus
312 4260 452 4326 difficilis
475 4268 508 4325 et
530 4261 641 4339 ardua,
665 4263 836 4346 nosipsos
858 4285 979 4328 exuere
1001 4271 1035 4326 et
1057 4284 1076 4326 a
1098 4266 1208 4329 nativo
1260 4264 1326 4328 turn
1348 4265 1413 4327 nisi
1433 4265 1468 4327 iu
1489 4270 1583 4329 morte
1604 4286 1669 4330 esse
1688 4264 1791 4345 tineua
1839 4264 1905 4343 eno
1926 4263 2030 4326 maur
2050 4265 2094 4324 est
2115 4261 2238 4341 impuri

127 4375 132 4383 ¹
232 4347 366 4429 ingenio
395 4345 586 4430 demigrare.
643 4348 756 4430 Neque
782 4351 868 4413 enim
903 4370 980 4414 caro
1008 4350 1091 4415 benc
1124 4352 1209 4414 inte-
1260 4349 1389 4413 rabulae
1422 4355 1449 4414 et
1481 4356 1640 4430 opacatae
1669 4350 1814 4432 Stapliyti
1841 4349 2006 4413 cuiusdam
2039 4347 2237 4427 improbitas:

234 4432 326 4496 riisse
355 4432 500 4514 putanda
530 4442 593 4510 est,
617 4435 680 4498 nisi
708 4434 865 4517 quidquid
889 4437 1024 4500 anobis
1047 4436 1208 4502 habemus
1260 4438 1315 4516 qui
1342 4441 1459 4500 statum
1480 4440 1656 4518 praesentia
1682 4439 1763 4500 citae
1788 4456 1858 4500 airu
1876 4436 1980 4518 picria
2001 4433 2119 4497 coeteeti
2146 4454 2168 4496 a
2189 4452 2238 4496 nie

174 4528 178 4554 ¹
230 4517 390 4582 abolitum
411 4519 518 4583 fuerit.
547 4517 614 4584 Sed
634 4542 735 4602 quum
753 4521 927 4585 universus
943 4524 1052 4587 carnis
1071 4523 1208 4589 affectus
1260 4523 1408 4603 confundi
1434 4529 1584 4605 nupdur,
1612 4525 1687 4588 darn
1714 4524 1882 4605 imaginem
1903 4520 1968 4585 Dei
1995 4541 2033 4583 ee
2058 4518 2163 4584 Paulo
2189 4520 2238 4582 in·

231 4605 381 4669 simultas
401 4606 444 4668 sit
465 4605 622 4670 adversus
640 4607 749 4671 Deum
768 4608 878 4690 (Rom.
901 4616 930 4685 tt,
951 4609 995 4690 6),
1017 4608 1145 4690 primus
1166 4608 1208 4672 ad
1259 4612 1408 4688 terpretor
1434 4611 1626 4673 sanctitatem
1653 4616 1680 4673 et
1707 4609 1865 4672 iustitiam
1891 4626 2030 4670 veracem
2052 4607 2086 4689 (2
2106 4605 2180 4670 eor.
2204 4610 2234 4680 t,

232 4688 450 4755 obedientiam
484 4692 565 4775 legis
598 4692 669 4757 eius
702 4694 869 4776 ingressus
902 4704 952 4758 est
983 4694 1040 4758 illa
1068 4705 1208 4759 naturae
1246 4696 1327 4778 iti).
1374 4695 1474 4774 Qiiaai
1494 4717 1565 4759 aero
1586 4696 1640 4758 ubi
1661 4714 1712 4758 res
1733 4694 1843 4772 aliqua
1864 4691 2027 4771 definitur,
2056 4712 2117 4756 nou
2144 4710 2236 4770 qrrae-

234 4786 365 4840 uostrae
393 4777 574 4860 abnegatio.
619 4779 737 4843 Postea
767 4780 1013 4844 renovationem
1035 4780 1210 4863 designant
1260 4781 1360 4845 reuda
1385 4782 1427 4844 sit
1453 4781 1526 4862 ipsa
1553 4781 1717 4863 intepr'uas
1741 4784 1768 4841 et
1788 4780 1948 4859 pertidia.
2000 4778 2107 4858 Neque
2132 4781 2237 4839 amer

234 4881 253 4923 a
274 4861 434 4924 fructibus
456 4864 512 4942 qui
532 4863 609 4928 inde
631 4877 891 4946 consequuntur,
920 4867 1061 4943 iustitia,
1089 4865 1208 4930 iudicio
1260 4866 1343 4930 tuan
1364 4873 1496 4948 nepueu
1514 4867 1725 4929 incrementis:
1753 4864 1807 4928 aed
1828 4870 1979 4945 quaterna
2000 4864 2044 4927 ad
2065 4862 2128 4927 Dei
2148 4862 2238 4926 sinii·

234 4953 267 5007 et
294 4945 523 5010 misericordia
569 4947 740 5031 Siquidem
767 4972 833 5014 non
860 4953 940 5015 satis
962 4953 1062 5016 fucrit
1087 4951 1209 5017 talibus
1261 4953 1423 5017 titudinem
1441 4952 1579 5031 propius
1599 4953 1730 5031 quisque
1751 4952 1880 5028 accedit,
1909 4952 1944 5013 in
1970 4971 2003 5014 eo
2030 4950 2099 5014 dico
2119 4949 2239 5031 fatam

233 5029 347 5128 officiis
369 5033 434 5128 rite
455 5030 604 5116 defungi,
635 5036 699 5098 nisi
723 5056 817 5101 mens
839 5039 983 5119 primum
1006 5039 1077 5120 ipsa
1098 5047 1132 5102 et
1153 5058 1209 5103 eor
1260 5039 1428 5120 imaginem
1454 5034 1525 5100 Dei.
1570 5035 1642 5098 Huc
1674 5041 1709 5099 ut
1735 5037 1922 5116 perueniant
1943 5035 2066 5116 fideles,
2098 5037 2239 5100 stadium

233 5122 391 5196 iustitiae,
426 5115 550 5194 iudicii,
583 5120 825 5186 misericordiae
855 5124 1007 5188 affectum
1030 5124 1207 5188 induerint
1254 5123 1476 5205 poenitudine,
1504 5120 1540 5183 iu
1566 5141 1627 5202 quc
1647 5125 1711 5186 tota
1727 5123 1791 5186 vua
1812 5127 1954 5201 aunan,
1980 5122 2049 5187 iltis
2070 5121 2161 5187 Deua
2189 5140 2239 5185 aa·

233 5198 275 5264 Id
305 5201 346 5266 tit
376 5223 480 5286 quum
506 5204 572 5268 Dei
598 5206 734 5287 spiritus
761 5207 916 5273 intinctas
948 5230 1009 5273 sua
1034 5212 1209 5276 sanctam
1259 5212 1373 5293 eipnat
