4672 5842
160 304 223 368 827
797 291 1075 360 :mammo
1096 292 1203 359 alth.
1223 291 1407 361 OHRIST.
1432 296 1525 358 1559.
1719 348 1723 354 .
1799 348 1805 357 ,
2109 294 2177 361 m

160 491 258 557 sisset
278 484 363 568 quod
386 483 427 548 ad
448 503 543 547 suain
564 482 694 547 laudem
711 483 839 547 faceret
873 481 993 546 Falsus
1011 491 1062 545 est
1078 482 1140 565 igi-
1164 492 1167 563 l
1192 481 1483 564 stantinopolitano
1505 480 1679 545 damnatus
1700 492 1795 557 esset,
1819 480 1906 562 apud
1925 481 2074 546 Leonem
2095 503 2177 549 oon·

160 583 216 640 tur
237 574 272 636 in
294 592 332 635 eo
350 569 533 652 Gregorius
554 568 641 650 quod
660 568 795 632 titulum
811 567 906 632 illum
924 568 1054 650 putavit
1070 568 1140 632 sedi
1164 616 1168 661 Ι
1192 576 1326 650 questus
1349 575 1401 632 eet
1431 567 1553 631 factam
1585 565 1648 631 sibi
1677 588 1748 641 esse
1780 567 1946 630 iniuriam
1992 567 2055 632 Ille
2088 570 2175 635 nibil

161 678 313 726 rernunae
335 657 434 721 luisse
457 654 603 719 delatum
624 677 644 718 a
665 652 791 737 synodo
818 653 1079 733 chalcedonensi;
1103 664 1140 717 ut
1192 662 1351 730 moratus,
1380 653 1599 736 patroeinium
1630 652 1736 717 malae
1757 674 1875 717 causae
1897 673 1963 718 non
1990 655 2103 719 minus
2126 665 2177 721 te-

161 754 285 811 taeearn
315 740 489 806 ridiculum
518 740 697 822 essequod
723 761 742 802 a
768 748 883 804 sancta
911 739 1037 824 synode
1064 761 1139 822 pre·
1192 761 1282 805 mere
1303 761 1402 822 quam
1424 740 1530 804 subito
1553 739 1708 819 suscepit;
1736 738 1771 802 in
1799 738 2000 803 Flavianum
2028 743 2177 823 graviter

160 831 281 897 lectum
305 838 456 903 testatur,
481 835 514 891 et
534 827 631 890 simul
654 825 841 899 scelestum,
870 827 1058 908 profanum,
1082 848 1138 890 ne-
1192 827 1341 890 invectus
1370 833 1433 903 est,
1468 825 1562 906 quasi
1593 824 1760 908 incognita
1791 845 1890 889 causa
1923 826 2091 891 hominem
2125 829 2177 892 in·

159 916 311 985 landrum.
343 914 520 996 superbum
548 922 581 975 ut
602 912 796 993 sacrilegum
819 921 1002 993 nuncupat,
1031 913 1097 975 irne
1120 933 1140 975 a
1193 913 1329 977 noxium
1352 911 1553 989 damnasset,
1578 918 1675 991 atque
1698 910 1761 975 hac
1782 932 1844 974 sua
1865 909 2044 976 ambitione
2066 913 2178 980 effecit

160 1001 288 1068 diabolo
316 1002 537 1082 excogitatum
560 1008 594 1061 et
620 996 869 1062 rib-antichristi
899 1019 1057 1080 praecone
1080 1019 1140 1079 pu·
1193 1005 1232 1061 ut
1260 997 1459 1081 eutychiana
1485 997 1638 1078 impietas
1673 995 1779 1078 spatio
1809 997 1965 1078 temporis
1992 1019 2027 1062 se
2055 1001 2177 1065 confir-

160 1087 325 1154 blieatrmi.
355 1086 400 1151 Et·
419 1098 528 1148 tamen
547 1084 723 1167 subiungit,
739 1083 762 1165 Ι)
781 1104 1020 1166 praecessorem
1042 1104 1140 1147 suum
1192 1093 1306 1147 maret.
1351 1083 1393 1146 In
1416 1083 1528 1147 Africa
1556 1082 1589 1145 id
1618 1082 1749 1164 saepius
1777 1081 1932 1148 accidisse
1954 1092 2098 1163 constat3
2133 1088 2178 1152 ei·

161 1194 338 1250 recusasse,
361 1194 402 1235 ne
425 1170 503 1234 durn
526 1170 680 1251 privatim
701 1169 824 1251 aliquid
847 1169 979 1233 daretur
998 1171 1065 1243 uni,
1089 1189 1140 1232 sa·
1166 1176 1168 1189 '
1193 1169 1261 1233 mul
1291 1171 1378 1233 enim
1406 1191 1443 1233 ac
1472 1167 1593 1232 nobule
1614 1168 1778 1251 quispiam
1804 1168 2028 1234 inordinaria
2056 1171 2177 1238 iudicio

161 1259 309 1326 cerdotes
326 1259 448 1322 honere
467 1255 573 1320 debite
590 1256 801 1337 privarentur
818 1257 973 1320 universi.
1003 1254 1141 1337 Alibi:²)
1193 1254 1422 1325 succubuerat,
1455 1253 1631 1319 advolabat
1662 1255 1817 1331 Romam,
1856 1255 1969 1318 multis
2002 1256 2178 1324 calumniis

162 1346 275 1411 nullus
303 1365 447 1426 unquam
476 1342 533 1407 tali
560 1341 717 1406 vocabulo
739 1341 894 1424 appellari
917 1341 1038 1418 voluit,
1067 1342 1141 1404 nnl-
1192 1360 1269 1405 suos
1297 1341 1468 1423 gravabat:
1498 1360 1636 1404 romanu
1658 1347 1768 1404 autem
1796 1339 1889 1405 sedes
1910 1341 2123 1424 interponere
2142 1365 2178 1409 se

162 1431 215 1496 lus
242 1429 301 1496 sibi
331 1430 392 1493 hee
421 1428 633 1492 temerarium
661 1448 781 1491 nornen
807 1428 959 1510 arripuit:
991 1448 1034 1490 ne
1055 1428 1083 1491 si
1105 1428 1140 1490 in
1193 1446 1322 1508 semper
1350 1437 1422 1490 erat
1447 1433 1571 1507 parata
1621 1424 1716 1505 Quae
1742 1427 1935 1508 improbitas
1962 1429 2072 1508 coegit
2099 1431 2179 1494 affi-

162 1517 368 1601 pontifieatus
396 1513 501 1595 gradu
530 1512 589 1578 sihi
620 1513 759 1596 gloriam
792 1514 1030 1595 singularitatis
1058 1513 1140 1576 arri-
1193 1533 1290 1576 canos
1318 1513 1485 1594 episcopos
1512 1511 1640 1577 sancire
1666 1532 1708 1575 ne
1729 1513 1811 1594 quis,
1834 1513 1895 1578 sub
1918 1535 2024 1595 poena
2044 1536 2178 1580 exeom-

162 1612 263 1687 psret,
287 1601 372 1664 hane
394 1599 550 1664 fratribus
571 1598 722 1663 omuibus
745 1599 924 1681 denegasse
946 1598 1120 1663 videretur.
1193 1599 1434 1674 municatienis,
1458 1597 1546 1661 ultra
1567 1618 1659 1662 mare
1680 1606 1879 1680 provocaret

250 1694 277 1750 ἵ).
323 1686 430 1750 Veuio
458 1707 547 1750 nune
575 1685 615 1749 ad
650 1683 907 1749 iurisdietionem
939 1706 1037 1767 quam
1069 1685 1140 1747 sine
1280 1689 1308 1748 6.
1344 1682 1511 1764 Quidquid
1531 1692 1642 1747 tamen
1663 1684 1770 1761 fuerit,
1792 1685 2006 1766 inspiciamus
2024 1686 2106 1768 quid
2129 1690 2179 1753 iu·

162 1773 386 1841 controversia
412 1794 447 1836 se
475 1772 594 1835 habero
616 1772 650 1834 in
673 1792 786 1835 omnes
813 1771 965 1836 ecelesias
996 1771 1142 1852 pontifex
1194 1771 1240 1833 ris
1262 1779 1320 1833 aut
1341 1771 1512 1851 potestatis
1535 1769 1687 1834 habuerit
1705 1777 1784 1835 tunc
1802 1792 1940 1835 romana
1956 1771 2059 1837 sedes.
2091 1773 2180 1839 Cen-

162 1878 319 1925 romunus
341 1858 465 1922 iusserit.
512 1856 588 1922 Seio
609 1868 751 1938 quantae
772 1858 896 1921 suerint
917 1858 995 1920 olim
1017 1856 1057 1920 de
1080 1856 1142 1921 hae
1194 1857 1318 1919 tinetur
1340 1864 1452 1919 autem
1479 1868 1625 1936 potestas
1647 1856 1866 1921 ecclesiastica
1887 1857 1939 1921 his
1960 1869 2103 1939 quatuor
2127 1881 2180 1926 ea·

162 1943 421 2027 disceptationes.
467 1942 604 2007 Nullum
631 1944 719 2005 enim
747 1943 809 2006 luit
836 1952 1052 2024 tempusque
1075 1963 1141 2006 non
1193 1942 1325 2025 pitibus,
1348 1941 1552 2005 ordinatione
1574 1943 1815 2023 opiscoporum,
1837 1943 2052 2008 conciliorum
2074 1947 2179 2010 indie-

162 2050 301 2096 romana
322 2028 415 2093 sodes
436 2030 610 2111 imperium
639 2030 674 2091 iu
702 2029 783 2092 alitis
803 2028 954 2093 eeclesias
976 2029 1142 2110 appetive·
1193 2029 1297 2103 tione,
1331 2026 1502 2091 audiendis
1535 2027 1806 2108 appellationibus
1843 2040 1901 2092 aut
1943 2030 2177 2107 iurisdictione,

162 2117 216 2183 rit
262 2118 372 2198 Atque
403 2116 464 2180 hoc
493 2115 562 2179 loeo
585 2136 651 2178 non
673 2115 737 2178 orit
758 2116 1041 2196 intempestivum,
1071 2115 1143 2196 qui·
1193 2113 1427 2178 monitionibus
1465 2113 1683 2196 castigatoriis
1716 2121 1773 2177 aut
1810 2116 1966 2179 censuris.
2019 2114 2180 2183 Ordinari

162 2202 225 2269 bus
258 2200 364 2266 modis
393 2203 513 2266 sensim
542 2208 621 2265 tunc
650 2201 821 2264 emerserit
842 2199 884 2264 ad
913 2200 1058 2282 aliquam
1085 2221 1142 2281 po·
1194 2200 1360 2282 episcopos
1389 2221 1409 2263 a
1437 2199 1504 2264 suia
1531 2199 1746 2280 metropolitis
1773 2200 1889 2265 iubent
1908 2221 2023 2267 omnes
2049 2214 2178 2270 veterae

162 2289 317 2362 tentiam,
342 2287 549 2369 investigare.
595 2286 750 2350 Nondum
773 2286 813 2350 de
843 2287 903 2351 hoo
925 2287 1053 2351 infinito
1081 2287 1143 2349 im·
1196 2285 1324 2368 synodi.
1380 2285 1553 2367 Nusquam
1592 2284 1744 2349 advocari
1779 2307 1955 2351 remanum
1987 2289 2179 2372 episcopum

163 2375 254 2458 perio
287 2373 415 2454 loquer,
448 2372 535 2454 qued
567 2392 635 2435 non
668 2374 714 2435 ita
739 2372 865 2454 pridem
898 2372 960 2437 sibi
989 2372 1142 2454 arripuit;
1194 2371 1309 2435 iubent
1330 2371 1394 2434 nisi
1424 2372 1458 2434 in
1479 2390 1539 2434 sua
1566 2371 1773 2452 patriarchia
1819 2370 1954 2438 Sensim
1974 2384 2086 2439 autem
2108 2397 2178 2441 mes

164 2480 243 2525 narn
265 2457 299 2521 id
317 2459 351 2521 in
371 2479 467 2522 suum
488 2458 596 2523 locuni
614 2457 811 2523 dilleremus.
845 2457 970 2522 Verum
990 2458 1043 2522 hic
1062 2479 1143 2539 pau·
1195 2456 1337 2521 obtinuit
1364 2465 1402 2520 ut
1429 2456 1530 2521 italici
1557 2456 1699 2539 episcopi
1726 2457 1768 2521 ad
1800 2458 1978 2540 petendam
2010 2482 2179 2527 conseera-

163 2545 213 2610 eis
229 2544 373 2608 indicare
391 2545 671 2625 operaepretium
689 2555 748 2616 est„
766 2544 907 2625 qualitor
925 2544 1003 2608 oliui
1020 2551 1055 2608 et
1071 2545 1142 2626 qui-
1195 2544 1319 2607 tionem
1345 2563 1458 2606 omnes
1487 2543 1629 2606 Romam
1650 2544 1816 2622 venirent,
1846 2546 1991 2627 exeeptis
2012 2562 2179 2630 metropo-

165 2629 227 2696 bus
250 2630 429 2695 rationibus
457 2652 492 2693 so
515 2630 686 2699 extulerit.
716 2640 753 2694 ut
775 2630 898 2711 aliquid
920 2631 1001 2694 iuris
1023 2628 1085 2693 sibi
1107 2631 1143 2693 in
1194 2630 1278 2705 litis,
1312 2630 1368 2711 qui
1400 2649 1435 2691 se
1463 2628 1498 2691 in
1527 2627 1612 2694 hano
1638 2630 1833 2695 servitutem
1854 2631 1967 2714 {redigi
1993 2634 2081 2713 passi
2108 2655 2180 2698 neu

164 2716 246 2783 alias
269 2715 420 2781 eeclesias
447 2728 599 2780 sumeret.
646 2715 758 2796 Qrmm
786 2716 960 2781 orientales
988 2716 1143 2781 ecelesiae
1194 2725 1286 2792 sunt;
1315 2713 1372 2779 sed
1398 2735 1500 2796 qumn
1528 2713 1730 2780 ordinandus
1762 2726 1833 2780 erat
1861 2717 1976 2799 aliquis
2007 2733 2177 2799 metropo-

164 2800 289 2869 divisue
321 2814 429 2866 essent
465 2823 503 2866 ao
530 2801 679 2867 turbatae
706 2802 907 2866 Arianontm
938 2802 1142 2879 factionibus,
1194 2801 1263 2877 lita,
1286 2799 1438 2864 mittebat
1458 2799 1537 2865 illue
1558 2822 1662 2864 unum
1690 2822 1732 2865 ex
1756 2803 1824 2866 suis
1846 2801 2041 2885 presbyteris
2062 2824 2177 2868 roma·

164 2889 225 2955 sub
255 2888 448 2953 Oonstrmtio
477 2897 510 2951 et
532 2887 712 2952 Constante
734 2887 947 2966 Caesaribus,
980 2888 1143 2953 Constan-
1196 2909 1258 2950 nus
1279 2887 1459 2969 episcopus,
1482 2887 1537 2969 qui
1560 2895 1690 2950 tantum
1707 2887 1845 2965 adesset,
1869 2911 1936 2953 ηοη
1951 2896 2063 2953 autem
2078 2911 2178 2971 prae-

164 2975 227 3039 tiui
248 2975 360 3056 mrtgni
384 2973 475 3054 liliis,
504 2994 542 3036 ac
569 2973 644 3038 sedo
667 2995 727 3038 sua
748 2975 863 3056 pulsus
885 2984 972 3039 esset
993 2974 1143 3039 Athana·
1195 2982 1289 3038 esset
1319 2971 1422 3038 Cuius
1439 2973 1487 3036 rei
1505 2973 1693 3054 exemplum
1710 2983 1820 3039 exstat
1837 2973 2180 3059 apudGregorium1)

164 3061 234 3123 sius
256 3057 331 3122 fidei
353 3057 554 3122 orthodoxae
574 3061 768 3143 praecipuus
789 3061 857 3126 illic
875 3060 1034 3137 defensor,
1057 3061 1143 3124 eius-
1194 3059 1231 3122 in
1248 3060 1492 3123 consecratione
1509 3057 1697 3123 Constantii
1707 3060 1973 3140 Mediolanensis,
1995 3073 2069 3144 post
2085 3063 2180 3128 Iau-

164 3144 252 3209 modi
276 3144 445 3208 calamitas
467 3146 574 3226 ipsum
597 3146 737 3210 Romam
759 3147 872 3211 venire
894 3147 1009 3229 coegit
1033 3156 1070 3209 ut
1091 3166 1143 3209 ro·
1195 3146 1295 3208 rentii
1318 3145 1451 3210 ebitum.
1485 3142 1684 3226 Quanquam
1705 3167 1772 3210 nen
1794 3158 1874 3230 pute
1894 3145 1979 3212 illud
1999 3149 2102 3214 fuine
2123 3171 2180 3215 ve-

164 3251 283 3295 manae
304 3229 390 3294 sedis
413 3231 589 3294 autoritate
607 3243 680 3294 tum
702 3231 844 3296 bestium
862 3253 997 3296 suorum
1019 3230 1144 3296 rabiem
1196 3232 1416 3296 tustissimum
1437 3231 1642 3309 institutum;
1666 3230 1724 3295 sed
1743 3254 1846 3313 qumn
1868 3234 2002 3299 honoris
2024 3248 2060 3299 et
2080 3236 2178 3300 bene·

163 3326 331 3398 uteunque
364 3316 572 3397 reprimeret,
610 3327 681 3379 tum
713 3319 783 3399 pios
809 3319 995 3383 laborantes
1023 3319 1143 3382 confir-
1168 3342 1172 3407 p
1195 3317 1360 3381 velentiae
1381 3336 1481 3381 eausa
1505 3316 1600 3379 initio
1628 3319 1799 3382 mitterent
1819 3319 1947 3403 ultro2)
1970 3337 2003 3383 et
2026 3321 2112 3386 citro
2133 3322 2179 3387 le-

164 3417 280 3467 maret.
333 3401 513 3483 Susceptus
540 3414 592 3466 est.
619 3404 689 3484 ipse
718 3403 894 3470 honorilice
917 3404 1042 3469 aIulio
1064 3414 1144 3467 tune
1197 3412 1307 3487 gates,
1331 3403 1387 3484 qui
1408 3411 1509 3466 testes
1531 3403 1639 3466 ferent
1658 3403 1887 3482 ordinationis,
1912 3406 1956 3470 ad
1977 3410 2179 3473 communio

164 3489 330 3570 episeopo,
363 3507 401 3551 ae
434 3488 576 3552 obtinuit
607 3497 644 3552 ut
671 3510 789 3553 nitrsao
815 3511 893 3554 suae
923 3490 1143 3555 ‹lesensionem
1196 3510 1274 3553 nem
1296 3488 1493 3553 testandam:
1520 3487 1608 3571 quod
1630 3490 1853 3554 voluntarium
1874 3504 1961 3570 erat,
1985 3515 2047 3575 pro
2069 3516 2179 3560 neees-

164 3571 380 3639 oocidentales
413 3574 624 3655 susciperent.
680 3572 793 3654 Quum
819 3597 898 3658 ergo
931 3578 976 3658 pii
1008 3586 1145 3640 externo
1169 3600 1173 3665 ι
1197 3576 1283 3639 sario
1317 3573 1432 3639 haberi
1464 3582 1577 3656 postea
1608 3577 1721 3657 eoepit
1767 3577 1944 3659 Utcunque
1971 3581 2029 3657 sit,
2052 3598 2180 3647 consta

164 3652 327 3744 praesidio
353 3679 551 3743 magnopere
578 3658 779 3743 indigerent.
808 3662 843 3724 in
871 3684 1007 3726 romana
1034 3676 1145 3726 autem
1197 3659 1370 3724 ordinandi
1398 3670 1593 3743 potestatem
1615 3683 1681 3725 nen
1710 3663 1809 3727 titisse
1831 3663 1911 3727 olim
1937 3685 2075 3730 romano
2095 3670 2179 3748 epis-

163 3746 302 3812 eeelesia
322 3758 496 3810 cernerent
516 3746 576 3810 sibi
599 3747 761 3829 optimum
783 3768 855 3812 esse
875 3747 1084 3829 praesidium,
1106 3748 1145 3810 li·
1197 3768 1277 3829 eopo
1299 3748 1363 3812 nisi
1384 3749 1419 3811 in
1441 3749 1608 3829 provincia
1627 3769 1706 3812 suae
1728 3750 1966 3830 patriarchiae,
1989 3753 2053 3817 boe
2073 3768 2123 3816 est
2144 3755 2179 3817 in

164 3831 281 3897 beuter
302 3833 332 3896 ei
355 3830 547 3896 deferebant
566 3852 665 3913 quam
682 3833 864 3915 plurimum
885 3843 1034 3915 poterant
1053 3844 1145 3897 auto-
1170 3858 1173 3913 5
1197 3834 1342 3899 welesiis
1364 3832 1606 3906 suburbicariis,
1629 3850 1665 3897 ut
1688 3856 1795 3898 canon
1814 3835 1932 3919 synodi
1955 3839 2111 3904 nicaenae
2132 3839 2180 3903 lo-

164 3919 280 3981 ritatis.
334 3918 460 3981 Verum
489 3917 522 3982 id
551 3929 657 3982 tetum
687 3919 769 3982 nihil
793 3918 992 3993 alluderet,
1020 3919 1085 3983 nisi
1107 3930 1146 3982 ut
1170 3918 1173 4007 l
1196 3920 1318 4001 quitur.
1353 3916 1564 3985 Ordinatieni
1587 3941 1717 3983 annexa
1738 3934 1810 3985 erat
1829 3923 1988 4004 epistolae
2005 3923 2179 3989 svnedieae

165 4004 279 4083 magni
312 4004 541 4068 aestimaretur
572 4006 643 4069 eius
668 4007 869 4077 communio,
903 4005 944 4069 ab
971 4026 1011 4068 ea
1035 4012 1146 4069 autem
1170 4032 1173 4069 i
1197 4005 1324 4075 missio,
1354 4006 1391 4068 in
1413 4026 1478 4088 qua
1503 4005 1607 4068 nihile
1628 4009 1777 4088 superior
1798 4019 1870 4071 erat
1895 4009 1978 4074 aliia
2021 3992 2181 4074 &laena

164 4090 441 4155 excommunicari
459 4091 715 4173 iguonriniosum
733 4090 915 4156 (luceretur.
936 4092 1057 4156 Postea
1067 4091 1145 4154 mali
1171 4130 1173 4151 ι
1196 4091 1404 4174 patriarchae
1421 4092 1533 4155 statim
1553 4107 1628 4173 post
1645 4113 1738 4156 suam
1755 4097 2034 4162 consecrationum
2048 4095 2180 4160 solenni

165 4184 201 4241 et
228 4174 366 4257 improbi
396 4176 537 4239 multum
566 4177 628 4259 ipsi
655 4198 784 4259 queque
810 4176 1015 4241 addiderunt.
1060 4176 1147 4240 Nam
1171 4200 1174 4247 ι
1197 4178 1320 4258 scripto
1341 4176 1442 4241 fidem
1462 4198 1558 4241 suam
1575 4180 1777 4262 consignare,
1801 4202 1865 4262 quo
1888 4181 2126 4264 profitebantur
2144 4205 2180 4248 se

165 4270 205 4326 ut
236 4261 382 4344 legitima
409 4261 529 4327 iudicia
558 4263 757 4347 effugerent.
786 4263 827 4327 ad
864 4263 926 4327 hee
952 4261 1083 4346 asylum
1111 4284 1147 4327 se
1171 4328 1174 4335 ,
1197 4264 1319 4328 sancus
1336 4278 1371 4327 et
1391 4262 1584 4328 orthodoxis
1605 4266 1751 4330 conciliis
1772 4266 1988 4333 subscribere
2021 4268 2084 4341 Ita
2105 4268 2179 4334 rod-
2239 4309 2245 4318 ·

165 4347 408 4447 conuertebant
438 4348 553 4446 Itaque
584 4351 612 4413 si
639 4351 712 4431 quis
739 4349 953 4432 presbytera
979 4349 1147 4447 suouepis·
1172 4348 1174 4355 '
1199 4348 1269 4413 dita
1289 4349 1367 4459 fidei
1388 4370 1467 4414 suae
1489 4351 1624 4426 ratione,
1636 4366 1763 4448 ¹mutuo
1785 4374 1821 4416 se
1842 4352 1900 4450 alii
1922 4355 1997 4418 aliis
2018 4356 2180 4453 approba·

165 4452 340 4584 aasz
355 4432 822 4603 tarantasia
843 4456 1147 4585 aman
1198 4435 1316 4586 tat
1331 4435 2181 4611 annuntiationem

166 4605 401 4688 appellationes
434 4607 563 4670 romani
594 4609 735 4690 episcopi
769 4606 920 4691 cupidius
953 4627 1052 4689 quam
1087 4628 1148 4688 par
1198 4610 1356 4690 superior,
1374 4608 1433 4673 sed
1449 4631 1553 4691 quum
1568 4612 1750 4693 oportuerit
1768 4633 1837 4674 non
1854 4614 1965 4678 minus
1982 4612 2064 4679 dare
2080 4633 2181 4696 qnam

165 4704 236 4756 erat
259 4693 472 4773 neipiebant:
495 4693 581 4773 qued
605 4693 777 4758 videbat-ur
797 4716 869 4758 esse
891 4695 1015 4777 speeies
1036 4704 1147 4756 extra-
1172 4684 1175 4755 l
1198 4693 1240 4757 ab
1267 4695 1340 4759 aliis
1368 4696 1517 4779 exigere.
1545 4706 1580 4760 et
1599 4698 1765 4761 communi
1794 4697 1862 4781 legi
1888 4721 1960 4763 esse
1987 4701 2181 4769 mhioemm

166 4777 350 4842 enlinariae
377 4780 564 4860 potestatis,
593 4801 628 4844 se
657 4780 754 4863 leupo
782 4781 910 4863 lateque
938 4783 985 4844 ita
1005 4779 1147 4862 negotiis
1173 4790 1175 4827 ⁵
1199 4794 1287 4845 certe
1313 4781 1477 4846 societatis
1498 4784 1632 4866 signum
1652 4781 1688 4847 id
1714 4784 1786 4852 fuir„
1810 4805 1879 4848 nen
1905 4785 2054 4850 domnii
2098 4787 2183 4851 Eius

167 4861 383 4945 interponere.
429 4864 486 4930 sic
509 4886 612 4947 quum
633 4867 804 4951 Eup-ebes
834 4889 852 4931 a
875 4866 1037 4931 Flaviano
1058 4864 1147 4931 Oen-
1172 4918 1175 4977 ¹
1199 4867 1248 4929 rei
1269 4867 1457 4950 exemplum
1480 4868 1623 4933 habetur
1642 4871 1678 4932 in
1699 4870 1838 4952 epistola
1854 4871 2009 4956 Gregorii
2026 4873 2071 4937 ad
2090 4878 2182 4938 Ana·

1270 5159 1299 5225 1)
1322 5160 1396 5212 Libr.
1414 5157 1439 5208 2.
1464 5176 1480 5209 e
1499 5160 1544 5211 ist.
1560 5157 1596 5210 68
1613 5173 1640 5211 et
1661 5158 1717 5212 lit).
1788 5161 1818 5226 Ξ)
1843 5176 1871 5214 et
1896 5164 1977 5216 ulna
2014 5164 2090 5217 ΕΜ.
2116 5183 2185 5221 *tce

240 5219 268 5277 ll
286 5222 359 5275 Libr.
377 5226 403 5278 4Ἢ
424 5226 500 5293 epist.
520 5223 560 5277 itt
630 5225 660 5285 a)
680 5227 765 5294 lapist-
782 5225 825 5277 69.
845 5227 905 5277 libr.
925 5225 948 5278 ῖ.
1199 5228 1317 5280 m
1333 5234 1360 5280 d
1381 5175 1591 5280 Melanos

2212 236 2234 291 t.
