4672 5842
239 302 300 365 iil
378 324 382 331 ·
881 287 1148 361 nisfflffrlo
1169 289 1273 355 REL
1298 286 1479 355 oms.
1505 292 1598 354 1559.
2175 291 2239 355 ωε

237 485 391 571 quidquid
417 482 574 548 matun
599 483 739 565 asperqit
768 502 858 547 saoro
883 483 952 546 cius
978 478 1113 554 nomini,
1145 477 1212 540 iam
1256 480 1386 558 propter
1406 480 1545 541 nostrum
1565 474 1734 539 ruditatem
1760 496 1840 556 quae
1863 496 1925 540 non
1949 475 2044 557 focile
2065 476 2113 540 uel
2132 478 2240 542 statim

238 571 367 639 additu
387 569 519 634 altermn
540 568 646 633 sunile
666 567 779 647 elfere
799 566 882 632 ι’ἀοννι
903 571 1012 644 mmm,
1034 571 1068 628 nt
1083 583 1212 644 reqnum
1262 561 1465 645 apprehendit
1481 560 1560 642 quid
1574 562 1616 625 sit
1628 559 1730 624 Deum
1739 562 1776 624 in
1791 561 1907 626 mundo
1921 581 2060 643 reqnore
2093 561 2241 646 Hocerqo

236 657 305 726 eius
323 654 478 719 adueniat.
522 651 595 719 Etsi
622 659 726 719 anunm
750 654 839 735 requi
860 652 957 716 lortius
982 648 1122 732 &finitio
1143 653 1213 712 ante
1263 649 1406 730 eseqeticc
1431 668 1552 712 sumem
1577 646 1749 710 absurdum
1773 667 1835 710 non
1854 648 1928 712 erit:
1954 653 2026 711 turu
2044 646 2152 712 Deum
2176 648 2242 728 fore

237 763 259 809 a
279 740 367 806 nobis
379 739 488 820 posita
508 744 560 817 est,
579 739 710 804 ονοοίὶον
726 759 809 802 nmio
828 743 939 818 repeto,
962 736 1066 802 Deum
1082 754 1212 816 requare
1263 755 1364 816 reqem
1380 735 1414 796 in
1432 733 1555 810 mundo,
1576 733 1629 796 uli
1646 753 1679 796 se
1697 733 1881 796 mnneseius
1897 732 2046 796 uoluntati
2067 734 2241 799 udiicient.

237 826 292 893 uli
313 825 451 890 tornius
477 830 542 889 tarn
569 826 623 888 sui
649 824 846 905 amieqatim
872 845 968 904 quam
988 821 1098 887 mundi
1120 826 1212 883 terre·
1266 819 1367 884 Porro
1384 817 1803 900 nonaqilurliicdearcana
1814 818 2243 900 eiusooluntatequaomnia

236 931 353 993 uaeque
373 911 455 976 vitae
476 915 645 990 contemptu
667 909 756 974 illius
777 910 917 974 iustitiae
938 930 971 973 se
992 909 1154 982 addicunl,
1178 909 1211 968 ut
1263 906 1441 970 moderatur
1461 910 1488 968 et
1510 905 1544 967 iu
1564 924 1657 968 suum
1676 904 1771 983 finem
1791 904 1933 968 destinat.
1980 904 2131 985 Quamuis
2159 908 2242 971 mim

237 997 280 1065 ad
309 996 464 1063 coelestem
496 997 593 1060 citam
624 995 769 1075 aspirml.
820 994 874 1058 Ita
900 995 982 1060 duae
1013 999 1085 1059 sunt
1117 991 1212 1055 huius
1263 991 1450 1055 tumultuose
1477 995 1570 1054 salon
1596 994 1623 1053 et
1651 989 1789 1053 immines
1817 995 1923 1055 contro
1949 991 2056 1071 ipsum
2083 992 2240 1072 feramur,

236 1085 326 1168 requi
350 1087 472 1162 partes:
502 1081 616 1158 attera,
647 1086 681 1144 ut
711 1078 800 1146 Deus
820 1101 944 1160 pavos
975 1100 1079 1144 armies
1106 1077 1212 1141 carnis
1264 1077 1348 1142 novit
1373 1082 1475 1140 tamen
1503 1075 1882 1154 incomprehensibilium
1903 1076 2032 1142 oonsilio
2057 1097 2120 1141 non
2140 1074 2242 1143 solum

236 1168 436 1251 cupiditates,
463 1187 541 1248 quae
566 1166 728 1230 turmatim
753 1170 858 1230 corstra
883 1187 954 1230 eum
981 1166 1212 1247 belliqerontur,
1261 1163 1377 1241 tlectere
1404 1181 1509 1226 eorum
1537 1162 1682 1241 impetus,
1709 1161 1764 1226 sed
1791 1162 1827 1224 in
1853 1161 1993 1226 ordinem
2020 1184 2111 1245 apere
2132 1170 2168 1227 ut
2183 1183 2242 1244 per

237 1254 372 1337 spiritus
393 1254 446 1318 sui
464 1253 576 1316 mrtute
603 1252 754 1333 oorriqat,·
780 1251 890 1316 deinde
916 1257 952 1315 ul
977 1271 1088 1316 seusus
1110 1268 1213 1313 omnes
1264 1268 1314 1312 eos
1340 1248 1438 1328 faciat
1467 1246 1548 1327 quad
1573 1246 1713 1311 desevit.
1767 1245 1828 1311 Sed
1853 1247 1904 1312 hic
1931 1251 2056 1313 notalru
2081 1249 2152 1313 alia
2177 1248 2242 1314 Dei

238 1343 357 1405 nostros
377 1338 488 1419 formet
507 1337 550 1401 ad
572 1337 699 1416 irnperii
720 1337 774 1401 sui
795 1336 981 1418 obsequium.
1019 1336 1130 1416 Itaque
1152 1354 1213 1397 non
1264 1332 1414 1409 colonias,
1440 1353 1546 1413 nempe
1567 1333 1618 1396 cui
1639 1333 1799 1411 respondet
1820 1332 2031 1398 uoluntarium
2052 1334 2241 1417 obsequium,

238 1424 301 1491 olii
322 1423 493 1508 tepitimum
514 1421 653 1487 ordinere
674 1427 773 1486 teuent
801 1423 835 1485 in
856 1421 913 1486 nac
929 1442 1036 1501 prece,
1065 1422 1130 1484 nisi
1157 1419 1213 1500 qui
1264 1419 1391 1499 ideoque
1408 1419 1591 1482 nominatim
1607 1421 1761 1498 contemne
1779 1419 1893 1485 coelum
1910 1425 2026 1499 terrae·
2042 1420 2243 1503 quiaunqeli,

237 1530 261 1576 a
282 1531 314 1574 se
335 1509 416 1589 ipsis
437 1507 605 1587 iruipsiunt,
637 1528 743 1588 nempe
769 1513 803 1570 ut
827 1513 1005 1590 piuqentur
1031 1505 1213 1587 corruptelis
1264 1509 1300 1569 ut
1316 1504 1352 1567 in
1373 1503 1499 1568 Psalmo
1521 1504 1608 1587 (103,
1621 1503 1677 1586 20)
1699 1504 1825 1582 diciner,
1846 1509 1951 1584 sponte
1968 1505 2113 1570 obediunt
2126 1506 2194 1572 Deo
2214 1511 2243 1570 et

239 1593 388 1672 ommibus,
416 1613 495 1675 quae
521 1592 729 1672 tranquillum
756 1594 846 1675 requi
863 1591 928 1658 Dei
948 1599 1064 1658 siolum
1085 1597 1212 1672 pentur-
1264 1591 1374 1655 intorti
1394 1594 1467 1653 sunt
1488 1589 1530 1654 ad
1551 1590 1743 1669 eoseqmda
1764 1591 1833 1654 cius
1852 1591 1951 1655 iussa
2002 1590 2152 1656 Iubemur
2172 1611 2243 1674 erqo

238 1679 325 1756 dant,
356 1683 383 1743 et
405 1679 578 1760 puritatem
604 1677 755 1758 inficiunt.
803 1678 873 1742 [om
919 1680 976 1742 uia
1002 1679 1128 1743 verbum
1150 1676 1214 1740 Dei
1265 1680 1385 1756 optare,
1413 1676 1493 1739 sicut
1520 1675 1554 1739 in
1582 1676 1662 1739 coelo
1682 1673 1763 1739 nino
1782 1678 1903 1758 peritur
1923 1677 1990 1741 nisi
2010 1698 2048 1741 ec
2070 1675 2135 1743 Dei
2154 1683 2242 1756 nediu

239 1765 343 1829 instar
360 1763 472 1847 sceptri
489 1762 570 1846 reqii
586 1767 639 1840 est,
652 1764 781 1844 precari
791 1763 870 1829 lici
982 1786 1007 1843 ν,
1024 1770 1059 1828 ut
1075 1764 1215 1828 orunium
1260 1761 1443 1844 placideque
1475 1761 1579 1844 anqcli
1609 1761 1653 1824 ad
1685 1781 1803 1826 uncum
1841 1761 2053 1827 rectitudinem
2083 1763 2243 1845 compositi

238 1854 352 1916 monus
380 1853 408 1914 et
434 1848 527 1914 corda
548 1847 740 1914 volumniae
761 1851 829 1914 eius
856 1848 1041 1914 obedientiae
1061 1848 1215 1913 subiiciat.
1266 1852 1353 1924 sunt,
1382 1848 1429 1910 sic
1456 1851 1589 1924 terram,
1623 1847 1707 1910 uniti
1734 1849 1927 1912 contumacia
1953 1853 1981 1913 et
2006 1850 2163 1929 pravitate
2189 1869 2243 1912 eu-

241 1934 386 2018 Quodtit
412 1933 466 1999 uli
492 1953 608 1999 arcano
634 1935 767 2015 spiritus
793 1935 844 1999 sui
871 1935 1017 2000 instindu
1043 1934 1216 2016 efficaciam
1265 1933 1386 2009 slinda,
1404 1932 1556 1997 eiusmodi
1572 1933 1702 2013 imperio
1718 1933 1830 2016 subiqi.
1862 1934 1967 2015 Atque
1983 1935 2018 1999 id
2034 1934 2159 2015 quidem
2172 1954 2244 2018 pos·

238 2020 322 2088 uerbi
348 2021 401 2085 sui
430 2021 557 2098 euseril,
589 2026 623 2084 ut
650 2021 780 2085 uuineal
806 2022 840 2084 in
866 2042 925 2101 qno
952 2027 1085 2086 merelru
1110 2019 1215 2103 qradu
1266 2017 1414 2096 nilautes,
1442 2018 1549 2082 carnis
1569 2023 1692 2082 noslrae
1718 2019 1886 2085 desideriis
1907 2021 2141 2101 renuntiamus5
2167 2021 2244 2101 quia

237 2105 372 2173 nonoris
424 2104 536 2170 Postea
563 2105 606 2169 ad
632 2106 746 2188 impios
773 2106 951 2172 camum
977 2107 1126 2183 conuenit,
1159 2105 1215 2185 qui
1266 2104 1333 2192 nisi
1354 2105 1426 2184 quis
1447 2104 1574 2184 affectus
1595 2124 1669 2169 suos
1690 2102 1759 2168 Deo
1779 2106 1912 2187 resiqnet
1939 2126 1976 2170 ac
1991 2108 2155 2186 permiltal
2176 2107 2244 2171 eius

293 2191 438 2257 vicaciter
459 2196 486 2256 et
507 2191 668 2271 desperato
689 2191 795 2272 furore
815 2193 884 2256 eius
905 2194 1037 2273 imperio
1058 2193 1215 2257 residunt.
1267 2189 1427 2268 retardati,
1450 2194 1601 2269 quandum
1622 2190 1658 2253 in
1678 2210 1710 2253 se
1732 2195 1790 2266 est,
1812 2211 1846 2255 se
1862 2194 1998 2272 opponit,
2020 2193 2145 2272 quaudo
2162 2191 2245 2257 niliil

237 2413 360 2527 unat}
395 2445 534 2513 aliorum
567 2447 750 2513 indomitam
782 2448 962 2529 superbiam
991 2451 1122 2531 frauqit.
1173 2446 1216 2512 Id
1263 2467 1324 2528 pro
1344 2467 1400 2512 suo
1423 2446 1553 2513 arbitrio
1575 2467 1631 2511 nos
1650 2452 1754 2529 reqat;
1775 2469 1872 2528 neque
1891 2449 1926 2513 id
1946 2413 2060 2527 solum:
2077 2451 2132 2515 secl
2149 2451 2245 2515 etiam

309 2534 373 2600 idio
392 2533 463 2614 sieri
485 2533 653 2613 optandum
674 2539 726 2612 est,
748 2539 783 2597 ut
804 2534 865 2599 sibi
888 2533 976 2599 Deus
997 2535 1140 2601 eodesias
1160 2533 1216 2598 ool·
1267 2537 1302 2598 ut
1322 2553 1419 2597 nouas
1439 2537 1553 2598 mentes
1574 2552 1725 2613 novosque
1747 2535 1884 2611 animos,
1908 2535 2025 2600 uostris
2045 2536 2081 2599 in
2107 2535 2245 2601 nihilum

259 2621 265 2634 '
338 2640 376 2684 ee
396 2619 538 2684 omnibus
559 2619 672 2685 mundi
688 2619 813 2703 ptaqis,·
840 2640 895 2685 eos
921 2641 1049 2685 numuo
1063 2624 1216 2702 propaqel
1267 2619 1409 2696 redactis,
1431 2622 1517 2695 creet,
1539 2638 1687 2699 nequem
1707 2619 1878 2685 audiamur
1894 2621 1930 2685 in
1950 2620 2040 2685 uobis
2058 2621 2244 2701 cupiditatis

239 2709 330 2789 atque
351 2709 476 2787 auqcut,
504 2705 594 2771 donis
616 2706 685 2769 suis
707 2704 876 2786 locupletet,
900 2705 1070 2788 lcqitimnm
1091 2707 1127 2770 in
1150 2705 1216 2770 illis
1268 2711 1384 2770 motum
1411 2724 1505 2784 quam
1531 2723 1651 2767 muum
1683 2723 1864 2770 consensum
1890 2726 1959 2770 cum
1987 2707 2054 2772 eins
2079 2706 2240 2771 voluntale.

237 2790 377 2858 udinem
397 2789 549 2868 stabiliat,
571 2811 610 2855 es
637 2812 654 2855 o
671 2791 775 2872 posilo
789 2796 969 2872 prosternal
990 2812 1093 2857 omnes
1113 2810 1217 2873 purae
1269 2790 1312 2855 In
1333 2787 1524 2868 summane
1545 2790 1621 2870 quid
1642 2811 1681 2854 eu
1698 2789 1785 2855 nolis
1806 2791 1938 2857 velimus
1959 2793 2031 2873 ipsi,
2052 2791 2105 2857 sed
2126 2797 2158 2855 ut
2176 2792 2243 2872 spi-

237 2876 394 2943 doctrinae
416 2880 442 2939 et
464 2875 627 2958 reliqionis
686 2881 762 2954 stes,
789 2877 920 2957 dissipet
947 2898 1054 2943 eorum
1074 2877 1216 2954 consilio,
1268 2879 1352 2942 ritus
1378 2876 1447 2940 eius
1474 2875 1569 2941 corda
1597 2880 1704 2940 nostra
1733 2877 1892 2958 quibunet,
1923 2898 1982 2958 quo
2008 2880 2091 2942 intas
2122 2878 2244 2944 docente

237 2967 365 3029 condus
386 2961 519 3026 deiiciat.
557 2960 644 3028 (loide
662 2967 791 3043 apparet
808 2983 868 3027 non
882 2963 1005 3044 frustra
1022 2963 1109 3028 nobis
1120 2982 1217 3044 prae·
1267 2963 1428 3027 discamus
1445 2982 1553 3026 aniane
1570 2983 1650 3043 quae
1666 2963 1695 3026 ci
1711 2962 1847 3042 placed,
1869 2965 1971 3030 odisse
1991 2985 2062 3028 oero
2081 2984 2160 3045 quoe
2181 2964 2245 3030 dis·

239 3047 306 3129 cipi
339 3046 478 3113 studium
510 3047 685 3128 quotidiani
712 3068 914 3131 propressus:
946 3050 1026 3130 quia
1057 3068 1217 3130 nunquam
1264 3048 1388 3130 plicent
1436 3046 1523 3113 Unde
1542 3047 1595 3112 liae
1616 3068 1733 3128 quoque
1753 3050 1902 3130 sequitur,
1923 3055 1958 3113 ut
1978 3051 2156 3130 quicunque
2177 3051 2245 3116 eius

239 3136 305 3197 tam
321 3129 392 3196 bone
413 3132 519 3229 aqitur
535 3154 605 3197 curn
623 3134 713 3198 rebus
729 3133 890 3212 humanis,
912 3140 946 3198 ut
968 3135 1122 3200 annosis
1137 3154 1217 3215 pur·
1267 3133 1419 3199 voluntati
1434 3138 1608 3216 repuqnanl
1625 3135 1760 3214 aliudue,
1782 3155 1833 3200 eos
1848 3156 1946 3201 vanos
1961 3141 1990 3200 et
2000 3137 2111 3201 irritos
2126 3136 2244 3202 reddat

238 3217 382 3302 patisqiie
405 3216 552 3283 uitiorum
577 3218 723 3283 sordibus
740 3219 837 3300 plena
855 3221 964 3300 ttorcal
985 3241 1022 3285 ao
1047 3220 1149 3303 oiqeal
1170 3221 1217 3284 in·
1354 3218 1408 3284 En
1423 3221 1535 3300 prima
1553 3221 1618 3285 tria
1639 3221 1745 3301 capito
1760 3221 1961 3302 precationis,
1983 3222 2019 3286 in
2042 3220 2157 3303 quibus
2172 3241 2245 3303 pos·

312 3303 317 3316 '
368 3350 375 3366 .
428 3300 594 3368 Planum
622 3309 725 3370 aulem
753 3306 822 3370 cius
850 3307 892 3370 ad
920 3307 1066 3371 iiltimum
1096 3303 1216 3371 Christi
1267 3305 1372 3370 onidis
1392 3305 1492 3370 solam
1513 3305 1577 3369 Dei
1595 3305 1731 3388 qloriam
1745 3327 1828 3388 prae
1848 3307 1947 3372 oculis
1966 3306 2078 3373 naboe
2099 3309 2245 3384 convenit,

302 3392 407 3454 cntnm
428 3388 641 3469 protenditur,
690 3411 728 3454 uo
761 3389 883 3456 Paulus
917 3392 1021 3456 Deum
1048 3393 1154 3457 munia
1181 3392 1215 3455 in
1267 3392 1385 3457 omissa
1406 3392 1504 3455 nostri
1525 3393 1652 3469 ratione,
1672 3413 1726 3457 nec
1742 3397 1878 3472 spudela
1894 3392 1961 3457 ulla
1977 3399 2085 3458 nostra
2103 3394 2244 3472 uanae,

239 3472 382 3539 omnibus
407 3473 475 3554 fore
501 3472 584 3539 docel
611 3473 644 3557 (l
665 3410 739 3540 ὅον.
764 3480 809 3555 15,
833 3477 898 3561 28).
942 3478 1045 3560 Atque
1072 3478 1118 3542 ita
1143 3477 1217 3543 liaeo
1267 3497 1346 3558 quae
1367 3477 1489 3542 tametsi
1516 3477 1608 3560 larqa
1635 3479 1707 3543 inde
1734 3478 1823 3544 nobis
1843 3481 2001 3560 prooeuil,
2029 3479 2080 3544 liic
2099 3486 2204 3545 lamen
2222 3501 2245 3544 a
2288 3469 2303 3486 ⁶

234 3559 374 3642 precatio
396 3557 551 3624 retrahere
572 3580 628 3624 nos
648 3560 731 3626 debet
752 3583 773 3627 a
794 3563 904 3629 muudi
921 3562 1113 3646 corruptelis,
1135 3584 1216 3644 quae
1267 3561 1355 3628 nolis
1376 3563 1553 3644 quaerendo
1574 3584 1635 3627 non
1656 3569 1708 3628 est.
1745 3563 1832 3629 Haec
1853 3570 1956 3630 autem
1973 3566 2081 3631 omnia
2101 3567 2244 3647 quamuis

237 3663 294 3710 nos
314 3664 336 3708 a
356 3642 426 3711 Deo
446 3649 603 3725 separant,
626 3647 790 3727 quominus
812 3669 941 3731 reqnum
962 3651 1031 3716 eius
1052 3651 1138 3715 intra
1159 3669 1216 3714 nos
1266 3669 1320 3714 nec
1341 3648 1556 3732 munibus,
1585 3669 1638 3713 nec
1664 3649 1854 3730 optantibus,
1881 3671 1936 3716 neo
1949 3651 2129 3731 petentibus
2149 3652 2242 3728 uobis,

236 3729 352 3814 uipoal5
374 3729 470 3796 simul
491 3731 653 3796 acceiidere
673 3734 814 3799 studium
840 3736 1071 3816 mortifieam
1098 3737 1214 3813 carnis,
1266 3756 1323 3801 suo
1349 3735 1553 3799 nihilomiuus
1578 3740 1710 3816 tempore
1729 3737 1848 3801 eoeriire
1867 3741 2018 3817 oporteat,
2040 3738 2179 3819 optanda
2197 3742 2244 3801 ta·

230 3819 387 3967 mirano
409 3815 452 3880 ad
473 3817 574 3882 cruceis
594 3818 791 3884 εοῑοναηίνῗανν
811 3841 868 3885 nos
889 3822 1064 3886 instituere:
1091 3821 1215 3901 quaudo
1266 3841 1336 3886 men
1363 3825 1390 3886 et
1413 3821 1572 3902 poscenda
1598 3819 1685 3886 nolis
1710 3827 1791 3886 sunt.
1835 3821 1936 3903 quue
1961 3823 2066 3903 facere
2091 3845 2155 3888 uon
2182 3823 2245 3888 leue

319 3902 408 4000 modo
435 3900 501 3967 uult
521 3901 611 3969 Deus
642 3925 771 3985 requiem
798 3926 891 3970 suurn
912 3907 1097 3988 propaqori.
1150 3905 1215 4004 Nec
1266 3927 1376 3987 operae
1391 3909 1532 3988 pretium
1547 3912 1599 3986 est,
1619 3912 1654 3971 ut
1670 3908 1717 3972 sic
1733 3927 1789 4004 nos
1811 3929 1915 3973 seruas
1935 3929 2058 3975 esseae
2075 3909 2163 3988 filios
2178 3907 2244 4004 Dei

237 3988 670 4141 mimilewa?
687 3990 1214 4160 mmmdcc
1259 3997 1411 4160 ml
1428 3992 1958 4162 dammim
1977 3992 2243 4157 iillum

237 4160 290 4236 est,
314 4161 346 4221 nt
363 4156 439 4222 dnm
461 4178 516 4223 nos
537 4159 720 4227 subiicirnus
743 4163 810 4227 cius
831 4163 982 4241 iustitiae,
1002 4163 1122 4246 qloriae
1138 4183 1214 4228 suae
1266 4184 1325 4247 que
1345 4166 1518 4244 etpeuitus
1540 4165 1666 4229 addieli.
1710 4164 1823 4247 Itaque
1844 4168 1899 4245 qui
1919 4166 1975 4232 loc
1994 4165 2103 4248 affedu
2122 4185 2159 4231 ac
2181 4170 2245 4230 stu-

237 4245 387 4309 oousortes
404 4243 523 4311 reddal.
554 4245 620 4313 Hoc
635 4247 681 4327 tit,
699 4247 775 4312 dum
792 4248 1105 4314 lucemacoeritotem
1122 4269 1215 4314 moni
1266 4247 1320 4314 dio
1341 4251 1570 4332 promovendae
1597 4249 1660 4314 Dei
1685 4251 1806 4333 qlorioe
1833 4272 1894 4315 uon
1915 4257 2040 4333 pdurd,
2072 4256 2108 4316 ut
2135 4272 2245 4316 nomen

237 4328 327 4394 nouis
357 4348 478 4411 semper
507 4332 700 4399 iriorunentis
733 4332 909 4414 ilrutrans,
942 4335 1056 4414 quilius
1085 4341 1215 4402 satam
1267 4334 1331 4400 Dei
1352 4335 1570 4416 sanctificetur,
1591 4342 1628 4400 ut
1647 4337 1715 4402 eius
1735 4358 1865 4420 reprom
1886 4339 2042 4416 adomiat,
2062 4342 2098 4402 ut
2115 4337 2176 4420 fid
2195 4357 2244 4400 oo

236 4413 384 4498 reponique
404 4412 474 4480 eius
494 4415 633 4483 tuulrae
652 4438 688 4483 ac
708 4418 870 4484 mordacia
890 4425 1080 4500 mitescant,
1102 4422 1215 4487 cestim
1266 4421 1374 4486 lumas
1392 4423 1471 4500 eius,
1491 4424 1518 4486 ii
1538 4442 1634 4504 neque
1654 4424 1736 4488 iuter
1753 4424 1839 4504 cilios
1859 4428 1888 4487 et
1907 4444 2013 4488 servos
2028 4422 2094 4489 Dei
2112 4422 2245 4489 naurdi

234 4504 556 4652 quantussdpereant,
586 4524 660 4568 suos
680 4506 830 4587 proteqit,
856 4507 992 4588 spiritus
1011 4507 1066 4571 sui
1092 4507 1215 4574 ousilio
1266 4513 1356 4586 snm,
1377 4528 1414 4573 ac
1440 4509 1698 4589 quemadmodum
1717 4509 1792 4576 laec
1813 4510 1919 4575 ornnia
1938 4509 2005 4574 illis
2033 4511 2144 4575 inritis
2163 4509 2245 4590 fient,

236 4604 274 4651 ui
288 4589 349 4650 recl
419 4586 501 4653 oon
518 4586 638 4671 diripit,
656 4594 684 4655 et
700 4591 744 4655 ad
755 4593 1023 4672 perseuerantiam
1039 4594 1214 4674 corfinum,
1266 4595 1313 4658 iio
1334 4595 1370 4658 in
1388 4593 1597 4674 censimum
1620 4594 1685 4659 illis
1704 4596 1806 4661 cedent
1826 4616 1864 4661 ac
1883 4596 2055 4661 interitum.

236 4669 357 4751 impias
376 4692 448 4738 uero
468 4671 603 4738 loslium
623 4677 868 4757 conspirationes
887 4678 1006 4756 deiicd,
1028 4678 1167 4744 insidias
1187 4680 1215 4742 et
1354 4685 1405 4744 44.
1452 4679 1599 4761 Sequitur
1619 4701 1702 4761 pars
1728 4682 1879 4747 nationis
1905 4682 2042 4747 socienda
2061 4683 2098 4747 in
2118 4702 2184 4763 qua
2202 4679 2245 4744 ad

234 4753 664 4838 massulitanus
681 4761 831 4840 malitiae,
843 4765 1055 4846 pemicaeiam
1070 4763 1215 4840 retundit,
1266 4771 1391 4831 nostras
1416 4767 1568 4832 utilitates
1593 4767 1822 4833 ducendimiis:
1848 4789 1911 4833 non
1935 4769 2063 4850 quidem
2088 4774 2124 4833 ut
2142 4766 2247 4850 qloria

235 4839 328 4908 donee
355 4843 478 4908 tandem
506 4843 724 4911 autinristum
750 4848 867 4929 spiritu
894 4851 960 4915 oris
986 4850 1039 4913 sui
1067 4849 1215 4930 arefiunt,
1268 4849 1333 4914 Dei
1358 4852 1460 4917 ualere
1488 4854 1593 4930 iussa,
1620 4874 1701 4933 quae
1728 4858 1798 4918 teste
1821 4853 1925 4918 Paulo
1953 4855 2049 4919 etiam
2072 4855 2109 4918 iu
2134 4853 2200 4920 cibo
2217 4857 2247 4916 el

236 4944 414 5008 animmque
435 4927 623 5027 impielatem
644 4932 849 4998 illustratione
870 4934 1020 5000 odacrius
1036 4935 1090 4998 sui
1110 4934 1215 5000 deleat
1263 4940 1342 5018 polu
1361 4939 1528 5018 spedando
1545 4943 1591 5002 est
1611 4935 1644 5023 (l
1665 4937 1741 5004 Oor.
1763 4943 1811 5018 10,
1831 4940 1897 5024 31),
1918 4944 2040 5005 lardum
2056 4958 2247 5021 quaeramus

324 5014 374 5076 43.
400 5012 506 5083 Tertia
575 5016 699 5096 itioest,
721 5016 1217 5100 ultiatooluntasDeiinterro
1268 5023 1350 5104 quod
1370 5023 1460 5089 nolis
1480 5024 1616 5105 expedit:
1638 5023 1694 5089 sed
1714 5024 1768 5089 noc
1793 5024 1963 5090 discrimen
1989 5046 2056 5091 csse
2084 5026 2247 5091 admonui·

236 5094 484 5166 similiinooelu
611 5104 1218 5188 cammarqmuuoepenonmque
1268 5128 1349 5187 mus,
1370 5110 1452 5191 quod
1472 5109 1564 5175 Deus
1583 5108 1791 5190 pwuliariter
1810 5112 1875 5175 tria
1895 5117 1965 5178 uota
1986 5111 2050 5177 sibi
2069 5111 2246 5189 vendicans.

237 5178 1219 5269 almpdestdisiuuqinonfmustralameneeorsumadditur
1269 5193 1658 5277 nosadselolosrapit,
1687 5196 1892 5276 utpietateu
1916 5201 2056 5263 musam
2080 5197 2249 5264 laem
