4672 5842
159 305 242 368 1037
425 312 433 335 ⁶
489 303 580 368 LIB.
601 304 663 370 IV.
707 305 771 371 Du
792 303 1031 372 uxruRle
1052 299 1220 370 MEDHS
1242 302 1307 368 AD
1329 301 1559 368 SALUTEM.
1605 302 1703 368 CAP.
1726 303 1840 368 XVIL
2081 312 2163 372 1038

162 495 247 574 fesso
269 491 479 575 definiendum
506 493 681 573 suscipiens
707 496 855 575 quomodo
882 493 1014 575 improbi
1035 497 1062 557 et
1083 513 1142 558 sce-
1195 491 1321 569 addens,
1343 491 1380 555 in
1400 497 1598 556 comanente.
1637 490 1682 555 Et
1699 491 1776 556 alibi
1793 492 1975 572 spiritualis
1996 495 2166 561 manduca·

164 581 266 658 lerati,
285 580 341 660 qui
360 579 454 660 fidem
475 579 681 643 christianam
698 601 750 645 ονε
765 580 960 662 profitentur,
977 579 1070 660 factm
1087 600 1143 643 aa·
1193 579 1236 641 tio
1258 576 1297 641 ab
1318 597 1351 641 εο
1372 577 1571 656 describitur,
1598 578 1633 640 in
1659 597 1722 659 qua
1745 578 1883 660 qratiam
1914 599 2035 644 morsus
2066 583 2166 646 mart

163 671 224 730 ῖενπ
246 665 405 747 ubneqant,
431 663 550 729 Christi
572 685 683 747 eorpus
704 668 873 743 comedant,
897 671 924 729 et
944 666 1069 746 quidem
1088 665 1143 729 ad
1193 682 1256 726 mn
1283 667 1472 726 επεεπνπππῖ.
1516 664 1566 727 Αε
1589 685 1627 727 πε
1653 664 1791 746 conperta
1815 683 1864 727 nie
1886 685 2032 747 puqnare
2059 667 2166 732 duait

163 772 275 817 versus
296 751 493 832 quorundam
511 751 692 831 opinionem,
715 753 771 833 qui
788 772 848 816 non
865 751 929 816 sola
950 755 1143 816 sacramento
1194 748 1380 828 aduersarii,
1403 749 1482 813 scire
1503 750 1594 813 celim
1612 749 1760 830 quomado
1781 750 1820 813 ab
1841 769 1906 813 una
1928 750 1996 814 eius
2017 752 2167 818 sententia

161 857 214 902 cos
236 838 332 915 edere,
351 837 405 901 sed
426 857 460 899 re
480 837 554 917 ipsa
566 836 741 918 putabant:'
757 839 811 903 sed
827 858 880 902 nec
897 837 970 918 ipsi,
993 838 1104 918 inquit,
1116 835 1142 920 ¹)
1194 853 1227 898 se
1248 834 1424 916 capediant,
1442 834 1497 897 ubi
1518 834 1602 914 dicit,
1624 840 1819 900 sacramenta
1840 836 1877 899 in
1893 837 1970 899 solis
1986 836 2085 902 electis
2102 838 2166 919 efli-

164 923 291 988 dicendi
311 928 385 987 sunt
404 923 596 986 niandncare
617 941 727 1005 carpus
750 922 878 1002 Christi,
900 925 976 1004 qnia
996 923 1031 985 in
1052 943 1143 986 mem
1194 940 1260 985 cere
1280 921 1361 1001 quod
1380 920 1527 1002 hqurant.
1562 919 1648 986 Certe
1673 921 1811 1001 infitiari
1827 942 1888 986 nan
1905 922 2067 1001 cadumi,
2088 924 2167 1004 quin

115 1038 118 1045 ·
165 1009 235 1074 bris
264 1006 383 1074 Christi
409 1008 609 1087 computandi
636 1029 697 1072 non
724 1014 797 1074 sunt
804 1035 814 1089 ,·
843 1013 878 1072 ut
904 1008 1077 1073 mimalia
1097 1014 1143 1072 ta-
1193 1006 1306 1088 fiquret
1324 1007 1358 1069 in
1380 1007 1584 1088 coccapanis
1608 1005 1724 1071 Christi
1745 1027 1864 1089 corpus.
1910 1006 1995 1072 Unde
2016 1010 2166 1090 sequitur,
2222 1023 2226 1039 ¹

166 1114 260 1174 ceam,
280 1113 344 1159 non
358 1098 494 1174 possimt
513 1093 609 1158 simul
626 1114 691 1159 esse
710 1094 848 1160 membra
874 1093 992 1158 Christi
1008 1101 1036 1158 et
1052 1114 1144 1158 men-
1194 1090 1337 1173 reprobos
1359 1092 1397 1155 ab
1418 1092 1487 1156 uus
1498 1094 1741 1174 participatione
1762 1095 1873 1158 areeri.
1920 1091 2074 1174 Cprillum
2095 1116 2167 1175 quo-

166 1181 225 1246 bra
242 1181 427 1245 mauricis:
444 1180 575 1259 denique
591 1181 659 1262 ipse
680 1182 800 1251 dicens:¹
816 1181 871 1260 qui
888 1180 1058 1246 manducat
1078 1199 1145 1243 car·
1195 1197 1253 1258 que
1273 1198 1334 1240 ποπ
1356 1177 1446 1242 aliter
1473 1180 1607 1243 sensisse
1634 1178 1793 1242 declarant
1814 1178 1887 1242 haec
1908 1178 2013 1243 cuba:
2034 1182 2167 1262 perinde

166 1287 237 1331 neni
259 1286 359 1330 meum
381 1271 408 1328 et
429 1264 504 1328 bibit
523 1285 626 1329 nuum
645 1268 844 1350 sanquinem,
867 1267 902 1330 in
924 1285 971 1330 me
992 1271 1096 1331 manet
1117 1269 1144 1329 et
1195 1283 1232 1327 ac
1253 1264 1283 1326 si
1304 1265 1377 1343 quis
1398 1263 1581 1345 liquefactae
1602 1284 1689 1328 cerae
1708 1265 1807 1328 aliam
1827 1283 1930 1328 ceram
1946 1266 2104 1347 infuderit,
2122 1266 2167 1330 ol·

167 1374 221 1436 eqo
243 1353 279 1416 in
297 1372 338 1429 eo,
361 1351 491 1415 ostendit
512 1352 589 1432 quid
610 1353 660 1429 sit,
683 1373 744 1417 non
757 1356 949 1418 sacramento
970 1357 1067 1430 tenus,
1089 1351 1144 1416 sed
1194 1354 1292 1413 terum
1313 1368 1383 1413 cum
1400 1349 1499 1414 altera
1510 1371 1573 1430 per
1589 1355 1682 1414 ῖοῖπνπ
1701 1350 1963 1428 commisceatis
1981 1356 2166 1431 iiecesseest,

166 1460 201 1504 re
223 1459 297 1503 aera
318 1457 430 1519 eorpus
454 1434 573 1501 Christi
595 1437 702 1518 dere,-
723 1438 777 1503 hoc
797 1440 881 1503 euim
902 1443 947 1503 est
963 1440 1000 1502 iri
1023 1436 1144 1502 Christo
1194 1437 1225 1499 si
1242 1437 1314 1517 quis
1331 1455 1455 1498 earnem
1471 1441 1499 1500 et
1515 1437 1699 1518 sanquinem
1727 1434 1859 1501 Domini
1876 1438 1993 1517 recipit,
2012 1459 2081 1502 cum
2099 1439 2167 1520 ipsa

166 1545 301 1601 manue,
323 1528 358 1586 nt
380 1524 415 1587 in
437 1523 492 1587 illo
516 1521 661 1587 Christus
682 1530 826 1604 mancat;
850 1526 896 1589 sie
917 1525 999 1588 enim
1020 1524 1074 1587 hoo
1095 1523 1143 1587 di·
1194 1522 1355 1603 emiiunqi,
1387 1525 1422 1584 ut
1450 1519 1596 1585 Christus
1617 1524 1652 1585 iii
1673 1542 1706 1585 eo
1728 1527 1757 1586 ct
1778 1524 1846 1603 ipse
1871 1523 1907 1585 iri
1936 1520 2058 1588 Christo
2085 1526 2167 1588 inae

167 1612 217 1675 icit
234 1615 383 1690 tanquam
407 1608 536 1673 diceret:
557 1611 612 1688 qui
634 1630 695 1673 ποπ
720 1616 824 1676 marcet
844 1612 880 1674 in
900 1631 956 1689 me,
980 1615 1006 1674 et
1027 1611 1063 1673 in
1084 1629 1143 1690 quo
1194 1608 1311 1671 niatm.
1355 1606 1421 1672 His
1441 1606 1543 1671 uerbis
1559 1607 1675 1688 liquere
1706 1607 1850 1686 arcera,
1873 1628 1942 1672 vero
1964 1614 1992 1672 et
2012 1610 2091 1672 reoli
2112 1631 2167 1674 esu

168 1717 222 1780 eqo
244 1709 305 1759 nori
326 1714 442 1774 manee,
465 1716 527 1759 ποπ
548 1715 581 1759 se
598 1695 682 1760 dicat
702 1702 759 1760 aut
781 1698 934 1761 existimet
954 1697 1144 1761 manducare
1190 1693 1319 1774 privari
1339 1693 1393 1774 qui
1415 1694 1682 1758 sacramentaliter
1691 1699 1810 1758 ῖοπῖπνπ
1823 1692 1942 1758 Christi
1963 1713 2075 1776 corpiis
2092 1715 2167 1759 οονπ·

168 1802 280 1864 corpus
307 1784 422 1859 meum,
446 1785 502 1845 aut
519 1783 703 1863 sanquinem
725 1781 834 1847 bibere.
879 1782 1068 1865 Expendant
1089 1781 1144 1844 lec-
1195 1778 1303 1855 edunt,
1332 1780 1414 1859 quod
1438 1800 1458 1842 a
1484 1799 1545 1843 sua
1570 1780 1683 1843 mutate
1715 1781 1862 1860 separari
1882 1781 2003 1860 nequit;
2024 1800 2078 1844 nec
2100 1781 2168 1845 ideo

167 1874 247 1932 tores
271 1866 433 1931 ontdheta:
453 1872 645 1931 sacromento
667 1872 772 1946 tenus,
795 1874 823 1932 et
843 1889 878 1932 re
899 1889 974 1933 nera
995 1869 1097 1945 edere,
1117 1871 1145 1929 et
1195 1864 1347 1929 labascere
1371 1864 1466 1944 fidem
1486 1867 1734 1946 promissionum
1760 1865 1838 1943 Dei,
1861 1867 1917 1946 qui
1934 1886 1995 1930 ποπ
2022 1866 2168 1930 mande

167 1955 258 2019 nulla
286 1952 414 2017 restabit
440 1952 599 2017 dubitatio.
645 1953 734 2016 Idem
763 1954 924 2035 confirmat
950 1975 1011 2018 non
1037 1955 1144 2017 minus
1195 1950 1274 2015 coelo
1289 1951 1406 2032 pluere,
1429 1952 1572 2032 quamvis
1587 1951 1718 2033 pluviae
1750 1952 1900 2032 liquorem
1921 1972 2003 2016 saco
2025 1956 2053 2016 et
2073 1972 2168 2034 rupes

167 2039 250 2104 clare
271 2038 321 2103 his
342 2038 501 2121 cerbisst)
520 2039 613 2110 nolite
628 2059 751 2118 parare
770 2040 886 2121 facim,
906 2042 960 2105 sed
981 2061 1050 2117 cor,·
1070 2039 1144 2103 iude
1194 2057 1254 2100 ποπ
1271 2037 1450 2118 concipiant.
1714 2107 1717 2111 ,

166 2125 377 2191 commendata
399 2129 443 2187 est
462 2125 525 2187 ista
546 2144 655 2202 coeua;
676 2145 739 2189 ecce
760 2126 914 2190 credimus
931 2128 965 2190 in
985 2125 1144 2191 Christum
1283 2127 1331 2186 35.
1376 2123 1468 2188 Haec
1497 2124 1639 2206 cognitio
1668 2145 1727 2188 nos
1754 2124 1847 2189 facile
1870 2144 1889 2187 a
1910 2123 2033 2189 carnali
2068 2125 2194 2189 etiam

167 2232 265 2294 quum
285 2211 348 2291 tide
370 2210 561 2289 erupimus,-
582 2210 617 2272 in
639 2209 816 2293 accipiendo
837 2214 980 2276 novimus
1001 2212 1079 2292 quid
1096 2231 1143 2274 co·
1195 2207 1383 2272 adoratione
1402 2208 1577 2287 abstrahet,
1598 2231 1697 2291 quam
1714 2230 1868 2292 perversa
1888 2210 2073 2274 temeritate
2095 2211 2167 2293 qui-

165 2299 316 2382 pitemus;
344 2297 500 2359 modicum
526 2296 697 2376 erupimus
717 2303 746 2361 et
767 2299 801 2360 in
823 2298 912 2362 eorde
940 2298 1143 2380 supinarum
1196 2294 1328 2358 damin
1350 2301 1552 2359 sacramenta
1581 2305 1771 2373 erexerunt,
1795 2294 1882 2378 quod
1909 2315 2018 2360 secum
2046 2295 2168 2360 subdu·
2295 2375 2301 2381 ν

166 2405 230 2448 ποπ
251 2404 323 2465 erqo
343 2381 425 2462 quod
446 2382 577 2459 oidetm,
600 2382 653 2446 sed
674 2384 756 2462 quod
773 2383 916 2461 creditur,
932 2384 1045 2464 pascit.
1080 2382 1144 2446 Hic
1195 2388 1319 2446 cerunt:
1351 2382 1379 2445 si
1401 2400 1519 2463 corpus
1541 2390 1606 2458 est,
1630 2390 1662 2445 et
1690 2382 1801 2446 anima
1821 2383 1924 2464 igitur
1945 2390 1979 2447 et
2011 2381 2168 2446 divinitas

168 2490 286 2550 quoque
307 2469 388 2549 quod
410 2473 539 2531 suriunt
556 2469 659 2548 impii,
681 2470 841 2551 restriiiqit
862 2470 905 2534 ad
926 2471 1052 2553 siqnum
1069 2469 1145 2532 m'si-
1195 2474 1272 2531 sunt
1289 2489 1355 2530 una
1372 2489 1446 2532 cum
1464 2488 1606 2550 corpore,
1625 2487 1707 2548 quae
1718 2468 1785 2532 iam
1797 2467 1907 2532 divelli
1925 2488 1992 2531 non
2009 2477 2167 2550 possunt3

168 2554 319 2637 bile31neo
341 2554 431 2617 aliter
455 2552 614 2618 Christum
635 2575 731 2634 quani
750 2553 812 2634 hile
834 2556 932 2635 recipi
953 2557 1044 2619 docet.
1090 2553 1144 2618 Sic
1194 2554 1296 2636 igitur
1317 2553 1383 2616 illic
1401 2551 1585 2617 adorandus
1604 2552 1765 2618 Christus.
1806 2553 1967 2633 Primum,
1989 2555 2017 2618 si
2035 2576 2094 2618 sua
2110 2553 2168 2618 illa

137 2685 140 2695 ·
166 2643 263 2706 etiam
285 2641 350 2705 alio
367 2641 437 2718 ῖοεο,
457 2639 570 2703 diserte
589 2641 802 2720 pronuntians
816 2641 907 2704 bonos
925 2646 952 2704 et
968 2640 1067 2705 malos
1082 2641 1144 2722 siq-
1194 2661 1293 2721 quam
1322 2638 1505 2703 obtendunt
1533 2640 1781 2704 concomitantia
1807 2641 1886 2722 ipsis
1913 2649 2066 2723 negetur,
2090 2639 2169 2722 quid
2231 2689 2233 2693 -

165 2727 292 2792 nauidis
313 2725 548 2802 communicare,
571 2723 626 2788 hos
647 2746 668 2788 a
689 2746 763 2789 nera
784 2727 891 2791 carnis
915 2725 1035 2791 Christi
1056 2747 1144 2790 mari
1195 2724 1336 2790 facient?
1365 2725 1451 2788 Nam
1472 2731 1510 2788 ut
1530 2727 1673 2790 maxime
1697 2725 1932 2790 absurditatem
1953 2734 2107 2809 urgeant,
2138 2726 2166 2789 si

166 2814 329 2878 duratione
358 2811 499 2876 occludit.
552 2810 639 2874 Nunc
668 2813 784 2876 sirim
811 2814 916 2893 ipsam
938 2814 1142 2893 perciperent,
1195 2832 1312 2894 corpus
1335 2810 1375 2876 ab
1398 2811 1508 2874 anima
1530 2819 1563 2875 et
1581 2811 1751 2876 divinitate
1769 2820 1946 2893 separetur,
1965 2813 2037 2893 quis
2055 2820 2168 2875 tamen

166 2919 227 2961 ποπ
250 2900 396 2963 taciiisset
417 2898 541 2962 oninino
565 2897 647 2976 quod
678 2918 792 2962 causae
812 2900 914 2980 maqis
936 2904 1001 2962 erut
1022 2919 1144 2964 εοπεεπ-
1195 2918 1296 2961 sanus
1318 2904 1352 2961 et
1373 2896 1499 2962 sobrius
1528 2896 1653 2962 Christi
1675 2919 1792 2981 corpus
1817 2897 1988 2963 Christum
2010 2918 2080 2963 esso
2107 2897 2168 2962 sibi

167 2989 299 3047 laneum.
350 2983 426 3047 Alio
456 2985 549 3047 etiam
571 2983 672 3066 loco⁸)
693 2985 730 3049 de
751 2985 990 3048 manducatione
1018 2987 1143 3065 eiusque
1194 2982 1410 3066 persuadeat?
1441 2983 1605 3049 Videntur
1626 2982 1756 3066 quidem
1788 2985 1850 3049 sibi
1872 2984 1940 3048 suis
1961 2983 1997 3048 id
2019 2983 2168 3067 syllogis-

164 3070 274 3151 sructu
306 3070 474 3146 disserens,
504 3070 550 3134 sic
578 3071 751 3134 concludit:
781 3075 852 3134 tunc
880 3071 945 3134 cito
977 3070 1144 3152 uniemque
1194 3070 1257 3133 mis
1279 3069 1415 3151 pulchre
1437 3071 1604 3135 conficere.
1649 3070 1776 3135 Verum
1797 3091 1898 3153 quum
1921 3068 1960 3133 de
1979 3089 2114 3151 corpore
2134 3076 2167 3133 et

165 3157 227 3219 erit
249 3174 359 3236 carpus
380 3159 407 3218 et
429 3155 560 3237 scriptiis
587 3153 720 3234 Christi,
743 3157 773 3219 si
795 3157 876 3237 quod
897 3158 933 3220 iii
954 3162 1143 3221 εοενονοεπῖο
1195 3156 1354 3238 sanginne
1380 3175 1440 3220 suo
1468 3154 1620 3220 distinme
1647 3156 1801 3238 loquatur
1834 3155 2001 3235 Christus,
2032 3155 2168 3220 modum

163 3234 333 3305 visibiliter
354 3240 498 3317 sumitur,
521 3241 650 3319 inipso
671 3243 798 3305 ueritate
825 3243 1034 3323 spiritualiter
1056 3263 1143 3306 maii
1195 3249 1306 3305 autem
1339 3242 1542 3325 praesentiae
1572 3262 1638 3305 non
1666 3241 1843 3321 describat,
1872 3242 2033 3325 quomodo
2062 3263 2103 3306 ex
2131 3262 2168 3305 rc

167 3328 313 3404 ducetur,
346 3326 557 3405 spiritualiter
584 3325 714 3391 bibatur.
765 3327 853 3411 Erpa
880 3330 935 3410 qui
968 3329 1144 3394 incredulos
1195 3327 1349 3410 ambigua
1370 3334 1458 3392 certo
1481 3328 1654 3393 conficient
1674 3328 1759 3409 quod
1776 3327 1913 3393 volunt?
1956 3325 2044 3408 Quid
2066 3326 2165 3411 ergo?

165 3412 291 3493 iaciunt
306 3412 480 3492 participes
501 3414 608 3476 carreis
629 3418 657 3475 et
678 3415 846 3496 sanquinis
869 3413 1000 3493 Christi,
1023 3419 1058 3477 πῖ
1074 3434 1143 3479 eum
1193 3434 1303 3477 nonno
1325 3414 1353 3475 si
1374 3414 1524 3496 graviore
1546 3415 1653 3495 aliquo
1686 3435 1785 3479 sensu
1811 3434 1926 3479 eorum
1953 3414 2167 3479 conscientias

167 3499 348 3579 Auqustino
367 3499 561 3577 consentiant,
581 3498 669 3563 nobis
685 3504 910 3581 repraesentent
925 3492 1036 3581 eorpus
1055 3499 1145 3565 Chri-
1194 3500 1338 3563 exerceri
1370 3499 1557 3582 contigerit,
1585 3500 1734 3583 protinus
1762 3522 1838 3565 cum
1872 3500 1939 3565 suis
1969 3499 2167 3584 syllogismis

125 3628 128 3634 -
165 3584 209 3648 sti
231 3582 367 3648 nasute·
390 3584 512 3663 quando
544 3589 606 3650 tota
625 3587 742 3650 ueritas
767 3587 934 3650 secundum
956 3606 1026 3650 euni
1047 3587 1144 3668 spiri-
1194 3583 1414 3650 dissolventur
1443 3607 1480 3649 ao
1503 3585 1706 3667 liquescent?
1742 3609 1860 3671 nempe
1891 3585 1948 3651 nbi
1983 3594 2071 3652 certo
2101 3585 2166 3648 Dei

165 3669 265 3734 tuolis
291 3674 342 3734 est.
385 3667 431 3732 Et
456 3674 534 3736 οενῖο
560 3691 599 3734 eu
621 3671 690 3735 ον’πε
720 3671 821 3736 cums
847 3655 1016 3754 colliqitur,
1038 3692 1144 3736 sacra-
1193 3670 1293 3735 vorbo
1316 3670 1408 3735 defici
1427 3693 1461 3736 se
1484 3670 1650 3752 videbunt,
1670 3693 1733 3754 quo
1751 3694 1817 3736 nno
1835 3674 2017 3736 consistunt
2039 3671 2166 3733 animae

165 3754 329 3820 inanitatem
351 3775 445 3834 istinc,
467 3755 521 3819 ubi
542 3757 665 3821 intua
686 3759 809 3822 aditum
837 3757 956 3822 claudit
974 3757 1143 3822 increduli·
1193 3768 1325 3821 nostrae
1352 3778 1455 3838 quum
1484 3757 1524 3821 ad
1552 3759 1714 3821 rationem
1745 3769 1912 3833 vocantur,
1942 3764 1975 3820 et
2001 3755 2072 3818 sinc
2102 3774 2166 3835 quo
2226 3780 2231 3786 ·

164 3848 223 3918 tas,
247 3840 425 3905 tantundem
446 3842 548 3907 colem
565 3863 602 3906 ao
619 3843 772 3909 risibilem
788 3843 835 3908 ael
852 3849 1020 3908 externum.
1056 3844 1143 3925 Quod
1192 3843 1298 3926 primo
1326 3863 1454 3925 quoquc
1475 3850 1639 3907 momento
1660 3843 1843 3919 labascunt,
1872 3840 1928 3904 ubi
1949 3839 2168 3922 apostolorum

166 3929 196 3993 si
218 3946 286 3990 cere
314 3946 368 3990 nec
396 3930 499 3991 tamen
521 3929 733 4009 spiritualiter
761 3930 876 3995 amat
893 3934 998 4010 posset
1026 3927 1143 3994 Chri-sti
1194 3927 1376 3993 doctrinam
1397 3937 1431 3992 et
1452 3929 1602 4010 exempla
1623 3929 1684 3992 sibi
1711 3927 1892 4003 adversari,
1916 3947 1950 3991 sc
1972 3946 2050 3990 vcro
2083 3926 2166 3991 solos

166 4033 295 4093 corpus,
326 4010 403 4091 quid
424 4012 486 4076 sibi
507 4014 590 4077 oelld
618 4016 701 4094 quod
730 4016 807 4080 alibi
828 4015 951 4080 tradit?
995 4015 1067 4080 Non
1088 4016 1142 4080 hoc
1194 4015 1256 4079 sibi
1289 4022 1418 4078 autores
1453 4034 1522 4078 esse
1555 4014 1755 4096 cogitabunt.
1806 4010 1975 4077 Accedent
2008 4012 2049 4075 ad
2084 4011 2166 4078 tales

166 4119 279 4179 eorpus
300 4097 381 4178 quod
403 4098 522 4175 videtis,
541 4101 762 4165 manducaturi
779 4103 861 4180 estis,
880 4106 908 4166 et
924 4100 1053 4166 bibituri
1069 4120 1151 4167 sane*
1193 4101 1353 4183 impulsus
1381 4107 1414 4162 et
1436 4098 1490 4161 alii
1517 4118 1586 4161 non
1614 4099 1703 4163 leves
1731 4097 1864 4161 stimuli.
1909 4096 2019 4178 Quid?
2044 4121 2087 4162 an
2114 4118 2166 4162 res

165 4188 293 4269 quinem
315 4204 404 4266 quem
420 4183 551 4264 fundent
567 4186 623 4264 qui
640 4206 688 4249 me
705 4186 897 4270 numliqent:
918 4194 1143 4253 saerammtnm
1194 4195 1264 4251 erat
1285 4184 1410 4248 nullius
1431 4185 1605 4262 momenti,
1628 4185 1738 4248 Deum
1761 4183 1822 4247 hac
1843 4184 1949 4248 forma
1971 4183 2106 4248 adorare
2128 4191 2167 4247 ut

168 4272 295 4351 aliquod
317 4268 528 4335 immemor
548 4270 649 4350 οοῖπέ,ι
671 4272 879 4352 spiritualiter
898 4274 1082 4338 intellectum
1098 4274 1143 4338 ci
1193 4270 1277 4336 nihil
1298 4267 1392 4333 nobis
1421 4267 1716 4352 praescriberetur?
1740 4271 1795 4335 An
1817 4291 1919 4351 quum
1940 4269 1979 4335 de
2001 4290 2079 4335 voro
2100 4268 2166 4333 Dei

168 4358 304 4438 viticabit
329 4376 391 4422 uos.
438 4355 563 4437 Neqare
591 4360 668 4420 certe
689 4358 787 4421 noluit
812 4360 889 4440 quin
921 4360 1004 4424 idem
1032 4379 1143 4441 corpus
1194 4357 1283 4422 cultu
1311 4362 1482 4438 ageretur,
1507 4363 1600 4420 tanta
1620 4357 1754 4421 levitate
1776 4356 1884 4420 fuerat
1911 4355 2105 4420 tentandum
2126 4353 2166 4420 de

168 4444 308 4524 quadiu
333 4442 526 4524 sacrificium
556 4439 702 4506 Christus
728 4443 845 4521 ouda,
869 4445 904 4506 iu
925 4464 1017 4510 coena
1037 4445 1143 4525 porri-
1194 4464 1257 4525 quo
1279 4441 1408 4505 nullum
1428 4462 1565 4523 usquam
1588 4442 1724 4513 verbum
1745 4441 1939 4526 legebatur?
1984 4441 2080 4506 Atei
2102 4462 2168 4523 qua

168 4533 275 4610 potor,-
297 4530 351 4594 sed
368 4528 621 4594 manducationis
641 4528 766 4592 modmn
782 4531 913 4593 ndaoit:
931 4530 1012 4610 quod
1029 4530 1144 4594 sedicet
1194 4529 1288 4594 decet
1314 4527 1500 4592 humilitate
1528 4528 1738 4611 cogitatones
1766 4549 1880 4592 omnes
1907 4549 1984 4593 suas
2013 4527 2072 4592 sub
2101 4527 2166 4592 Dei

170 4614 205 4675 in
233 4615 382 4680 coelestem
406 4615 540 4700 pluriam
569 4618 735 4694 receptum,
770 4634 890 4679 arcana
917 4616 1052 4696 spiritus
1080 4617 1144 4680 oir-
1194 4615 1295 4680 verbo
1324 4615 1576 4692 continuissent,
1609 4615 1848 4679 auscultassent
1874 4622 1961 4679 certe
1989 4612 2073 4694 quod
2096 4613 2166 4694 ipse

170 4703 233 4762 tute
260 4701 357 4763 citum
383 4701 471 4768 nobis
502 4700 643 4782 inspiret.
700 4698 816 4764 Fateor
845 4701 982 4781 quiden,
1015 4703 1143 4785 saepius
1194 4701 1291 4765 dixit:
1317 4700 1460 4782 accipite,
1483 4700 1687 4778 manducate,
1710 4700 1826 4778 bibite;
1849 4698 1989 4781 huicque
2011 4698 2166 4763 mandato

169 4783 258 4865 apud
285 4804 354 4848 eum
379 4807 533 4852 omurrere
561 4787 658 4851 istam
687 4785 829 4866 loquendi
852 4786 1001 4867 smmum,
1030 4788 1144 4852 consedi
1194 4786 1395 4870 paruissent,
1428 4806 1492 4868 qno
1525 4787 1627 4869 accipi
1659 4792 1900 4850 sacramentum
1934 4805 2002 4848 non
2038 4783 2167 4848 adorari

170 4888 283 4950 eorpus
313 4868 430 4937 Christi
451 4872 489 4938 ab
510 4872 703 4953 infidelibus,
735 4871 789 4937 sed
810 4890 844 4935 sc
863 4873 970 4953 ipsum
1000 4874 1142 4956 euplum,
1193 4872 1291 4937 iubet.
1333 4870 1400 4951 Qui
1422 4892 1508 4950 vero,
1530 4879 1569 4934 ut
1585 4894 1605 4936 a
1623 4872 1695 4936 Deo
1712 4870 1903 4936 mandatum
1923 4879 1982 4948 est,
2001 4869 2072 4935 sine
2089 4868 2166 4934 ado-

1194 4959 1321 5023 ratione
1345 4958 1517 5039 accipiunt,
1539 4958 1644 5023 securi
1661 4965 1738 5023 sunt
1756 4978 1790 5021 se
1808 4976 1828 5019 a
1845 4957 1999 5021 mandato
2017 4953 2081 5019 Dei
2098 4976 2166 5020 non

1195 5044 1378 5109 deflectere:
1398 5063 1462 5124 qua
1479 5044 1650 5108 secuntate
1667 5042 1752 5108 nihil
1768 5042 1886 5107 melius
1898 5049 1948 5107 est
1963 5062 2065 5124 quum
2087 5041 2166 5124 quid

236 5158 418 5283 πε
803 5161 997 5304 πε)
1194 5125 1531 5299 επ
1545 5127 2165 5298 ,mammete

178 5251 393 5285 lr.···
591 5271 639 5286 ..
711 5251 785 5288 ver.
869 5251 901 5289 Β.
1899 5265 1993 5295 tt
