4672 5842
227 291 292 376 'aas
610 395 615 403 .
870 303 1136 372 marianne
1158 305 1263 372 nnn.
1287 305 1468 373 annisa.
1494 309 1586 371 aaa
2171 306 2232 370 aaa

229 510 281 567 tos
293 501 379 565 Dei?
413 500 504 564 Ileus
526 506 576 562 est
598 497 652 579 qui
675 495 841 572 iustificat;
864 494 936 575 quis
956 492 1204 558 condemnabit?
1258 493 1351 559 nobis
1379 501 1517 576 peecata.
1565 493 1678 559 Sedulo
1707 494 1879 575 esperidant
1904 494 2026 558 lectores
2050 497 2144 557 tetum
2167 513 2233 558 com

230 586 382 653 Christus
411 584 541 666 estqui
567 589 715 646 mortuus
743 590 806 659 est;
839 581 905 643 imo
934 581 990 660 qui
1017 581 1204 658 resurrexit,
1258 585 1387 659 tectum,
1414 601 1487 644 riam
1510 581 1610 660 paulo
1631 586 1704 659 post
1732 581 1875 662 arcadiae
1902 580 2032 658 addere,
2064 578 2232 657 Chr-istum,

228 683 263 737 et
293 692 379 736 nuno
411 669 599 752 interpellat
630 689 689 751 pre
718 666 819 730 nobis.
863 663 1006 729 Perinde
1039 666 1129 729 enim
1157 674 1206 730 est
1258 667 1449 748 qaimceati
1470 671 1678 746 asperserat,
1703 666 1821 746 factum
1847 687 1911 730 esse
1932 671 2001 746 pro
2022 664 2110 729 rich-is
2126 685 2234 747 pecca-

229 780 266 823 ae
279 759 306 822 si
325 757 459 822 diceret:
484 757 557 837 quis
568 752 733 819 accusabit
742 773 822 834 quos
837 749 929 814 Deus
948 751 1109 816 absolvit?
1132 752 1205 833 quis
1257 757 1338 830 tuni,
1372 758 1406 815 ut
1434 751 1559 816 ruoilum
1586 752 1848 816 reconciliationis
1875 753 2024 833 demeret,
2053 772 2114 814 iton
2143 751 2234 816 aliud

229 843 398 908 damnabit
429 864 509 923 ques
546 863 604 904 suo
636 839 815 922 patrocinio
848 836 1002 902 Christus
1040 835 1203 901 defendit?
1257 837 1343 902 lraml
1369 838 1460 903 dubie
1488 837 1708 902 reconciliandi
1733 839 1821 902 verbe
1849 838 1993 919 intellipit
2021 857 2116 918 quam
2144 838 2234 902 iusti·

227 929 410 994 Iustifieare
433 949 510 1011 ergo
533 925 616 990 nihil
638 924 726 988 aliud
749 933 808 1001 est,
832 943 929 1004 quam
952 944 1028 986 eum
1049 924 1105 1005 qui
1128 945 1204 987 reus
1255 922 1355 1004 ficari.
1393 924 1458 987 Nec
1475 944 1551 987 sane
1573 925 1655 1004 quod
1672 923 1750 987 celibi
1767 924 1986 1005 tradit(Rom.
2001 931 2029 1001 5,
2045 923 2108 1005 19),
2130 928 2233 1000 staret,

228 1014 395 1098 agebatur,
415 1023 572 1095 tanquam
593 1010 769 1093 approbata
788 1009 976 1072 innocentia
998 1030 1017 1072 a
1035 1015 1129 1072 reatu
1148 1009 1204 1073 ab·
1257 1009 1426 1074 ohedientia
1448 1008 1567 1073 Christi
1589 1030 1645 1073 nos
1665 1011 1811 1074 mustitui
1832 1011 1945 1087 iustos,
1971 1010 2037 1074 nisi
2059 1009 2095 1072 in
2118 1010 2187 1089 ipso
2208 1014 2235 1073 et

227 1101 362 1167 solvere.
408 1098 520 1180 Quum
542 1101 650 1178 itaque
672 1117 732 1160 nos
754 1094 879 1159 Christi
901 1095 1131 1159 intercessione
1153 1095 1203 1158 iu·
1256 1100 1344 1160 cetra
1366 1115 1422 1160 nos
1443 1096 1521 1158 inst-i
1542 1101 1725 1175 reputamur
1745 1116 1849 1159 coram
1870 1094 1946 1160 Deo.

227 1186 346 1251 stifieet
362 1186 462 1262 Deus,
486 1206 551 1248 non
569 1182 719 1265 propriae
737 1181 943 1245 innocentiae
962 1181 1202 1263 approbatione,
1344 1187 1371 1243 5.
1414 1181 1528 1244 Verum
1546 1181 1621 1262 puio
1645 1181 1800 1245 Ostander
1818 1186 2000 1260 mandram,
2021 1181 2122 1245 nescio
2142 1181 2230 1262 quod,

127 1312 129 1317 ·
227 1271 285 1337 sed
307 1272 450 1336 iustitiae
472 1269 686 1352 imputatione
708 1288 768 1330 nes
791 1266 944 1343 absolvit,
968 1276 1004 1329 ut
1027 1288 1086 1348 pro
1108 1266 1203 1330 iustis
1256 1267 1431 1330 essentialis
1451 1268 1592 1331 iustitiae
1614 1268 1739 1344 irruerit,
1761 1288 1821 1347 quo
1841 1268 1898 1331 etsi
1915 1268 2016 1332 noterit
2032 1266 2150 1330 abolere
2160 1287 2230 1349 pra·

226 1357 261 1421 in
280 1356 412 1422 Christo
431 1376 629 1431 censeamur,
653 1354 708 1435 qui
730 1354 766 1416 in
788 1353 882 1417 nobis
904 1373 970 1415 non
989 1374 1110 1416 sumus.
1146 1350 1204 1417 Sic
1255 1353 1367 1415 tuitam
1388 1353 1551 1430 iustitiam,
1572 1374 1609 1416 ea
1631 1358 1733 1417 tanuen
1755 1353 1886 1435 utlipine
1903 1354 2039 1431 involuit,
2061 1373 2140 1433 quoe
2154 1353 2233 1432 pias

228 1443 386 1509 Actermn
412 1446 449 1504 13
478 1442 523 1524 (v.
544 1440 600 1522 38)
633 1440 668 1503 in
702 1439 854 1504 concione
880 1437 991 1502 Pauli:
1024 1459 1082 1520 per
1115 1438 1204 1502 hune
1255 1443 1370 1503 meritos
1390 1438 1597 1502 ohterubrntas
1620 1440 1701 1503 serio
1720 1441 1843 1520 pretias
1867 1437 1986 1502 Christi
2008 1459 2102 1504 sensu
2118 1439 2233 1517 privet,

229 1529 322 1594 vobis
349 1528 563 1592 annuntiatur
586 1525 734 1589 remissio
756 1532 978 1606 peccaterum,
1009 1532 1043 1587 et
1071 1526 1111 1589 ab
1134 1545 1203 1587 om·
1255 1530 1421 1604 antequam
1443 1525 1485 1589 ad
1501 1525 1568 1588 alia
1588 1530 1721 1597 transeo,
1744 1524 1798 1588 hoc
1815 1525 1962 1587 delirium
1973 1525 2110 1607 refellere
2122 1544 2234 1604 operae

227 1614 322 1678 nibus
349 1614 389 1677 iis
417 1634 437 1677 a
464 1613 580 1695 quibus
602 1633 669 1675 non
691 1611 843 1692 potuistis
863 1609 1040 1673 iustificari
1066 1611 1100 1672 in
1131 1610 1203 1692 lege
1249 1613 1389 1691 picticum
1417 1615 1467 1674 est.
1516 1609 1626 1674 Primo
1652 1610 1725 1674 haec
1752 1611 1921 1690 speculatio
1949 1631 2052 1675 merae
2080 1614 2124 1674 est
2156 1610 2234 1674 ieiu-

225 1699 342 1778 Masis,
372 1699 477 1762 amnis
498 1698 555 1780 qui
577 1696 680 1763 credit
701 1698 736 1760 in
756 1717 830 1760 eum
852 1696 1055 1759 iustihcatur.
1101 1695 1203 1759 Vides
1255 1718 1373 1776 iraeque
1404 1696 1601 1761 curiositatis.
1651 1695 1757 1760 Merita
1790 1698 1915 1776 quidem
1946 1697 2121 1777 scripturae
2153 1696 2233 1760 testi·

224 1793 298 1867 pest
331 1785 553 1848 remissionem
582 1790 787 1866 peecatorum
820 1781 1085 1846 iustificationem
1118 1781 1203 1845 hanc
1255 1783 1360 1846 nmrrio
1388 1782 1575 1860 accumulat,
1604 1782 1716 1861 quihus
1740 1781 1898 1846 Christum
1923 1782 2029 1864 probet
2049 1802 2148 1845 unum
2169 1801 2233 1845 asse

105 1906 108 1914 ·
226 1869 315 1935 velut
346 1870 624 1952 interpretationis
656 1868 725 1933 loco
757 1867 849 1950 poni;
882 1867 974 1932 vides
1004 1875 1115 1949 aperte
1144 1889 1203 1949 pro
1255 1868 1426 1944 teutiscam,
1459 1873 1562 1932 etnos
1583 1869 1724 1933 uicissim
1745 1889 1814 1932 com
1837 1869 1921 1947 ipso,
1949 1869 2030 1949 quod
2051 1867 2232 1947 probaticae

224 1956 426 2020 absolutione
450 1956 550 2034 sumi;
578 1953 669 2019 vides
691 1953 842 2035 operibus
864 1953 894 2017 le
921 1953 945 1990 ’·
970 1952 1085 2032 adimi;
1113 1951 1204 2016 tides
1255 1975 1317 2018 rien
1337 1954 1469 2036 italiae&
1490 1954 1545 2017 sed
1566 1955 1642 2034 quio
1659 1975 1720 2017 rien
1742 1955 1880 2018 observat
1900 1954 1995 2019 iricius
2017 1954 2151 2018 uitiatis
2167 1954 2234 2017 oin·

100 2034 106 2045 ¹
224 2063 351 2106 merum
375 2041 500 2106 Christi
530 2041 725 2105 beneficium
748 2060 832 2118 esse;
861 1974 953 2104 vidis
979 2037 1042 2102 lide
1064 2039 1187 2121 percipi
1194 2062 1202 2117 ;
1255 2040 1374 2117 culum,
1406 2059 1438 2103 se
1469 2040 1575 2118 ‘ipsum
1608 2039 1765 2120 illaqueat.
1811 2039 1911 2104 Nobis
1938 2061 2009 2104 uero
2035 2061 2139 2105 murres
2166 2040 2234 2104 eius

222 2128 309 2192 oides
330 2128 461 2207 (lenique
479 2128 633 2206 interponi
654 2125 907 2205 satisfactionem,
929 2125 984 2187 uhi
1006 2125 1082 2188 dicit
1104 2145 1160 2188 rios
1182 2147 1202 2187 a
1255 2127 1350 2190 nodos
1367 2124 1513 2204 expedire
1532 2125 1626 2204 facile
1638 2131 1690 2202 est,
1713 2127 1769 2207 qui
1786 2131 1930 2204 tutunus,
1948 2147 2004 2189 nos
2020 2146 2091 2190 euni
2111 2123 2234 2191 Christo

217 2215 355 2294 peccatis
376 2213 544 2293 iustificari
560 2234 621 2291 per
644 2210 813 2275 Christum.
853 2208 910 2275 Sic
933 2231 1034 2292 quum
1055 2210 1202 2291 publica·
1254 2211 1344 2274 uniri
1367 2230 1484 2273 arcana
1505 2211 1640 2290 spiritus
1661 2213 1729 2276 eius
1750 2214 1869 2276 virtade.
1901 2211 2086 2293 Carueperat
2107 2212 2158 2275 vir
2181 2211 2234 2274 illc

224 2320 286 2363 nus
304 2298 405 2447 pauc.
428 2303 484 2375 18,
507 2298 560 2380 14)
588 2297 708 2362 dicitur
729 2297 924 2360 iustificatus
952 2318 969 2358 e
998 2296 1119 2378 templo
1147 2296 1202 2359 de-
1255 2296 1407 2377 quiddum
1427 2295 1524 2376 affine
1545 2296 1758 2376 Mari-ichaeis,
1785 2304 1819 2361 ut
1847 2298 2012 2361 essentiam
2033 2296 2098 2361 Dei
2126 2295 2233 2360 inho

226 2404 302 2449 seen
326 2385 399 2461 isse,
413 2405 479 2447 non
489 2382 790 2466 possumusdieere,
811 2381 919 2464 aliquo
935 2402 1068 2464 eperum
1087 2381 1204 2445 merito
1255 2384 1354 2445 mines
1381 2382 1599 2462 transfundere
1625 2389 1786 2463 impeteret.
1831 2383 1916 2447 Hinc
1942 2383 2032 2448 aliud
2057 2383 2127 2447 eius
2156 2403 2233 2447 caru

224 2480 459 2550 consequutum
479 2491 549 2533 esse
571 2469 738 2533 iustitiam.
782 2467 856 2532 Hoc
879 2489 957 2550 erge
979 2467 1107 2545 dicitur,
1130 2473 1204 2549 post
1255 2473 1407 2545 meritum,
1440 2467 1549 2532 Adam
1579 2470 1680 2549 fuisse
1706 2471 1874 2550 territatum
1902 2469 1945 2532 ad
1970 2469 2138 2550 inmpinem
2160 2467 2233 2547 Dei,

223 2556 434 2637 impetratam
449 2565 656 2639 peccatoriun
670 2555 811 2631 veniam,
830 2574 889 2637 pro
907 2554 993 2617 iuste
1011 2574 1082 2618 esse
1094 2574 1203 2617 eoram
1256 2555 1333 2635 quia
1355 2554 1421 2617 iam
1443 2559 1512 2617 aitte
1529 2555 1657 2634 lapsum
1676 2556 1850 2619 destinatus
1860 2560 1903 2618 est
1918 2553 2062 2619 Christus
2076 2554 2232 2634 ecemplar

224 2642 297 2706 Deo
318 2640 477 2705 habitum.
523 2641 634 2705 Iustus
657 2662 734 2724 ergo
756 2640 818 2703 fuit
840 2662 905 2703 non
928 2660 1063 2722 operum
1087 2660 1203 2721 appre·
1255 2639 1411 2703 humanae
1432 2644 1572 2704 naturum
1606 2640 1668 2704 Sed
1689 2642 1765 2720 quia
1786 2641 1928 2704 brevitati
1949 2642 2065 2719 studeo,
2089 2642 2121 2703 in
2137 2660 2231 2720 prae·

224 2725 369 2805 batione,
397 2725 454 2791 scd
481 2728 625 2809 grauata
648 2725 713 2789 Dei
729 2724 953 2790 absolutione.
999 2722 1110 2804 Quare
1138 2724 1203 2789 ele-
1256 2726 1334 2789 senti
1355 2726 1616 2790 coasainsistam.
1646 2726 1735 2791 Dicit
1752 2748 1807 2790 ries
1821 2748 1919 2790 unum
1932 2748 1997 2792 esse
2017 2747 2086 2790 eum
2100 2723 2229 2789 Christo.

224 2820 341 2896 gunter
367 2813 576 2889 Ambrosius,
593 2813 617 2895 ¹)
645 2812 701 2893 qui
729 2820 940 2894 peccatorum
968 2811 1203 2877 confessionem
1257 2811 1423 2877 Fatemur:
1448 2811 1566 2875 iuterea
1594 2832 1742 2894 ineamus
1769 2813 1895 2877 misceri
1925 2813 2043 2878 Christi
2069 2812 2231 2877 essentiam

224 2907 319 2965 vocat
340 2898 603 2963 iustificationcm
625 2897 815 2979 legitimam.
1213 2910 1216 2919 '
1255 2917 1324 2962 cum
1350 2902 1465 2962 nostra.
1509 2896 1633 2961 Deinde
1652 2919 1822 2980 perperam
1846 2898 1900 2962 hoc
1922 2900 2121 2979 principium
2147 2896 2232 2960 trahi

310 2991 338 3047 4.
383 2984 494 3066 Atque
515 2991 553 3048 ut
573 2983 762 3047 omittamus
788 2982 1029 3047 contentionem
1052 2981 1092 3046 de
1115 3003 1202 3059 voce,
1255 2983 1389 3048 dicimus
1410 2983 1452 3047 ad
1473 2982 1548 3047 illas
1564 2985 1633 3047 mus
1647 2985 1857 3066 praestipias:
1881 2983 2038 3049 Christum
2060 2985 2147 3048 rubis
2168 3002 2234 3048 esse

224 3091 295 3135 rem
321 3071 425 3151 ipsam
454 3070 482 3133 si
510 3069 679 3133 intuemur
705 3068 845 3151 qualitor
877 3068 969 3133 nobis
1001 3068 1202 3144 describitur,
1255 3070 1417 3146 iustitiam,
1440 3068 1517 3149 quia
1534 3069 1623 3134 Deus
1644 3074 1688 3134 est
1709 3075 1861 3149 eduum,
1882 3070 1954 3151 soris
1975 3071 2124 3148 iustitiae,
2146 3071 2233 3149 ipse·

226 3154 325 3225 nulla'
351 3155 496 3219 manebit
529 3153 695 3219 dubitatio.
740 3155 826 3218 Nam
848 3154 974 3219 Paulus
1007 3154 1203 3235 acceptionis
1255 3176 1314 3236 que
1340 3154 1405 3218 Dei
1431 3154 1563 3219 iustitia.
1608 3154 1769 3238 Iprroscent
1796 3156 1919 3220 lectores
1944 3157 1975 3220 si
2002 3176 2083 3220 nuria
2110 3160 2233 3233 teritum

224 3241 356 3306 nomine
378 3247 465 3304 certe
478 3241 743 3306 iustificationum
760 3238 921 3324 designat,
943 3261 1044 3322 quum
1064 3239 1143 3305 dicit
1161 3238 1203 3303 ad
1256 3242 1386 3322 attineo,
1419 3261 1500 3320 quae
1526 3240 1608 3305 ratio
1634 3241 1764 3306 doeeridi
1791 3244 1825 3306 in
1852 3242 1952 3306 alium
1981 3242 2080 3306 locam
2108 3241 2233 3322 differri

224 3326 386 3409 Ephesios
413 3331 443 3403 l,
471 3331 503 3389 5:
533 3325 686 3390 destinati
713 3347 826 3391 sumus
856 3327 889 3389 in
917 3325 1123 3407 adeptionem
1145 3346 1204 3407 per
1250 3326 1398 3407 postulat.
1446 3327 1597 3406 Quanivis
1636 3332 1739 3392 autem
1771 3334 1892 3393 eumset
1922 3347 1955 3392 se
1987 3348 2053 3392 noce
2093 3328 2233 3392 iustitiae

225 3410 413 3490 Christum,
447 3410 629 3476 seeundum
654 3411 895 3494 beneplacitum
918 3412 983 3475 Dei
1010 3412 1046 3474 in
1072 3410 1203 3475 laudem
1255 3411 1430 3476 essentialis
1448 3433 1510 3476 nori
1531 3412 1622 3478 aliud
1639 3414 1794 3478 intendere
1815 3434 1910 3494 quam
1931 3420 1965 3477 at
1981 3413 2053 3476 liuic
2066 3414 2234 3478 smtcutiae

225 3497 385 3581 gloriosae
407 3497 508 3579 ipsius
531 3497 671 3580 gratiae,
700 3518 765 3579 qua
792 3518 851 3561 nos
880 3503 1026 3579 acceptas
1053 3495 1106 3561 vel
1128 3519 1203 3580 gm-
1256 3501 1411 3574 occurrat,
1434 3517 1490 3562 nos
1509 3503 1639 3578 propter
1661 3498 1823 3564 Christum
1846 3501 1943 3564 iustos
1963 3502 2122 3579 reputari,
2150 3499 2233 3564 diln-

229 3583 327 3648 tiosos
345 3582 467 3647 habuit.
501 3582 542 3646 Id
564 3584 652 3647 enirn
673 3582 783 3665 ipsum
804 3583 877 3647 vult
898 3582 984 3665 quod
1002 3583 1080 3647 alibi
1097 3583 1204 3647 dicere
1255 3584 1322 3648 cide
1342 3588 1444 3646 tanim
1465 3585 1614 3663 eaprirrut
1633 3606 1666 3649 se
1687 3606 1748 3649 non
1770 3586 2130 3664 euiustitiaeontentum,
2153 3604 2231 3666 quae

229 3669 324 3747 solet,
352 3667 462 3732 Deum
489 3690 548 3732 nas
576 3669 719 3752 gratuite
746 3668 922 3734 iustificare
951 3669 1060 3754 (Rom.
1081 3672 1116 3744 3,
1136 3667 1202 3751 24).
1256 3668 1346 3734 uobis
1367 3667 1535 3734 obedientia
1562 3675 1590 3733 et
1610 3670 1766 3750 sacrifi-cio
1786 3673 1895 3735 mortis
1919 3669 2037 3735 Christi
2057 3677 2156 3752 porta
2177 3674 2228 3747 est,

230 3752 355 3834 Quarto
385 3761 494 3818 autem
522 3755 628 3837 capite
656 3753 698 3818 ad
725 3755 892 3818 Romanos
919 3758 963 3838 (v.
984 3755 1033 3837 s),
1060 3754 1204 3836 primum
1254 3754 1370 3839 {timere
1408 3776 1464 3819 nos
1495 3754 1741 3821 sirbstarrtialiter
1777 3759 1813 3820 in
1839 3757 1907 3822 Dea
1940 3758 2039 3822 iustos
2070 3778 2135 3822 esse
2164 3760 2229 3819 tam

229 3840 372 3924 appellat
392 3839 536 3905 iustitiae
557 3840 808 3923 imputationem
812 3864 823 3919 3
846 3862 905 3906 nec
927 3861 1000 3904 eam
1021 3838 1149 3904 dubitat
1169 3842 1205 3903 in
1257 3842 1399 3920 essentia,
1421 3862 1517 3922 quam
1539 3842 1688 3922 qualitate
1709 3843 1826 3923 infimo.
1872 3842 1958 3907 Haec
1981 3845 2063 3907 enirn
2083 3842 2165 3906 ratio
2186 3845 2229 3904 est

228 3935 435 4008 peccatorum
457 3926 647 3991 remissione
669 3926 835 3991 collocare.
880 3927 1004 3991 Beatus
1025 3925 1132 4004 hamo,
1155 3927 1205 3990 in-
1257 3947 1313 3990 cur
1340 3931 1403 3990 tom
1430 3927 1615 3991 oclecntenter
1642 3929 1817 4006 coriteudat,
1850 3949 1911 3992 non
1937 3930 2037 3994 solum
2060 3927 2227 4003 Christum,

229 4012 312 4093 quit,
346 4033 365 4075 a
393 4010 522 4076 Daride
555 4010 676 4077 dicitur
702 4012 756 4076 cui
781 4013 875 4077 Deus
902 4020 1033 4094 accepte
1060 4012 1125 4076 tert
1154 4012 1206 4076 vel
1257 4014 1311 4078 sat
1330 4017 1456 4093 patruo
1481 4018 1509 4077 et
1530 4014 1678 4093 spiritum
1704 4015 1739 4077 in
1760 4015 1848 4079 ambis
1868 4014 2015 4080 imbetare
2060 4013 2148 4093 Quod
2170 4013 2228 4075 etsi

228 4097 369 4178 imputat
390 4096 550 4162 iustitiam
571 4098 642 4162 sine
662 4099 828 4180 operibus;
854 4098 938 4163 sicut
959 4099 1119 4182 scriptum
1139 4106 1204 4163 est:
1257 4119 1364 4175 cuum
1384 4118 1448 4162 esse
1467 4099 1576 4179 fateor,
1592 4121 1739 4180 pemerse
1760 4105 1862 4165 tamur
1882 4102 1920 4165 ah
1943 4122 1976 4166 eo
1995 4100 2130 4181 hrqueri
2151 4098 2230 4162 dico.

228 4182 314 4248 beati
342 4203 479 4264 quorum
507 4184 661 4248 remissae
687 4192 764 4249 sunt
790 4185 992 4267 iniquitates,
1022 4191 1081 4250 ete.
1131 4184 1205 4249 Illic
1258 4184 1391 4250 Modum
1411 4186 1493 4248 urim
1510 4185 1674 4250 liahdandi
1691 4189 1859 4266 eapurdue
1876 4187 2004 4265 decebat,
2025 4205 2133 4265 nenpe
2148 4185 2231 4265 quod

228 4289 306 4355 sane
335 4289 412 4345 non¹
431 4268 472 4333 de
493 4269 731 4337 iustificationis
751 4278 859 4353 parte,
888 4270 945 4334 sed
973 4268 1013 4333 de
1039 4271 1110 4353 ipsa
1137 4277 1205 4333 tota
1252 4276 1346 4352 pater
1377 4275 1404 4334 et
1435 4272 1568 4349 spiritus
1601 4273 1635 4334 ia
1664 4271 1786 4336 Christo
1818 4279 1905 4351 sant,·
1937 4278 1965 4336 et
1995 4273 2075 4336 sicut
2104 4272 2232 4353 inipso

228 4353 381 4437 disputat
414 4354 497 4419 Eius
519 4376 615 4438 porro
637 4354 858 4421 definitionem
878 4355 1044 4421 aDavide
1065 4356 1205 4438 positam
1256 4357 1377 4422 liabitat
1397 4355 1559 4436 plenitudo
1584 4358 1776 4436 diuinitatis,
1810 4360 1856 4423 ita
1881 4361 1917 4422 in
1943 4360 2013 4438 ipso
2032 4358 2233 4438 possidemus

227 4449 380 4517 testatur,
405 4462 505 4521 quum
528 4440 640 4506 beatos
662 4464 732 4507 esse
753 4443 946 4526 pronuntiat
968 4441 1085 4523 quibus
1108 4441 1205 4506 datur
1257 4448 1352 4507 totum
1373 4441 1487 4506 Deum.
1523 4443 1684 4524 Quidquid
1704 4465 1774 4527 erpo
1794 4465 1933 4509 seorsum
1953 4445 1991 4509 de
2006 4449 2101 4524 patre
2121 4449 2148 4507 et
2169 4445 2233 4524 spi-

287 4528 371 4590 tuita
392 4535 597 4608 peccaterum
615 4529 720 4592 venia.
747 4528 857 4594 'Unde
879 4536 1022 4610 apparet,
1045 4527 1203 4592 iustitiam
1256 4530 1321 4593 ritu
1337 4529 1469 4609 profert,
1491 4549 1553 4593 nen
1573 4530 1636 4594 alio
1657 4531 1752 4594 tendit
1770 4532 1835 4595 nisi
1851 4536 1885 4594 ut
1897 4531 2053 4610 simplices
2071 4529 2233 4594 abstrahat

226 4548 312 4677 hithe
335 4612 375 4676 de
392 4634 456 4695 qua
475 4613 628 4695 loquitur,
652 4615 842 4696 simpliciter
859 4613 964 4678 reatui
977 4615 1105 4696 opponi.
1136 4611 1203 4678 Sed
1257 4638 1278 4680 a
1308 4613 1437 4679 Christo.
1481 4615 1605 4681 Deinde
1635 4617 1868 4680 substantialem
1895 4619 2074 4681 tertationem
2108 4616 2230 4699 imperit,

227 4696 267 4760 ad
300 4698 385 4764 hane
417 4721 487 4763 reni
512 4698 604 4764 locus
632 4700 687 4764 ille
715 4708 764 4764 est
792 4701 938 4765 omnium
964 4701 1120 4781 optimus,
1147 4700 1205 4763 ubi
1256 4722 1318 4782 qua
1340 4701 1430 4765 Deus
1455 4722 1488 4766 se
1519 4704 1553 4766 ia
1581 4722 1638 4766 nes
1665 4702 1888 4782 tramfuruleru
1917 4705 2009 4783 criasi
2031 4708 2156 4783 partem
2177 4701 2230 4764 sni

229 4783 312 4848 hane
335 4805 405 4848 esse
426 4805 587 4848 summam
611 4784 704 4850 decet
724 4785 895 4870 legationis
917 4787 1140 4870 evangelicae,
1167 4793 1204 4848 ut
1255 4787 1360 4868 faciat.
1406 4788 1493 4851 Nam
1525 4789 1637 4852 virtute
1667 4790 1799 4866 spiritns
1823 4789 1923 4851 sandi
1948 4787 2020 4867 {ieri
2051 4795 2086 4850 ut
2117 4787 2230 4852 ecclcs-

226 4869 473 4934 reeenciliemur
488 4870 561 4933 Deo
584 4870 761 4954 (acore,
784 4873 852 4955 18),
875 4874 1042 4955 quiaipse
1065 4892 1205 4954 uesper
1229 4864 1232 4895 ¹
1256 4894 1364 4938 canaiis
1389 4895 1459 4938 cunr
1483 4872 1620 4950 Christo,
1654 4872 1799 4952 ruthque
1825 4875 1866 4936 sit
1892 4879 1997 4955 capiet,
2027 4879 2054 4936 et
2083 4892 2137 4935 rios
2165 4875 2232 4935 eius

228 4951 397 5017 Christ-uin
420 4953 491 5016 vult
513 4955 547 5017 in
569 4958 709 5037 gratiam
731 4959 890 5041 recipere,
921 4979 988 5022 non
1013 4957 1204 5041 imputando
1229 4902 1232 5051 l
1256 4959 1400 5039 trientina,
1420 4960 1565 5040 faremo
1587 4957 1684 5022 nihilo
1701 4958 1794 5035 dircit,
1816 4960 1880 5023 nisi
1901 4961 1969 5023 eius
1990 4960 2123 5024 asseritis
2144 4957 2233 5022 nobis

1229 5080 1232 5105 t
1256 5047 1431 5110 misceatur.
1477 5044 1539 5108 Sed
1560 5045 1595 5106 in
1611 5048 1703 5124 patre
1724 5048 1752 5106 ct
1773 5046 1890 5125 spiritu
1911 5048 2064 5129 apertius,
2091 5051 2123 5108 ut
2150 5045 2231 5124 diei,

1229 5114 1360 5213 lprodit
1391 5131 1468 5213 qrrid
1495 5131 1625 5193 sentiat:
1658 5148 1765 5208 nempe
1792 5131 1961 5211 iustificari
1987 5152 2044 5195 nes
2071 5151 2131 5195 nari
2164 5130 2231 5194 solo

297 5223 326 5286 1)
344 5225 375 5276 ln
395 5225 465 5280 Psoi.
486 5226 542 5280 118.
562 5228 646 5280 Seru.
667 5230 707 5281 lo.
1229 5214 1232 5239 ²
1256 5218 1436 5282 mediatoris
1454 5216 1574 5299 pratia,
1602 5234 1654 5278 nec
1679 5215 1715 5278 in
1736 5217 1805 5279 eires
1818 5238 1955 5297 persona
1977 5218 2131 5281 iristitiam
2152 5220 2230 5282 sim·
