4672 5842
873 298 1139 367 INSTITUTIO
1161 299 1266 364 REL.
1291 296 1471 363 CHRIST.
1498 303 1589 364 1559.
2172 305 2238 366 444

226 308 289 368 443

226 495 283 560 sed
306 495 382 576 quia
404 491 624 566 inordinatam
654 489 858 554 inordinatas
880 502 990 552 utitem
1013 510 1099 565 esse,
1130 488 1205 569 quin
1231 510 1233 575 ς
1258 488 1384 550 eentiae
1407 490 1574 552 restitutis
1596 489 1659 551 Dei
1682 488 1775 565 filios,
1802 490 1866 552 iam
1890 511 1953 553 nou
1976 498 2124 570 oportere
2147 490 2236 554 solli-

227 602 268 646 ex
291 590 409 642 natum
430 590 583 658 corrupta
605 587 638 639 et
659 577 785 658 polluta
807 575 888 638 nihil
912 577 983 656 puri
1010 597 1070 639 nec
1088 575 1204 637 sinceri
1230 584 1233 657 j
1258 573 1338 636 citos
1367 595 1437 637 esse
1467 574 1506 637 de
1531 574 1665 638 libidine
1688 575 1796 638 caruis
1819 574 2048 647 rel'raenanda;
2084 577 2237 658 spiritum

226 664 356 750 prodire
374 674 488 746 potest.
524 664 636 744 Neque
660 685 736 726 vero
759 662 799 725 ab
826 662 886 724 hae
909 661 1057 725 electrina
1076 670 1203 741 tantum
1230 686 1232 713 ι
1258 657 1373 723 ducem
1395 659 1598 741 sequendum
1621 682 1700 731 esse,
1724 662 1784 724 sub
1806 662 1900 725 euius
1923 664 2047 726 actione
2067 684 2238 743 nunquam

218 751 363 816 discedit
391 751 597 831 Augustinus
630 764 789 830 quant-um
823 749 857 810 iu
889 748 1028 828 speciem
1058 756 1202 828 apparet.
1229 786 1232 801 ·
1258 744 1665 810 aberratur.incredibile
1687 762 1772 810 essct
1795 747 1934 810 hominis
1956 760 2099 811 mentem
2119 771 2159 811 co
2179 772 2236 813 ve-

225 837 317 901 Dum
339 834 496 900 iuvidiam
518 836 590 916 plns
613 856 714 915 aequo
734 832 930 908 reformidat,
954 855 1016 914 qna
1035 854 1108 895 enm
1129 853 1204 911 gra·
1229 826 1232 881 i
1257 833 1367 894 sutriae
1402 832 1539 911 [irolabh
1576 832 1638 896 uisi
1672 833 1779 913 palam
1813 846 1846 896 et
1876 835 2018 897 fastuose
2046 856 2142 897 suum
2174 835 2235 900 hoe

224 944 303 991 vare
322 921 497 986 studebant
509 921 687 1001 Pelagiani,
710 920 869 999 apeceati
889 921 1020 982 neruine
1038 916 1203 981 interdum
1229 968 1231 977 .
1257 916 1375 997 dogunt
1389 917 1638 981 deblaterarent.
1676 918 1904 1000 Prodigiosum
1920 933 2006 984 certe
2022 920 2152 1001 quidem
2171 933 2235 999 est;

225 1010 380 1085 abstinet-3
414 1030 515 1089 quum
545 1017 652 1070 tanton
683 1005 808 1075 scribit,
838 1021 990 1067 manente
1020 1006 1052 1067 in
1083 1005 1203 1066 sanotis
1228 984 1231 1097 l
1256 1003 1312 1066 sed
1345 1003 1425 1067 tales
1453 1005 1629 1085 sacrilegae
1656 1005 1809 1068 audaciae
1837 1027 1957 1086 pennas
1981 1006 2070 1069 luere
2094 1029 2236 1089 aequum

224 1097 347 1179 peccati
371 1095 452 1175 lege,
476 1094 546 1155 tolli
571 1093 733 1154 duntaxat.
755 1104 893 1167 reatum,
923 1092 1002 1154 satis
1024 1089 1147 1153 indicat
1168 1111 1202 1151 se

225 1202 293 1245 nun
315 1180 395 1245 adeo
418 1204 437 1242 a
460 1202 556 1242 sottsu
579 1188 688 1241 nostro
712 1177 895 1239 abhorrere.

317 1273 363 1328 13.
415 1266 599 1328 Alleremns
632 1263 712 1325 alias
746 1263 868 1344 aliquot
903 1263 1081 1325 sententias
1115 1260 1230 1343 undu,

226 1354 344 1417 melius
366 1360 522 1433 appareat
544 1348 620 1430 quid
642 1350 789 1411 senserit..
836 1348 938 1410 Libro
962 1346 1103 1410 secundo
1126 1367 1201 1410 eou·
1227 1352 1230 1425 ζ

225 1448 279 1504 tra
306 1439 483 1501 Iulianum:
514 1436 567 1498 lex
596 1437 660 1497 ista
690 1435 811 1516 peccati
846 1446 880 1496 et
907 1435 1042 1496 remissa
1073 1446 1122 1496 est
1152 1454 1202 1495 re
1227 1473 1230 1527 ἓ

226 1525 434 1608 generatione
464 1522 639 1602 spirituali,
671 1532 704 1582 ct-
733 1531 842 1582 munet
870 1521 904 1582 iu
932 1542 1030 1583 carue
1057 1518 1202 1581 mortali:
1227 1586 1230 1609 ἱ

226 1612 362 1675 remissa
390 1608 527 1681 seilicet,
561 1608 637 1687 quia
666 1619 774 1669 reatus
805 1605 929 1667 solutus
959 1620 1008 1667 est
1036 1606 1069 1667 in
1095 1626 1201 1668 sacra-

225 1708 336 1759 mento
359 1715 423 1775 qno
446 1703 682 1774 regenerantur
705 1690 830 1767 litleles;
854 1706 965 1753 manet
984 1702 1102 1759 airtem.
1126 1690 1202 1770 ‹qtiia

224 1792 378 1863 operatur
401 1779 576 1851 desideria,
606 1793 722 1840 contra
743 1800 825 1857 eptae
847 1777 1003 1838 dimicant.
1026 1790 1058 1837 et
1080 1775 1200 1839 fideles.
1227 1826 1229 1889 q

224 1867 324 1931 Item:
350 1867 401 1929 lex
425 1867 533 1945 itaque
555 1866 678 1946 peceati
704 1865 801 1945 (quae
820 1865 853 1925 iu
877 1864 959 1925 tanti
981 1883 1107 1943 qnoque
1126 1883 1201 1942 apo
1227 1892 1230 1953 Ι

225 1955 298 2019 stoli
328 1952 483 2015 membris
510 1958 594 2031 erat)
625 1950 801 2012 remittitur
831 1949 862 2010 iu
891 1949 1100 2029 btiptismate,
1136 1969 1201 2010 non
1227 1960 1230 1995 ¹

224 2041 348 2105 finitur.
393 2039 492 2100 Item:
524 2037 627 2118 legem
652 2036 788 2116 petent-i,
818 2037 908 2098 euius
931 2035 1094 2096 niaueinis
1116 2008 1230 2111 silo-l

224 2136 278 2189 tus
308 2135 357 2189 est
379 2126 414 2186 in
438 2124 595 2203 baptismo
620 2134 743 2197 teitus,
773 2120 966 2183 Ambrosius
990 2121 1118 2183 voetwit
1139 2120 1202 2181 ini·

185 2224 193 2236 ·
225 2213 400 2294 quitutcm;
431 2209 508 2289 qnia
529 2210 676 2288 iniquum
699 2217 748 2271 est
769 2219 805 2269 ut
825 2230 899 2271 caru
917 2208 1123 2287 concupiscat
1145 2203 1201 2268 atl-

224 2318 341 2362 versus
369 2295 527 2376 spiritum.
571 2295 670 2356 ltem:
701 2303 864 2356 niertiuuu
896 2300 945 2355 est
971 2301 1139 2374 peccatum
1167 2291 1200 2352 in
1227 2318 1229 2347 ι

226 2404 263 2447 eo
287 2395 380 2445 rcotn
403 2402 466 2461 quo
489 2401 547 2442 nos
571 2379 718 2456 tencbat;
742 2391 774 2442 ct
797 2379 898 2440 dorice
919 2378 1106 2458 sepulturae
1129 2399 1201 2458 per-
1227 2398 1229 2415 ¹

224 2469 363 2533 sectione
386 2475 528 2540 suuntur,
552 2465 688 2528 rebellat
709 2480 742 2528 et·
763 2476 937 2527 mortuum.
971 2464 1072 2527 Libro
1090 2465 1201 2544 quinto
1226 2424 1229 2553 l

225 2554 407 2618 etiamnum
425 2553 583 2634 apertius:
608 2552 693 2615 sicut
711 2552 848 2614 caecitas
866 2548 971 2614 cordis
988 2564 1021 2612 et
1033 2562 1201 2631 peecatum
1226 2568 1229 2669 q

225 2648 275 2704 est
296 2662 359 2720 quo
382 2641 416 2702 in
433 2640 540 2701 lleum
564 2659 630 2700 nou
649 2637 800 2713 ereditur,
824 2649 854 2698 et
874 2656 978 2717 poena
997 2637 1119 2717 peceati
1138 2658 1201 2715 qua
1227 2674 1229 2733 t

225 2748 280 2793 cor
313 2726 491 2808 superbum
531 2723 632 2806 digua
667 2723 949 2787 aniniadversione
980 2722 1128 2803 punitur,
1169 2729 1201 2783 et

225 2834 323 2877 carisa
346 2812 467 2892 peccati
492 2832 590 2892 quum
612 2809 733 2890 aliquid
756 2810 841 2872 orroei
865 2808 969 2871 cordis
987 2828 1097 2870 errore
1116 2828 1201 2870 coru·

224 2899 381 2974 mittitur,
417 2899 463 2961 ita
496 2897 756 2976 eoncupiscentia
783 2896 891 2958 carrus
919 2894 1075 2957 adversus
1104 2915 1202 2974 «purim

224 2984 330 3049 boniis
344 2983 541 3063 concupiscit
555 2983 696 3062 spiritus,
720 2994 752 3043 et
774 2990 943 3063 peccatum
965 2990 1024 3055 est,
1047 2980 1124 3060 quia
1146 2978 1202 3041 illa

225 3072 313 3133 inest
332 3068 549 3131 inobedientia
562 3078 675 3130 eontra
689 3066 889 3129 dominatam]
905 3066 1033 3141 montis,
1053 3079 1084 3128 ct
1097 3086 1202 3148 poena

224 3155 358 3239 peceati,
381 3155 456 3234 quia
470 3153 595 3216 reddita
609 3166 656 3215 est
672 3155 795 3216 meritis
811 3151 1033 3227 inobedientis,
1057 3162 1090 3213 ct
1103 3173 1201 3216 cittisa

1227 1618 1230 1637 l

1256 1102 1318 1164 est,
1349 1090 1404 1169 qui
1435 1091 1604 1153 veritatem
1629 1092 1692 1153 Dei
1721 1091 1754 1153 iu
1778 1090 1982 1155 ineridacium
2013 1099 2139 1156 vertere
2161 1094 2235 1156 aui-

1256 1196 1347 1236 mum
1375 1175 1583 1239 induxerunt».
1629 1177 1723 1239 ltanc
1757 1177 1900 1240 delectus
1933 1179 2038 1241 onmis
2066 1180 2170 1261 turpis
2199 1187 2234 1243 et

1256 1260 1398 1336 honesti,
1428 1262 1506 1325 iusti
1534 1276 1567 1324 et·
1596 1263 1723 1338 iniusti,
1753 1263 1827 1325 boni
1857 1271 1889 1325 et
1917 1264 2009 1340 mali,
2031 1266 2173 1330 ¹virtutis
2200 1275 2234 1329 ct

1256 1347 1326 1410 titii
1360 1346 1512 1410 tolletur-‘l
1570 1349 1664 1420 Tale,
1699 1349 1868 1429 inquiunt,
1901 1350 2076 1414 discrimen
2108 1362 2159 1414 est
2191 1375 2233 1416 ex

1255 1433 1481 1496 maledictione
1506 1436 1623 1497 veteris
1646 1433 1752 1503 Adae,
1776 1456 1794 1497 a
1815 1457 1879 1515 qua
1902 1458 1959 1500 uos
1982 1458 2040 1517 per
2061 1436 2234 1502 Christum

1255 1520 1397 1599 exempti
1421 1541 1543 1582 sumus.
1589 1521 1678 1602 Ergo
1707 1521 1791 1583 inter
1818 1524 2046 1585 scortationem
2074 1535 2108 1585 et
2135 1526 2235 1588 casti·

1256 1616 1370 1680 tatem,
1398 1607 1616 1669 sinceritatem
1641 1620 1672 1667 ct
1695 1607 1863 1681 astutiam,
1894 1610 2061 1671 veritatem
2085 1620 2118 1671 et
2141 1632 2234 1675 men·

1254 1690 1398 1765 (lucium,
1422 1692 1618 1772 nequitatem
1639 1704 1672 1753 et
1691 1693 1853 1773 rapinam,
1877 1694 1958 1757 nihil
1982 1695 2048 1757 iam
2070 1696 2230 1762 intererit.

1254 1776 1359 1848 Tolle,
1390 1778 1553 1857 inquiunt,
1584 1799 1702 1841 vatiam
1731 1778 1951 1856 t'ormidinem;
1985 1782 2120 1861 spiritus
2148 1783 2233 1846 nihil

1255 1860 1312 1924 tibi
1337 1863 1413 1925 niali
1437 1863 1625 1943 imperabit,
1649 1863 1745 1926 modo
1768 1887 1882 1929 secure
1905 1878 1937 1929 et
1960 1865 2121 1948 intrepide
2143 1869 2233 1932 illius

1255 1949 1373 2011 actioni
1409 1960 1439 2011 te
1467 1952 1646 2029 permittas.
1698 1949 1781 2028 Quis
1809 1949 1849 2013 ad
1879 1952 1958 2016 hace
1987 1952 2135 2034 prodigia
2165 1977 2233 2018 non

1254 2034 1482 2116 obstupescat?
1519 2036 1691 2116 Popularis
1715 2051 1824 2098 tamen
1847 2053 1894 2099 est
1915 2038 2121 2120 philosophia
2143 2041 2230 2121 apud

1254 2142 1323 2195 eos,
1347 2123 1401 2202 qui
1424 2120 1594 2183 libidinum
1618 2123 1762 2185 unientis
1790 2126 1955 2187 excaecati
1983 2146 2115 2189 sensum
2143 2146 2232 2190 eom·

1255 2228 1386 2269 munem
1417 2217 1589 2270 exuerunt.
1635 2205 1703 2271 Sed
1732 2229 1844 2288 qucm,
1879 2209 2027 2286 obsecre,
2057 2211 2232 2276 Christ-um

1255 2291 1347 2355 nobis
1370 2293 1577 2370 labricautur,
1601 2303 1633 2356 et
1655 2315 1753 2373 quma
1775 2295 1925 2375 spiritum
1948 2297 2118 2360 eructant?
2163 2299 2232 2364 Nos

1255 2379 1342 2440 enim
1364 2379 1533 2442 Christum
1563 2401 1681 2452 unuin,
1711 2381 1781 2442 eius
1810 2402 1911 2443 unum
1940 2383 2090 2463 spiritum
2118 2406 2231 2466 recog·

1255 2465 1419 2527 noscimus
1448 2487 1543 2545 quem
1571 2466 1749 2547 prophetae.
1775 2466 2060 2545 commendarunt,
2089 2492 2232 2553 (evange-

1254 2549 1336 2611 lium
1370 2550 1552 2613 exhibitum
1580 2551 1758 2631 praedicat,
1794 2552 1833 2614 de
1860 2573 1923 2633 qno
1952 2555 2035 2617 nihil
2069 2555 2135 2619 illic
2165 2558 2231 2621 tale

1254 2635 1413 2699 elidimus.
1460 2636 1607 2718 Spiritus
1634 2637 1690 2701 illc
1718 2659 1783 2700 non
1812 2648 1862 2701 est
1895 2639 2075 2710 homicidii,
2109 2653 2231 2706 scorta·

1255 2722 1365 2797 tionis,
1390 2724 1571 2800 ebrietatis,
1594 2724 1777 2804 superbiae,
1807 2727 2039 2801 contentionis,
2063 2729 2228 2805 avaritiae,

1253 2807 1377 2872 fraudis
1407 2820 1577 2889 patrouus;
1611 2808 1667 2872 sed
1697 2820 1791 2873 utitor
1818 2810 2016 2889 dilectionis,
2045 2813 2230 2893 pudicitiae,

1254 2893 1447 2972 sobrietatis,
1471 2895 1657 2972 modestiae,
1685 2896 1781 2976 pacis,
1810 2897 2049 2976 moderationis,
2072 2901 2230 2966 veritatis.

1254 2980 1327 3042 Non
1356 2992 1406 3043 est
1432 2981 1665 3063 vertiginosus,
1700 2992 1733 3043 ot
1766 2983 1821 3062 qni
1849 3005 2003 3066 praeceps
2033 3006 2092 3066 per
2120 2987 2169 3049 las
2198 3000 2232 3071 et

1254 3067 1344 3130 nefas
1371 3065 1608 3131 inconsiderate
1636 3079 1725 3145 ruat,
1760 3068 1817 3131 scd
1846 3069 1962 3150 plenus
1990 3071 2168 3152 sapientiae
2197 3082 2231 3137 et

1253 3152 1505 3235 intelligentiae,
1539 3174 1603 3234 qua
1636 3154 1697 3215 rite
1728 3153 1815 3216 inter
1848 3156 1972 3218 iustum
2006 3167 2039 3219 ct
2070 3157 2231 3222 iniustum

224 3242 349 3324 peecttti
377 3239 555 3302 defectione
578 3239 809 3303 eorisentientis
836 3239 887 3303 vel
909 3238 1102 3318 contagione
1126 3258 1201 3300 nats-
1226 3236 1228 3315 l
1253 3237 1425 3302 discernat.
1460 3239 1535 3302 Non
1556 3240 1693 3320 instigat
1712 3239 1752 3301 ud
1776 3238 1965 3304 dissolutam
1989 3243 2231 3325 effraenemque

224 3329 337 3393 centis.
383 3327 490 3388 Vocat
512 3325 564 3388 hic
586 3326 655 3388 sinc
679 3326 891 3406 ambignitate
913 3336 1096 3405 peceat-nm,
1125 3324 1200 3404 quia
1225 3322 1228 3379 Ξ
1251 3323 1432 3402 licentiam;
1462 3323 1519 3387 scd
1545 3338 1641 3405 prout
1663 3325 1787 3388 licitum
1816 3328 1856 3390 ab
1878 3326 1990 3391 illicito
2013 3326 2229 3409 discriminat,

225 3422 389 3496 prostrate
417 3412 482 3474 iam
512 3433 621 3474 errore
650 3424 683 3473 et
704 3414 895 3474 continuata
918 3410 1055 3472 restitute
1077 3409 1199 3472 calum·
1225 3386 1228 3501 l
1252 3409 1384 3473 modum
1407 3409 1726 3492 moderationemque
1755 3432 1887 3475 servare
1915 3411 2017 3477 docet.
2063 3413 2152 3493 Quid
2181 3428 2230 3479 ta—

224 3500 297 3562 nias
314 3500 422 3561 minus
441 3508 580 3560 veretur.
615 3495 898 3575 Quemadmodum
921 3510 954 3557 et
976 3497 1007 3558 iu
1030 3496 1197 3572 loarmcm,
1224 3506 1228 3575 t
1251 3517 1327 3558 men
1355 3496 1478 3558 <liutius
1505 3497 1541 3558 in
1569 3496 1747 3559 refellenda
1774 3498 1918 3562 belluina
1939 3500 2002 3562 ista
2027 3501 2118 3565 rabie
2140 3501 2230 3567 labo-

224 3584 334 3648 homil.
356 3590 404 3645 41.
436 3583 490 3646 ubi
518 3606 560 3645 cx
583 3583 683 3644 tiriinii
706 3584 755 3646 sui
779 3604 875 3645 sensu
899 3582 969 3645 siue
992 3582 1198 3644 contentione
1224 3580 1227 3671 l
1252 3584 1382 3645 remus?
1428 3580 1627 3645 Christianis
1652 3583 1787 3664 spiritus
1809 3585 1944 3647 llomini
1968 3607 2034 3648 non
2058 3589 2228 3651 turbulen-

223 3670 382 3752 loquitur:
411 3670 438 3732 si
467 3689 566 3733 cartis
594 3669 696 3732 servis
720 3669 783 3750 legi
806 3668 945 3749 pcccati,
969 3669 1019 3731 fao
1041 3666 1126 3747 qnod
1153 3668 1199 3729 ait
1223 3678 1227 3753 t
1252 3679 1323 3729 tum
1361 3676 1410 3730 est
1441 3669 1650 3749 phantasma,
1691 3668 1776 3749 quod
1804 3670 1854 3733 vel
1880 3671 1943 3751 ipsi
1974 3693 2033 3752 per
2064 3673 2227 3736 somnium

222 3756 293 3839 ipse
316 3755 480 3837 apostolus
503 3755 612 3838 (Rern.
635 3764 668 3832 u,
692 3759 760 3833 12):
797 3776 862 3816 non
893 3765 1007 3835 regnet
1030 3764 1198 3833 peceatum
1223 3758 1226 3843 Ι
1251 3755 1444 3834 pepererint,
1464 3755 1517 3819 vel
1537 3753 1576 3817 ab
1596 3753 1668 3817 aliis
1680 3757 1851 3819 confictum
1866 3758 2064 3839 aceepeiint;
2087 3758 2227 3822 sedeins

223 3842 409 3905 inmortali
432 3851 541 3906 vestro
565 3861 708 3921 corpore,
733 3840 773 3904 ad
793 3839 1008 3903 obediendam
1031 3837 1199 3901 (lesidcn'is
1223 3862 1226 3913 i
1250 3840 1400 3902 notitiam
1422 3862 1441 3903 a
1462 3841 1633 3921 scripturis
1655 3841 1804 3923 religiose
1825 3852 1959 3922 petunt,
1983 3842 2037 3906 ubi
2060 3844 2123 3907 dno
2145 3844 2227 3909 haee

222 3929 301 3994 eins.
343 3929 418 3990 Nou
442 3928 497 3999 ait,
522 3949 586 3989 non
609 3926 665 4003 sit;
690 3927 756 4003 sed,
780 3948 846 3989 non
870 3937 991 4007 regnet.
1033 3922 1199 4003 Quamdiu
1222 3926 1225 4017 l
1251 3924 1290 3987 de
1310 3926 1379 4006 ipso
1402 3924 1590 4019 traduntur:
1620 3926 1713 3989 nobis
1741 3928 1776 3990 in
1804 3930 2089 3993 sanctificationem
2112 3928 2226 3992 datum

222 4016 324 4091 vivis,
353 4026 522 4095 peccatum
548 4032 678 4076 necesse
706 4023 756 4075 est
782 4034 853 4075 esse
880 4013 914 4074 in
940 4010 1094 4074 membris
1116 4010 1196 4087 tuis3
1250 4032 1329 4087 csse,
1354 4032 1416 4092 quo
1439 4011 1480 4074 ab
1502 4012 1721 4076 immunditiis
1742 4028 1773 4076 ct
1796 4015 2049 4096 inquinamentis
2065 4029 2226 4097 purgatos

223 4101 340 4166 saltem
371 4120 507 4181 reguum
531 4098 577 4161 illi
601 4100 784 4176 abuteretur,
813 4120 879 4160 non
906 4099 963 4160 liat
990 4095 1074 4178 quod
1097 4094 1195 4158 iubet.

223 4186 288 4268 Qui
313 4185 607 4267 concupiscentiam
637 4205 702 4247 non
724 4206 795 4247 csse
817 4196 986 4264 peccatum
1008 4179 1196 4257 detendunt,

221 4272 302 4337 illud
332 4272 441 4335 Iacobi
464 4270 515 4353 (l,
540 4272 591 4351 15)
621 4270 760 4334 obiicere
785 4270 902 4333 solent:
938 4269 1198 4348 concupiscentia

221 4374 393 4442 postquam
415 4357 612 4438 conceperit,
642 4359 727 4437 parit
753 4365 931 4438 peccatum.
977 4355 1079 4435 Atqui
1108 4354 1197 4417 nullo

221 4447 352 4528 negotio
382 4443 442 4506 hoe
471 4443 644 4505 roteltitur:
680 4443 742 4506 nisi
769 4442 856 4504 cuim
885 4441 925 4504 de
947 4441 1024 4504 solis
1046 4440 1197 4521 operibus

222 4532 326 4608 malis,
350 4528 402 4595 vel
426 4529 465 4591 de
488 4529 628 4610 pcccatis
650 4528 831 4592 actualibus
848 4526 1071 4609 intelligamus
1088 4527 1197 4607 ipsum

222 4617 323 4699 loqui,
354 4638 395 4679 nc
417 4615 504 4678 inula
526 4615 657 4696 quidem
682 4615 831 4677 voluntas
853 4615 887 4676 in
910 4624 1040 4694 peccato
1063 4611 1198 4692 deputa·

221 4703 318 4767 bitur.
354 4703 407 4765 Er
430 4724 467 4764 co
490 4712 598 4764 irritem
622 4700 706 4781 quod
729 4700 854 4782 flagitia
875 4706 909 4762 et
930 4720 1032 4779 prava
1055 4699 1197 4761 facinora

221 4788 502 4868 concupiscentiae
524 4798 637 4867 partus
660 4800 768 4862 vocat,
792 4796 887 4866 atquc
911 4786 950 4846 iis
972 4785 1052 4866 ipsis
1074 4783 1198 4864 peccati

221 4894 344 4937 nomen
373 4873 499 4947 tribuit,
530 4893 594 4935 non
623 4874 773 4954 protinus
800 4872 946 4952 sequitur
974 4871 1055 4951 quin
1079 4889 1197 4933 conou-

222 4958 348 5041 piscerc
371 4954 423 5019 res
445 4957 532 5019 inula
555 4959 597 5020 sit
618 4967 652 5021 et
673 4978 781 5022 eoram
803 4959 874 5020 Deo
895 4955 1097 5020 damnabilis.

314 5047 361 5104 14.
407 5042 643 5124 Anabaptistae
664 5043 797 5125 quidam
818 5043 880 5106 hoe
897 5041 1034 5118 saeculo,
1057 5040 1198 5122 phrene-

222 5129 322 5194 ticam
345 5129 453 5192 neseio
476 5149 574 5209 qnam
594 5130 822 5210 intemperiem
844 5149 902 5210 pro
921 5128 1083 5209 spirituali
1105 5149 1198 5210 rege·

223 5214 393 5280 neratione
420 5213 727 5279 comminiscuntur:
756 5236 874 5296 nempe
902 5214 938 5278 in
960 5223 1084 5279 statum
1104 5213 1198 5277 inno-

1250 4097 1284 4158 in
1307 4096 1524 4160 obedientiam
1547 4097 1676 4162 divinae
1696 4100 1840 4163 iustitiae
1862 4099 2014 4177 deducat,
2044 4121 2127 4183 quae
2150 4101 2227 4165 obc-

1250 4181 1373 4245 dientia
1395 4196 1543 4247 constare
1565 4185 1680 4266 nequit
1696 4186 1759 4249 nisi
1779 4186 1910 4250 (leutitis
1931 4185 2137 4268 subactisque
2148 4210 2227 4251 eon-

1250 4269 1472 4350 eupisoeutiis,
1495 4269 1613 4350 quibus
1634 4270 1690 4333 isti
1715 4272 1859 4336 habenas
1879 4272 1991 4336 laxare
2011 4273 2139 4351 volunt3
2171 4275 2227 4337 de-

1249 4353 1326 4417 inde
1349 4355 1394 4418 sio
1417 4376 1476 4419 nos
1498 4355 1568 4421 eins
1590 4357 1846 4422 sanctificatione
1869 4361 2018 4441 purgari,
2047 4368 2085 4422 ut
2111 4361 2227 4424 multis

1249 4440 1337 4504 vitiis
1361 4441 1528 4522 multaque
1554 4443 1744 4506 infinititate
1765 4442 1974 4509 obsideamur
1997 4445 2153 4527 quamdiu
2176 4448 2227 4510 in·

1249 4525 1331 4590 clusi
1354 4547 1467 4591 sumus
1490 4527 1574 4591 mole
1596 4530 1743 4611 eorporis
1764 4531 1875 4593 nostri.
1911 4528 1987 4609 Quo
2009 4533 2048 4595 fit
2070 4542 2108 4594 ut
2130 4533 2227 4615 longo

1249 4613 1421 4677 intervallo
1449 4634 1468 4676 a
1489 4616 1686 4695 perfectione
1710 4614 1813 4679 dissiti
1836 4618 1992 4696 prolicere
2015 4639 2145 4700 semper
2167 4619 2226 4680 ali-

1250 4696 1329 4780 quid
1355 4709 1388 4762 et
1418 4701 1507 4764 vitiis
1535 4701 1653 4764 irretiti
1679 4721 1751 4763 eum
1776 4701 1840 4764 illis
1861 4702 2007 4784 quotidie
2029 4704 2145 4767 luctari
2168 4726 2225 4766 ne·

1249 4803 1338 4847 cesse
1361 4784 1547 4850 habeamus.
1593 4785 1688 4850 Unde
1702 4785 1811 4864 ¹etiam
1833 4789 2059 4868 consequitur,
2089 4810 2227 4853 exeirssa

1250 4868 1374 4933 desidia
1406 4881 1438 4934 et
1473 4871 1659 4945 securitate,
1697 4871 1835 4935 intentis
1870 4874 1987 4937 animis
2021 4875 2226 4958 vigilandum

1250 4976 1335 5033 esse,
1369 4977 1411 5020 no
1438 4958 1545 5020 carnis
1573 4964 1704 5019 nostrae
1732 4956 1860 5021 insidiis
1889 4960 2012 5023 incauti
2045 4962 2219 5027 circumve

1249 5042 1388 5105 niamur.
1422 5042 1495 5105 Nisi
1516 5042 1599 5104 forte
1621 5040 1813 5106 confidimus
1835 5066 1894 5108 nos
1916 5046 2057 5110 maiores
2075 5068 2227 5130 progres-

1249 5148 1306 5191 sus
1328 5126 1441 5190 fecisse
1463 5148 1562 5207 quam
1584 5126 1783 5209 apostolum,
1813 5131 1869 5212 qui
1893 5136 2002 5194 tamen
2025 5133 2227 5216 fatigabatur

1250 5213 1291 5277 ab
1313 5213 1428 5294 angelo
1449 5225 1591 5289 satanae,
1615 5232 1680 5294 quo
1698 5213 1804 5280 virtus
1828 5217 1861 5279 in
1879 5217 2072 5284 infirmitate
2089 5222 2227 5302 perfice·
