4672 5842
235 316 296 381 Bbl
880 310 1146 379 [risulcum
1167 312 1273 379 REL.
1296 310 1478 378 oflnlsn.
1503 316 1595 377 1569.
2176 316 2243 381 8⁶2

232 506 350 572 caetris
377 501 470 568 eicis?
521 501 605 582 Quiet
628 501 801 580 666666
828 503 890 565 isto
912 500 1015 580 (Psal.
1038 504 1113 578 132,
1140 502 1212 582 ll):
1264 500 1398 586 (Mattle
1427 505 1454 579 1,
1481 498 1532 599 5),
1564 502 1682 567 similis
1708 507 1835 567 notamr
1864 503 2029 585 penmatio.
2075 502 2141 567 Nec
2170 522 2245 570 nero

233 612 272 658 cc
298 590 412 654 lumbis
439 589 503 651 tuis
530 586 699 664 descendet,
729 587 784 667 qui
811 588 946 652 uianebit
970 589 1005 651 iu
1031 589 1109 652 solio
1137 592 1213 651 tuo?
1265 586 1446 651 Mantuae
1471 583 1522 650 luc
1548 589 1701 669 cirpinem
1727 591 1819 668 quasi
1841 589 1981 652 canalem
2002 588 2162 667 describit,
2182 608 2247 673 par

238 677 339 743 Porro
362 678 397 738 iu
421 673 542 738 Cbristi
569 672 764 756 66661666,
792 674 898 754 qualis
923 673 1057 755 refertur
1086 695 1106 736 a
1129 672 1213 737 Mu
1264 694 1353 754 quem
1367 674 1497 751 tinuerit
1518 672 1677 753 (1166663,-
1704 675 1757 737 scel
1778 674 1861 738 bunc
1881 675 2052 755 mirificum
2071 674 2246 757 uenerandi

234 762 331 839 tbae0‚
354 760 517 842 sopleistice
536 759 656 822 lnelunt.
700 757 773 822 Etsi
799 760 883 822 enim
903 780 966 822 uon
986 763 1117 822 recenset
1139 758 1213 824 Ma·
1263 779 1379 822 rnorem
1405 779 1426 821 6
1453 758 1578 841 culpari
1605 759 1766 837 discernit,
1794 762 1876 841 qrcod
1894 780 1953 840 per
1974 781 2044 825 cam
2066 762 2244 825 exsemine

234 850 304 914 riae
333 850 479 929 parentes
512 845 566 909 secl
596 843 734 923 1636616,
768 846 845 925 quia
877 850 979 909 tanum
1012 844 1049 909 ele
1081 866 1115 908 re
1141 850 1213 907 tuuc
1264 844 1404 910 Danielis
1424 846 1548 927 penitus
1568 845 1665 926 fuerit
1683 845 1839 923 Cleristus.
1872 845 1995 910 Eadem
2017 848 2100 911 enirn
2122 848 2244 912 ratione

233 935 323 1017 mclpo
350 937 502 1011 cunperta
531 929 623 994 cerba
646 931 738 1010 tacit,
766 932 846 994 satis
872 931 959 994 babet
987 932 1140 995 ostendere
1164 931 1213 995 lo
1263 952 1328 1012 qua
1351 930 1446 994 isaac
1466 951 1504 994 ec
1522 931 1695 1009 Abrabam,
1719 931 1840 996 Salano
1856 952 1895 995 66
1912 932 2047 1011 Daniele,
2070 932 2184 1013 Iosepb
2203 952 2243 997 66

233 1020 363 1101 seplnem
395 1038 433 1081 ce
455 1016 594 1082 Doridis
626 1017 742 1079 366666
769 1021 870 1079 6666
899 1037 977 1094 6336,
1010 1038 1106 1096 aecum
1133 1019 1214 1081 satis
1266 1016 1366 1094 Iacob,
1387 1017 1533 1080 similiter
1546 1016 1691 1081 Gluistus
1711 1038 1749 1081 66
1770 1022 1869 1082 matre
1887 1020 2012 1099 percitus
2028 1039 2093 1083 6336
2114 1019 2241 1083 outae.

234 1109 384 1172 6666666
402 1102 547 1167 Mariam
568 1121 606 1164 ee
627 1102 732 1165 centem
749 1122 814 1165 esse
830 1102 965 1182 familia.
993 1102 1102 1184 Mapis
1118 1104 1213 1166 etiam
1267 1103 1426 1167 Sermonis
1448 1104 1531 1166 enim
1551 1105 1665 1166 seriem
1687 1105 1732 1167 ita
1753 1104 1942 1185 occupetista
1962 1106 2100 1182 contenit,
2123 1110 2243 1185 etpro-

233 1198 323 1274 6666
353 1190 470 1264 leucas,
504 1188 635 1251 salntem
663 1209 683 1249 6
712 1186 838 1251 Cleristo
866 1188 996 1252 allatam
1028 1192 1082 1252 teti
1106 1189 1212 1270 peiuri
1265 1188 1339 1253 bare
1360 1188 1463 1252 colens
1486 1188 1648 1251 Christum
1674 1190 1826 1271 oripinem
1847 1190 1956 1254 elucere
1977 1212 1998 1253 a
2019 1190 2160 1269 Donido,
2186 1191 2243 1254 boc

235 1278 373 1341 bumana
400 1293 586 1340 communem
613 1293 679 1336 6336
700 1274 824 1349 moues,
853 1275 929 1354 qesta
954 1274 1101 1338 Cleristus
1122 1280 1213 1338 aeetor
1264 1296 1326 1337 666
1347 1279 1502 1338 contentus
1521 1279 1580 1350 est,
1610 1294 1649 1337 ee
1671 1274 1784 1338 Maria
1806 1295 1871 1340 6336
1889 1277 2035 1357 penitam.
2087 1276 2175 1342 b'netc
2195 1296 2244 1340 36-

234 1363 350 1430 salut-is
371 1384 408 1423 ec
430 1360 537 1424 Aetam
559 1360 713 1422 6666666
741 1361 879 1423 666-66
897 1366 990 1440 putre
1011 1362 1053 1424 sit
1068 1361 1213 1441 66666-
1264 1361 1386 1441 quitur,
1413 1380 1475 1438 pro
1503 1361 1639 1440 corefesso
1665 1362 1853 1442 sunnisisse,
1882 1360 2026 1426 Mariam
2051 1362 2154 1443 fuisse
2176 1384 2245 1428 666·

235 1454 294 1513 tus.
342 1447 453 1511 Fateor
480 1444 621 1525 caeeielem
650 1464 688 1507 en
713 1446 891 1527 periealcpia
915 1468 976 1509 666
998 1446 1090 1509 aliter
1111 1446 1213 1526 collipi
1264 1447 1471 1527 sampiniacum·
1497 1445 1613 1525 losepb.

237 1533 397 1601 Christum
424 1552 488 1596 6336
514 1530 618 1609 tilium
640 1530 794 1609 Danielis,
821 1533 887 1595 nisi
912 1537 1063 1613 ascalonus
1091 1554 1129 1595 ee
1150 1533 1214 1595 eir·
1351 1536 1380 1594 4.
1427 1531 1586 1608 Absurde,
1609 1530 1723 1611 auibus
1743 1551 1799 1595 nos
1817 1552 1953 1613 praetore
1973 1534 2084 1603 uolunt,
2106 1534 2247 1614 puerili-

232 1621 305 1707 pine
322 1620 504 1701 propenitus
527 1621 578 1679 cst.
626 1617 687 1679 b'eet
716 1618 813 1679 nimis
835 1619 963 1697 superte
984 1619 1054 1682 666
1078 1617 1213 1682 Marcia
1265 1617 1321 1680 bns
1343 1617 1511 1680 calumniis
1532 1623 1606 1680 sient
1628 1620 1750 1697 referta
1786 1619 1892 1698 Turpe
1911 1618 2141 1699 etprobrosum
2155 1619 2246 1684 Cleri·

234 1708 319 1771 uitae
345 1704 476 1786 ticcaneti
503 1703 621 1766 erroris
648 1704 700 1765 sui
728 1722 840 1780 eausa,
866 1724 973 1784 nempe
999 1709 1033 1766 ut
1054 1704 1213 1767 (lleristum
1265 1708 1310 1769 sto
1338 1723 1403 1766 6336
1429 1704 1558 1780 nicaen,
1592 1703 1622 1767 si
1650 1724 1687 1766 ec
1712 1703 1890 1769 homiuibus
1915 1705 2068 1787 oriyinem
2094 1708 2246 1771 traxerit:

233 1794 272 1858 cle.
295 1790 391 1855 iiiliilo
413 1810 526 1869 corpus
546 1788 718 1867 sumpsisse
739 1790 894 1867 uincent,
923 1789 1069 1853 mulieres
1098 1793 1213 1853 66666-
1265 1791 1342 1869 qnia
1364 1809 1424 1851 non
1440 1790 1578 1869 poleeerit
1599 1809 1620 1851 a
1641 1791 1794 1851 communi
1821 1789 1884 1871 leae
1904 1791 2016 1868 enimi,
2044 1813 2124 1872 quae
2149 1797 2246 1856 66663

233 1879 310 1943 666
342 1897 407 1941 6336
438 1874 605 1958 tantaene,
639 1879 730 1953 6666
758 1876 804 1937 ita
835 1880 970 1939 enerteint
997 1881 1131 1939 natmae
1158 1875 1213 1938 ele
1265 1876 1358 1939 Aetne
1385 1873 1513 1938 sobolum
1541 1873 1655 1954 absque
1683 1876 1855 1955 exceptione
1881 1875 1939 1941 sub
1958 1884 2083 1957 peccato
2102 1878 2244 1942 irecluetit.

234 1968 343 2029 merila.
393 1962 547 2043 666666,
568 1965 672 2022 aretem
700 1959 864 2042 tlecolopiea
895 1982 957 2025 666
983 1967 1027 2025 est
1053 1961 1127 2025 leaeo
1150 1961 1214 2025 elis·
1266 1961 1367 2041 Atqui
1389 1960 1469 2021 1666
1490 1961 1605 2024 66666
1624 1960 1720 2040 facile
1740 1963 1832 2025 soluit
1853 1962 2027 2041 aeetnbesis,
2054 1985 2134 2044 quiae
2155 1965 2245 2045 apud

227 2051 367 2133 putatio,
408 2052 435 2111 el
469 2046 627 2111 rationum
660 2066 739 2125 6663
778 2047 937 2110 6666666
970 2068 1006 2111 66
1038 2052 1083 2111 est
1112 2046 1213 2128 [666
1268 2046 1408 2110 Pinetum
1433 2046 1544 2129 (Rom.
1566 2053 1598 2123 5,
1622 2048 1674 2127 12)
1705 2047 1832 2127 lepilur:
1863 2049 1956 2112 sicuti
1983 2070 2043 2131 per
2071 2071 2170 2114 6666
2191 2050 2244 2115 lio

233 2142 297 2211 tas,
330 2156 410 2215 6666
442 2131 528 2196 ricello
562 2132 677 2213 enepotio
706 2132 807 2212 refelli
835 2138 940 2212 acuat,
969 2154 1049 2213 6666
1076 2133 1213 2212 666636-
1265 2134 1379 2195 minem
1396 2137 1564 2212 peccatum,
1587 2136 1692 2212 666
1708 2138 1870 2211 peccalum
1891 2154 1984 2210 niors,
2007 2137 2053 2198 ita
2070 2157 2130 2216 per
2151 2138 2245 2201 iusti·

229 2222 328 2304 plaiae
355 2225 427 2282 sunt
460 2224 488 2281 et
521 2218 603 2282 artis
634 2218 769 2281 ruedicoe
800 2238 861 2281 non
896 2220 1065 2301 aminneam,-
1098 2238 1135 2282 66
1167 2218 1214 2281 eli»
1264 2219 1343 2283 tiam
1370 2220 1468 2281 unius
1495 2218 1631 2281 bominis
1651 2218 1822 2283 attitulavit
1846 2222 1963 2301 pratia.
2010 2222 2072 2285 etue·
2093 2224 2245 2287 etaltera

236 2308 320 2374 luere
352 2308 431 2369 satis
460 2304 519 2369 erit
545 2324 624 2385 6666
656 2324 695 2367 en
722 2305 881 2385 scripturo
912 2304 1075 2382 oliiiciunt,
1108 2325 1215 2383 rurrepc
1265 2304 1425 2384 respnmlet
1443 2303 1562 2383 (lcor.
1583 2306 1715 2385 lb.47):
1734 2306 1825 2384 prior
1843 2306 1952 2369 Aetam
1969 2312 2086 2372 eterra
2102 2314 2245 2373 ter-rem

237 2393 348 2458 Aaron
366 2397 393 2455 et
408 2389 543 2455 loiaclale
557 2390 686 2453 elicuisse
703 2410 817 2453 aemes
834 2411 872 2453 ec
890 2391 974 2454 tribu
991 2390 1145 2468 [elue-elale,
1171 2394 1215 2453 eet·
1266 2395 1294 2454 et
1321 2390 1484 2462 animalis,
1512 2389 1665 2453 seceeeulus
1692 2409 1707 2452 c
1734 2391 1813 2455 coelo
1837 2392 1981 2456 coelestis.
2026 2393 2139 2475 Itaque
2166 2396 2244 2459 alibi

237 2500 296 2561 quc
320 2480 363 2541 ita
383 2477 544 2558 6666366
566 2480 636 2539 666
655 2476 756 2555 tuisse
777 2476 914 2539 tribuum
935 2477 1162 2548 discretionem,
1185 2477 1214 2538 si
1265 2475 1349 2539 idem
1371 2476 1529 2556 apostolus
1551 2476 1662 2555 (llam.
1683 2479 1716 2550 8,
1737 2478 1771 2559 3)
1797 2474 1956 2541 (tleristum
1977 2480 2014 2542 in
2035 2480 2245 2545 similitudine

235 2567 346 2630 inesset
366 2562 493 2626 riieelieri
512 2561 724 2644 geencreetioum
741 2580 851 2625 36666.
885 2562 986 2642 Atqui
1007 2564 1088 2626 satis
1109 2567 1215 2625 riolcun
1266 2563 1371 2626 carnis
1388 2562 1507 2641 peceati
1528 2561 1660 2624 missum
1679 2562 1781 2641 fuisse
1801 2563 1924 2635 (locens,
1948 2570 1984 2627 nt
2003 2565 2065 2647 lepi
2085 2568 2246 2647 satisface-

235 2656 293 2729 cst,
327 2654 479 2731 armentum
512 2647 554 2711 ael
577 2647 741 2728 politicum
768 2648 909 2711 ordinem
938 2653 1067 2727 spectat,
1098 2648 1214 2711 censeri
1266 2653 1325 2726 ret,
1348 2667 1418 2710 eum
1438 2649 1552 2711 diserte
1572 2667 1594 2709 a
1615 2650 1768 2711 conenueni
1789 2654 1870 2712 sorte
1889 2656 2029 2729 separat,
2057 2657 2092 2715 nt
2112 2653 2154 2715 sit
2174 2654 2246 2717 obs-

230 2737 410 2822 propeniem
432 2754 469 2797 ea:
492 2734 580 2797 uirili
597 2734 729 2811 semine,·
750 2754 846 2814 necque
868 2739 968 2797 66666
985 2735 1215 2814 praestantiam
1267 2754 1326 2814 que
1347 2734 1422 2796 uitio
1448 2738 1476 2796 et
1495 2733 1669 2811 corruptela
1691 2754 1784 2798 ocreis
1805 2734 1901 2799 leomo.
1947 2735 2117 2803 Pueriliter
2137 2744 2245 2802 autem

234 2844 331 2887 sennes
350 2823 469 2885 obstare.
487 2819 655 2901 66666663
676 2820 711 2881 in
730 2820 904 2900 ι6666666
920 2825 1002 2882 coeat
1023 2840 1125 2884 36666
1149 2840 1216 2882 66-
1266 2825 1439 2901 neepantur:
1468 2820 1498 2882 si
1524 2817 1562 2881 ab
1589 2820 1674 2882 6666
1700 2821 1823 2884 numella
1850 2821 2002 2885 immunis
2023 2828 2068 2887 est
2089 2820 2244 2904 (lbristus,

236 2909 332 2974 lieris.
380 2908 466 2972 llaec
488 2925 606 2985 666666
627 2905 739 2968 selnte'o
760 2905 803 2968 ael
824 2926 928 2969 6666
947 2905 1144 2988 perieolopias
1165 2927 1216 2969 cc·-
1267 2926 1304 2969 ac
1326 2925 1388 2985 per
1414 2925 1565 2968 arcanam
1588 2905 1724 2986 spiritus
1751 2908 1956 2986 operationem
1975 2910 2100 2989 666663
2119 2910 2186 2991 sicit
2206 2931 2245 2975 66

235 2997 381 3060 tenebitur.
420 2994 519 3071 Saepo
535 2991 589 3054 ubi
609 2990 780 3072 eatalopum
797 2990 955 3053 bominum
971 2998 1103 3055 recenset
1120 2993 1217 3071 scr-ip
1266 2993 1381 3055 sencino
1403 2990 1548 3067 Mariae,
1575 3012 1636 3055 666
1663 3012 1728 3056 6336
1752 2992 1851 3074 icitur
1872 2995 2033 3073 impurum
2053 3016 2154 3059 36666
2176 3018 2245 3060 mee-

236 3085 319 3158 tura,
342 3081 424 3144 solos
446 3080 530 3141 eiras
551 3077 705 3139 666666.-
734 3098 775 3139 66
804 3076 872 3140 ieleo
893 3077 1056 3141 elicerulum
1083 3082 1127 3141 est
1147 3098 1216 3139 mu·
1267 3078 1368 3147 lieris.
1398 3077 1452 3140 secl
1477 3077 1540 3140 oiri-
1566 3077 1729 3141 duictaueet.
1776 3078 1884 3158 Neque
1909 3081 1993 3143 enim
2015 3082 2182 3146 immunera
2204 3082 2244 3146 ab

236 3166 329 3231 lieres
363 3164 443 3229 uilnl
476 3166 565 3227 essct
608 3161 678 3225 lum
705 3164 818 3242 pueris
847 3164 927 3244 ipsis
952 3169 1059 3225 6666
1080 3184 1134 3228 663
1160 3163 1216 3226 sub
1267 3165 1350 3227 6666
1378 3164 1445 3227 labe
1469 3163 1606 3243 facturus
1629 3162 1799 3228 llleristum.
1828 3166 1906 3243 auia
1933 3171 2056 3230 tanetum
2084 3188 2122 3231 66
2142 3174 2245 3232 matre

134 3320 137 3325 ,
234 3254 317 3317 ciris
347 3249 572 3331 corripueleeneli.
626 3248 698 3311 llae
735 3250 855 3311 ratione
893 3249 1041 3312 dictentur
1077 3249 1214 3330 taurinae
1267 3251 1310 3313 sit
1328 3251 1453 3331 percitus
1474 3248 1587 3328 absque
1608 3251 1673 3312 oiri
1694 3249 1866 3328 concubitu,
1894 3252 1949 3315 sed
1973 3254 2050 3332 quia
2071 3255 2246 3334 36666666-

229 3358 346 3422 parere
367 3337 437 3401 suis
458 3335 599 3410 inmitis,
627 3336 704 3414 quia
724 3334 870 3414 lautitiae
892 3355 1000 3398 66666
1015 3355 1112 3415 penes
1131 3354 1215 3397 663-
1266 3342 1318 3399 tus
1346 3340 1390 3397 cst
1416 3356 1436 3398 6
1464 3335 1596 3413 spiritu,
1624 3341 1658 3398 ut
1680 3356 1767 3416 picra
1789 3341 1867 3400 6336
1885 3340 2042 3419 ueneratio
2063 3345 2091 3404 6
2112 3342 2242 3423 intepra,

235 3424 320 3489 melos
347 3442 466 3503 semper
492 3420 612 3483 restelet.
657 3419 730 3483 lane
757 3421 850 3483 siculi
876 3420 982 3484 uirilis
1007 3441 1100 3485 senus
1121 3441 1215 3499 prae·
1265 3420 1370 3502 qiealis
1401 3421 1515 3500 tieteera
1546 3426 1613 3484 erat
1643 3426 1715 3484 unte
1741 3422 1833 3485 Aelae
1864 3423 1999 3504 lapsum.
2043 3425 2093 3489 Ac
2119 3429 2242 3492 munim

236 3510 370 3573 stantiae
390 3509 445 3572 leoc
461 3505 635 3571 corucelitur
656 3511 691 3569 ut
711 3526 748 3569 ec
764 3511 894 3585 66666
910 3506 1080 3571 canet-itione
1100 3506 1215 3570 nonius
1263 3507 1365 3587 liccem
1397 3506 1450 3569 boc
1476 3504 1565 3569 uobis
1595 3512 1712 3584 6666,
1746 3509 1864 3588 qieoties
1888 3511 1927 3573 ele
1955 3509 2077 3575 atriae?
2102 3515 2245 3593 puritate

235 3599 417 3661 cenesca-ntur
447 3592 511 3673 tilii
539 3591 585 3653 uel
616 3591 776 3672 igneoliiles,
813 3593 855 3655 ita
882 3593 976 3655 ctiam
1004 3593 1036 3655 iu
1069 3594 1215 3657 seruitute
1265 3614 1322 3657 nos
1342 3593 1484 3656 adireouet
1504 3593 1671 3671 scriptura,
1693 3595 1797 3657 notari
1817 3615 1919 3658 ceram
1933 3594 2243 3662 leominisuaturam:

230 3686 350 3763 paelics
388 3684 523 3743 ventre-m
561 3678 721 3757 sequitur,
761 3679 930 3743 seniorectum
970 3678 1214 3743 iurisconsultus.
1264 3678 1341 3759 quia
1372 3697 1599 3758 superuacuum
1630 3683 1707 3742 essct
1738 3680 1854 3757 dicero,
1887 3702 2009 3761 purtem
2042 3703 2107 3748 esse
2128 3684 2242 3748 Deum

243 3766 331 3833 llnele
357 3765 498 3847 eollipcre
526 3761 626 3826 licebit
653 3784 691 3826 eu
712 3769 852 3828 rreatcruo
873 3765 990 3828 senei-uc
1008 3764 1124 3845 foeteem
1139 3785 1215 3843 pro-
1268 3764 1481 3844 Sauctiticatio
1513 3765 1606 3827 etiam
1638 3765 1675 3828 ele
1701 3786 1764 3843 666
1793 3767 1930 3845 loquitur
1957 3767 2092 3833 Ioannis
2121 3776 2172 3832 17.
2208 3772 2243 3833 iu

236 3854 347 3918 creari.
397 3851 442 3915 let
473 3849 628 3914 6666666
653 3851 791 3931 acutium
821 3871 882 3913 usu
905 3850 1033 3929 prinlum
1060 3855 1215 3930 receptum
1265 3856 1384 3914 66666
1411 3850 1521 3915 elioiiue
1548 3849 1648 3913 mcum
1673 3871 1734 3913 666
1762 3850 1892 3917 baberet.
1939 3855 2005 3917 Nec
2031 3875 2103 3919 nero
2123 3856 2242 3935 eluplen

235 3938 301 4021 suit
322 3943 438 4002 matres
459 3935 563 3999 nocari
583 3936 760 4016 perennius,-
781 3937 832 3999 cui
853 3941 880 4000 et
901 3936 951 3999 lec
972 3934 1036 3999 Dei
1057 3936 1213 4012 coresuitit,
1264 3936 1395 4018 finpitur
1413 3936 1505 3999 Actae
1525 3955 1635 4012 36666,
1657 3939 1803 4016 aerumnis
1821 3938 1912 4003 inula
1933 3939 1976 4004 oct
1993 3938 2152 4003 Cbrr'stum
2173 3960 2244 4004 eore-

237 4046 317 4106 quac
335 4030 501 4104 perperam
529 4020 649 4101 alioqiei
669 4022 845 4103 couiupium
867 4022 1015 4086 auieeuuli
1036 4042 1107 4086 666
1127 4026 1215 4100 nepte
1265 4023 1349 4104 tapio
1370 4022 1561 4103 peremerit:
1592 4022 1669 4102 quia
1701 4022 1837 4087 leontinis
1861 4023 2016 4106 96666666
2036 4045 2098 4106 per
2124 4046 2158 4089 36
2185 4029 2245 4090 im·

235 4130 297 4175 366
329 4113 456 4180 amaret,
490 4107 566 4187 666
593 4106 682 4169 inulla
715 4113 792 4171 6336
824 4109 1087 4191 coresanpuinitas.
1140 4106 1214 4170 Viro
1265 4109 1385 4173 mucida
1406 4112 1461 4170 66
1481 4108 1594 4171 vitiosa
1614 4114 1753 4187 moreest,
1781 4111 1836 4173 secl
1857 4110 2054 4176 acmduitalis
2077 4131 2116 4174 ex
2139 4112 2244 4194 lapsu.

235 4197 330 4263 etiam
354 4196 407 4276 fas
434 4198 509 4257 essct
535 4212 670 4257 sororem
697 4194 852 4257 ieterinam
878 4195 912 4257 in
934 4195 1115 4276 eoreieepium
1136 4193 1215 4255 aeci·
1265 4193 1404 4257 Proinele
1425 4192 1505 4257 nileil
1524 4195 1682 4257 minemsi
1696 4194 1847 4273 eneruem,
1863 4218 1926 4276 per
1946 4216 2035 4279 quern
2050 4199 2244 4264 restituenda

228 4303 316 4366 pore,
339 4281 428 4345 inodo
449 4278 603 4344 enatura
619 4283 713 4357 patre
734 4284 810 4343 esset
829 4281 943 4361 penita.
990 4280 1091 4343 Siniti
1112 4282 1213 4341 autem
1265 4285 1333 4344 erat
1354 4281 1529 4361 inmeritas,
1556 4299 1578 4343 6
1600 4280 1724 4361 cocleari
1745 4284 1938 4361 corruptione
1958 4290 2117 4364 exemptus
2136 4286 2243 4366 tuerit.

232 4368 332 4451 saner
352 4368 417 4431 nim
434 4365 601 4445 passieam
622 4363 964 4442 adscribimulieribus,
987 4368 1032 4429 ita
1049 4364 1214 4444 respondeo
1269 4365 1356 4447 Quoel
1377 4368 1472 4429 etiam
1487 4386 1550 4446 pro
1571 4366 1706 4432 absnrelo
1723 4366 1810 4432 uobis
1826 4367 1999 4447 obtrudunt,
2020 4371 2052 4434 si
2068 4391 2168 4435 36666
2180 4373 2245 4438 Dei

234 4453 272 4520 de
291 4454 359 4520 illis
375 4453 555 4535 prouiiscuc
576 4450 659 4514 ietem
674 4451 858 4531 praedicari
879 4451 962 4533 quaet
979 4451 1116 4515 (leniris.
1153 4449 1214 4512 Ne-
1265 4470 1390 4515 carnem
1411 4452 1531 4530 induit,
1557 4453 1658 4533 tuisse
1687 4454 1786 4535 ipit-ur
1812 4459 1943 4536 669636
1969 4459 2085 4520 terrem
2105 4461 2245 4538 corporis

233 4561 291 4623 que
312 4541 397 4604 euim
420 4537 566 4603 Oleristus
586 4538 654 4617 ipse
674 4536 790 4600 elicitur
811 4536 901 4620 (Gal.
921 4541 957 4613 4,
976 4536 1012 4620 t)
1033 4537 1138 4616 factm
1152 4556 1213 4615 per
1264 4538 1418 4621 erpestulo
1439 4539 1610 4617 inclusum,
1632 4560 1719 4604 mera
1741 4545 1786 4603 est
1801 4542 1995 4619 procacitas,
2017 4544 2108 4623 quia,
2129 4545 2187 4606 etsi
2208 4546 2244 4607 iu

233 4627 408 4703 mulierem,
437 4624 491 4688 scel
512 4643 551 4688 en
572 4622 708 4686 mieliere.
753 4622 803 4687 Ac
823 4623 954 4703 quietam
976 4642 1015 4687 ec
1036 4642 1142 4686 eoreim
1163 4642 1213 4685 ca
1264 4644 1361 4688 renam
1383 4644 1555 4705 personam
1580 4626 1696 4689 coaluit
1721 4626 1876 4690 immensa
1900 4628 1985 4691 curbi
2012 4629 2145 4693 essentia
2171 4634 2244 4692 666

234 4716 334 4789 urna,
367 4731 495 4776 6366336
518 4710 658 4790 pauore,
691 4709 789 4772 ieiunis
816 4714 957 4790 proterve
989 4713 1145 4787 quaenunt
1171 4729 1213 4771 an
1264 4716 1380 4774 natura
1401 4710 1552 4787 liomim's,
1577 4711 1698 4776 nullam
1724 4716 1827 4774 tannen
1856 4713 2058 4777 inclusionem
2082 4714 2242 4797 tinuimus.

234 4797 334 4861 dicere
366 4797 498 4861 uelimus
532 4816 571 4859 66
608 4796 725 4859 semine
761 4794 946 4860 nieustmeali
981 4793 1114 4876 669663
1139 4814 1213 4874 pro
1265 4795 1459 4861 bsirabiliter
1485 4798 1568 4862 euim
1596 4795 1712 4861 ecoolo
1731 4797 1887 4863 6636666
1906 4798 1997 4877 filius
2018 4800 2097 4877 Dei,
2123 4805 2159 4863 ut
2179 4821 2243 4866 coe-

235 4886 374 4946 creatum
399 4901 464 4944 esse
487 4880 665 4960 Gliristuus,·
692 4881 769 4960 quia
796 4881 936 4945 uicissim
958 4880 1129 4961 incipiam,
1157 4898 1213 4943 an-
1265 4881 1332 4946 tum
1357 4887 1460 4948 tamen
1485 4904 1547 4947 uon
1567 4882 1767 4961 66666666,
1794 4884 1985 4949 mirabiliter
2008 4887 2044 4949 in
2071 4891 2157 4951 cetero
2177 4889 2242 4952 vir·
2270 4888 2275 4901 '

235 4986 298 5031 666
319 4964 467 5030 6661666
486 4966 523 5028 in
548 4968 663 5030 matris
687 4968 856 5048 3666666,
883 4967 965 5047 auoit
990 4966 1086 5045 lateri
1112 4986 1213 5049 coperi-
1263 4969 1350 5051 663
1375 4970 1508 5052 quum,
1534 4969 1570 5030 in
1597 4967 1692 5030 terris
1714 4971 1850 5046 uersari,
1878 4976 1907 5035 6
1934 4972 1969 5035 in
1995 4991 2086 5036 cruce
2105 4974 2242 5055 pendere

235 5056 297 5116 tur.
337 5049 420 5132 Apte
441 5070 512 5132 erpo
533 5070 572 5113 ee
590 5049 745 5115 Mattleaei
766 5052 866 5116 uerbis
887 5053 1055 5132 emetiatur,
1078 5052 1154 5133 qnia
1175 5072 1214 5117 ec
1264 5055 1370 5134 valuit
1391 5056 1428 5117 nt
1446 5073 1565 5135 semper
1586 5054 1738 5118 mundum
1759 5055 1907 5137 impleret,
1929 5058 2011 5123 sicut
2032 5058 2073 5122 ab
2093 5060 2194 5126 initia

236 5134 350 5203 bieria
376 5136 501 5220 pertitus
526 5140 571 5200 est
594 5133 755 5215 Gliristus,
779 5143 979 5217 procreatum
1000 5157 1065 5203 6336
1086 5159 1124 5202 en
1145 5140 1213 5204 663

234 5223 366 5301 senine,
393 5223 486 5288 siniti
513 5242 609 5303 quum
634 5221 753 5286 ‹licitiu
774 5222 860 5288 Boos
884 5224 1073 5306 contusae
1100 5224 1214 5290 Rabab
