4672 5842
91 322 153 381 877

95 514 175 570 runt
197 507 231 568 in
261 505 381 588 populo
405 505 593 571 israelitico:
622 506 751 571 illorum
775 531 873 573 causa
894 509 1078 573 institutam

96 613 167 656 esse
198 591 355 656 eiusmodi
384 591 632 675 paedagogium,
667 614 731 675 qua
759 595 890 658 tametsi
917 596 1106 675 1111111111Ι

96 698 207 742 carere
234 685 388 759 possunt,
418 679 585 760 negligere
614 688 726 743 tumen
755 699 826 743 eam
842 672 920 744 'non
950 680 1077 758 debent,

96 785 198 846 quum
226 763 361 828 videant
388 764 528 828 infirmis
555 764 712 828 fratribus
743 786 814 830 esse
843 767 965 831 utilem.
1012 768 1079 831 Re-

96 848 256 931 spondeo,
286 870 346 914 nos
373 850 595 914 1111111111
622 851 698 932 quid
728 852 865 915 fratrum
894 853 1079 935 infirmitati

97 934 348 1014 111111111;111
372 957 413 999 111
436 934 573 1000 adverso
596 937 787 1019 excipimus,
811 960 877 1001 non
900 960 970 1003 esse
993 938 1079 1003 hanc

95 1022 255 1085 rationem
279 1043 344 1103 qna
366 1022 555 1086 consulatur
576 1023 732 1098 infirmis,
762 1030 798 1086 ut
819 1026 948 1105 magnis
970 1045 1078 1089 caere·
1104 1042 1107 1069 ¹

95 1107 284 1171 moniarum
307 1109 431 1171 acervis
453 1106 644 1172 obruantur.
687 1109 761 1173 Non
785 1110 907 1173 1111111
930 1111 991 1173 hoc
1014 1110 1079 1174 111-

95 1196 221 1258 crimen
248 1193 357 1274 posuit
378 1194 470 1257 Deus
498 1194 585 1258 inter
609 1216 668 1258 nos
690 1203 723 1258 et
745 1202 892 1260 veterem
913 1196 1078 1278 populum,

97 1278 183 1360 quod
200 1278 296 1341 illum
314 1278 419 1343 voluit
439 1279 608 1360 pueriliter
626 1281 756 1344 erudire
779 1282 880 1364 signis
899 1291 932 1345 et
953 1281 1078 1364 figuris,

96 1387 156 1429 nos
179 1364 367 1447 simplicius,
391 1365 462 1428 sine
483 1373 575 1429 tanto
593 1372 919 1449 extemolapparatu.
957 1366 1080 1447 Quem·

97 1449 283 1525 admodum,
307 1451 413 1532 inqiut
433 1450 559 1515 Paulus
582 1450 672 1535 (Gal.
697 1459 726 1528 4,
754 1454 794 1535 l),
817 1474 899 1533 puer
921 1474 940 1515 1
960 1451 1079 1534 paeda-

98 1557 182 1622 gogo
203 1557 263 1617 pro
284 1537 400 1600 aetatis
423 1545 517 1618 captu
540 1539 666 1620 regitur
688 1547 721 1601 et
743 1537 804 1602 sub
831 1538 979 1603 custodia
1002 1558 1079 1603 con-

98 1625 237 1695 tinetur,
272 1622 318 1685 ita
352 1622 412 1686 sub
441 1623 512 1705 lege
542 1622 807 1688 custodiebantur
837 1623 959 1688 Iudaei.
1010 1624 1079 1688 Nos
1105 1668 1108 1715 Ι

99 1719 210 1774 autem
240 1707 361 1772 adultis
390 1707 511 1772 similes
541 1730 662 1784 sumus,
687 1710 743 1791 qui
765 1731 785 1774 a
808 1710 909 1773 tutela
931 1727 963 1774 et
986 1732 1075 1774 cura·

96 1797 184 1859 tione
214 1793 357 1871 liberati,
386 1793 567 1876 puerilibus
596 1793 790 1859 rudimentis
818 1817 899 1877 opus
927 1818 991 1859 non
1021 1795 1079 1860 ha-

96 1883 183 1945 bent.
229 1880 392 1943 Dominus
415 1889 501 1944 certe
524 1881 618 1962 quale
639 1881 786 1945 futurum
810 1891 895 1947 esset
921 1883 955 1944 in
977 1881 1079 1946 eccle-

97 1969 146 2031 sia
179 1987 239 2030 sua
271 1966 391 2049 vulgus
424 1964 625 2048 providebat,
660 1976 694 2030 et
725 1967 865 2048 qualiter
898 1966 1079 2050 regendum

95 2054 187 2116 t'oret.
233 2051 305 2115 Hoc
327 2058 452 2128 tamen,
477 2072 540 2132 qno
562 2051 686 2117 dictum
708 2062 773 2128 111,
797 2052 892 2117 modo
912 2055 999 2117 inter
1020 2073 1079 2116 nos

95 2147 129 2202 et
151 2137 290 2202 Iudaeos
313 2135 476 2202 dissuevit.
522 2136 633 2202 Stulta
661 2139 764 2221 igitur
791 2139 874 2202 ratio
900 2140 1078 2204 1111111-

95 2225 204 2287 lumus
242 2223 402 2305 imperitis
436 2223 623 2300 consulere,
663 2224 860 2288 iudaismnm
893 2246 913 2288 a
946 2223 1079 2289 Christo

96 2310 289 2393 abrogatum
312 2308 475 2392 erigendo.
512 2310 609 2373 Hanc
632 2330 759 2393 quoque
781 2309 1079 2374 dissimilitudinem

97 2397 217 2460 veteris
247 2403 280 2457 et
307 2395 383 2460 novi
412 2396 523 2477 populi
555 2397 682 2460 notavit
704 2393 859 2461 Christus
881 2397 948 2461 1111
970 2397 1079 2461 verbis

99 2481 287 2564 (111114,
312 2480 377 2564 23),
407 2502 508 2562 quum
537 2480 659 2545 diceret
685 2481 815 2545 mulieri
850 2482 1077 2558 samaritanae,

462 318 553 384 LIB.
573 319 634 384 IV.
679 320 743 385 DE
767 318 1004 385 exaustas
1026 315 1190 385 MEDIIS
1213 317 1278 382 AD
1302 316 1531 384 SALUTEM.
1578 318 1744 384 1111.

2043 325 2108 386 878

1131 505 1209 570 Ideo
1242 507 1330 570 enim
1356 528 1454 589 opera
1479 530 1498 571 a
1526 509 1597 573 Deo
1625 507 1780 573 mandata
1816 513 2111 577 remunerationem

1131 591 1262 668 habent,
1286 593 1372 673 quod
1394 593 1561 674 legislator
1582 596 1653 678 ipse
1678 596 1878 660 obedientiae
1900 611 2050 680 respectu
2071 620 2111 664 ea

1131 685 1264 760 accepta
1283 677 1390 742 habet.
1435 680 1510 742 Non
1531 681 1634 763 igitur
1656 701 1675 743 a
1697 683 1829 763 propria
1851 682 2009 765 dignitate
2036 705 2110 765 pro-

1131 766 1242 846 priove
1253 765 1370 827 merito
1387 764 1531 847 pretium
1550 767 1713 847 accipiunt
1719 791 1727 845 ;
1750 767 1807 831 sed
1826 769 1909 849 quod
1928 769 2018 832 Deus
2036 768 2111 834 obe·

1132 850 1287 913 dientiam
1321 871 1400 932 erga
1434 872 1469 914 se
1496 860 1642 915 nostram
1669 854 1752 915 tanti
1781 854 1940 917 aestimat.
1991 855 2042 918 De
2072 877 2111 919 ea

1132 956 1267 1017 opernm
1295 937 1492 1017 perfectione
1520 937 1574 1000 hio
1601 938 1714 1019 loquor
1736 959 1818 1019 qnae
1841 960 1860 1001 a
1882 938 1953 1004 Deo
1975 940 2110 1004 manda·

1131 1029 1196 1096 tur,
1227 1042 1294 1083 non
1323 1021 1364 1085 ab
1387 1022 1573 1087 hominibus
1600 1032 1793 1105 praestatur.
1839 1024 1917 1089 Ideo
1940 1027 2027 1088 enim
2051 1048 2110 1092 neo
2212 1037 2213 1040 ’

1132 1127 1230 1188 opera
1257 1107 1339 1190 legis
1367 1128 1450 1188 quae
1481 1109 1631 1187 facimus,
1655 1110 1716 1173 nisi
1740 1131 1781 1172 ex
1804 1112 1946 1193 gratuita
1968 1110 2032 1175 Dei
2055 1113 2110 1176 be-

1132 1192 1302 1275 nignitate,
1373 1195 1472 1257 atiam
1500 1194 1635 1270 habent,
1664 1196 1739 1276 quia
1765 1195 1801 1257 in
1824 1196 2056 1278 ipsiainfirma
2077 1206 2111 1263 et

1131 1278 1248 1341 mutila
1268 1279 1326 1342 obe
1350 1279 1451 1343 ientia
1472 1290 1529 1343 111.
1573 1278 1640 1344 Sed
1662 1281 1739 1361 quia
1762 1280 1814 1345 hic
1838 1303 1904 1345 non
1926 1280 2111 1365 disputatur

1131 1363 1208 1446 quid
1232 1385 1330 1445 opera
1352 1365 1422 1429 sine
1444 1364 1577 1428 Christo
1600 1366 1744 1441 valeant,
1775 1369 1996 1449 quaestionem
2018 1369 2111 1434 illam

1131 1451 1326 1514 omittamus.
1383 1449 1481 1531 Quod
1513 1453 1695 1535 praesentis
1727 1454 1912 1535 argumenti
1942 1456 2112 1539 proprium

1132 1546 1182 1600 cst
1209 1536 1328 1599 iterum
1358 1546 1483 1618 repeto:
1514 1536 1670 1619 quidquid
1698 1540 1733 1601 in
1763 1561 1797 1603 se
1819 1539 2110 1605 commendationis

1132 1621 1255 1685 habent
1277 1643 1383 1702 opera,
1407 1622 1526 1687 hahere
1549 1621 1750 1689 obedientiae
1772 1625 1908 1701 intuitu,
1939 1647 2037 1706 quam
2059 1647 2110 1691 11-

1131 1706 1197 1771 lam
1220 1705 1312 1771 Deus
1336 1709 1482 1790 respicit,
1506 1717 1544 1771 ut
1570 1717 1710 1773 testatur
1736 1731 1796 1791 per
1816 1710 2009 1792 prophetam
2030 1711 2108 1793 (111.

1135 1797 1162 1870 7,
1188 1792 1257 1876 22):
1286 1815 1351 1856 non
1379 1794 1531 1876 praecepi
1559 1793 1598 1858 de
1627 1796 1792 1859 sacrificiis
1820 1804 1852 1858 11
1873 1796 2030 1874 victimis;
2052 1796 2110 1861 sed

1132 1887 1262 1942 tantum
1285 1892 1323 1942 11
1344 1878 1507 1943 audiendo
1529 1879 1669 1943 audiatis
1691 1902 1804 1945 vocem
1825 1902 1941 1945 meam.
1979 1882 2031 1946 De
2052 1882 2110 1948 fic·

1133 1965 1213 2028 titiis
1241 1973 1348 2029 autem
1376 1965 1527 2048 operibus
1556 1965 1634 2029 alibi
1669 1966 1812 2048 loquitur
1840 1966 1916 2048 (111.
1947 1973 2002 2046 15,
2031 1971 2048 2029 2
2077 1976 2111 2033 et

1133 2054 1187 2128 29,
1215 2052 1281 2133 13);
1315 2051 1499 2132 appenditis
1532 2059 1706 2134 argentum
1735 2060 1894 2130 vestrum,
1922 2065 1956 2116 et
1981 2075 2048 2117 non
2074 2055 2111 2118 in

1130 2136 1279 2217 panibus.
1329 2136 1429 2200 Item:
1460 2136 1595 2219 (Matth.
1630 2140 1741 2221 111)
1768 2138 1892 2203 frustra
1919 2160 1972 2202 me
1998 2137 2111 2205 colunt

1130 2224 1310 2304 praeceptis
1331 2222 1509 2286 hominum.
1555 2222 1628 2286 Hoc
1650 2224 1759 2304 itaque
1780 2223 1871 2289 nullo
1893 2223 1987 2289 modo
2010 2247 2109 2291 excu-

1131 2307 1257 2385 sabunt,
1280 2308 1363 2389 quod
1388 2309 1559 2389 patiuntur
1581 2311 1735 2373 miseram
1757 2309 1885 2392 plebem
1908 2311 1943 2373 in
1964 2312 2126 2383 extemis·

1131 2393 1196 2459 illis
1218 2395 1316 2477 nugis
1337 2394 1505 2471 iustitiam,
1528 2415 1624 2477 quam
1643 2395 1715 2459 Deo
1734 2404 1908 2479 opponant,
1932 2406 1965 2460 et
1987 2419 2051 2479 qna
2073 2418 2109 2463 se

1132 2490 1208 2542 ante
1235 2479 1374 2544 coeleste
1403 2479 1547 2543 tribunal
1571 2481 1770 2558 sustineant,
1798 2503 1962 2563 quaerere.
2006 2483 2109 2549 Prae·

97 2567 226 2632 venisse
245 2572 374 2649 tempus
397 2588 460 2648 quo
478 2568 549 2633 veri
566 2567 708 2634 cultores
727 2567 902 2631 adorarent
912 2568 1021 2632 Deum
1043 2569 1079 2631 in
1132 2572 1221 2628 terea
1256 2587 1367 2629 annon
1398 2565 1458 2630 hoc
1488 2566 1625 2648 dignum
1655 2567 1868 2632 insectatione
1897 2568 2016 2632 vitium
2048 2577 2107 2648 est,

98 2654 214 2736 spiritu
248 2661 281 2717 et
313 2654 461 2717 veritate.
513 2652 588 2721 Hoc
618 2654 762 2736 profecto
795 2674 923 2736 semper
955 2654 1100 2718 factum,
1131 2650 1218 2732 quod
1235 2671 1300 2714 111
1318 2650 1501 2715 intellectas
1519 2652 1747 2730 caeremonias,
1771 2654 1862 2717 velut
1882 2653 2109 2719 histrionicam

95 2740 211 2817 111111,
242 2739 299 2805 111
329 2740 364 2802 11
393 2739 454 2802 hoc
477 2739 634 2803 differunt
661 2740 737 2803 novi
760 2738 901 2803 cultores
923 2740 1079 2803 arcteri-
1131 2757 1262 2800 scenam
1280 2746 1337 2800 aut
1354 2737 1515 2819 magicam
1530 2738 1793 2816 incantationem,
1811 2738 1997 2803 ostentant?
2027 2739 2108 2804 Cer·

97 2824 166 2904 bus,
190 2824 276 2907 quod
298 2823 359 2890 sub
381 2825 474 2888 Mose
502 2825 682 2909 spiritualis
710 2823 773 2888 Dei
798 2825 944 2889 adoratio
965 2825 1078 2890 multis
1104 2902 1106 2911 Ι
1131 2829 1202 2885 tum
1225 2823 1312 2886 enim
1335 2834 1385 2886 est
1406 2823 1626 2887 caeremonias
1648 2845 1761 2888 omnes
1791 2834 1961 2907 corruptas
1983 2847 2053 2890 esse
2075 2834 2110 2890 et

96 2910 310 2976 caeremoniis
350 2909 552 2977 adumbrata·
579 2921 613 2976 et
649 2909 885 2992 quodammodo
920 2910 1079 2993 implicita
1131 2908 1254 2986 noxias,
1274 2908 1335 2972 nisi
1354 2929 1413 2991 per
1429 2929 1484 2972 cas
1503 2909 1650 2973 hominos
1667 2909 1709 2972 ad
1727 2909 1897 2975 Christum
1912 2910 2106 2995 dirigantur.

96 3005 176 3074 erat,
199 2995 316 3078 quibus
339 2994 467 3061 abolitis
489 3016 580 3065 nune
596 2997 778 3080 simplicius
796 2994 958 3060 adoratur.
994 2997 1078 3061 Pro-
1131 2991 1225 3073 Quae
1252 3002 1363 3057 autem
1389 2995 1426 3057 in
1452 3016 1514 3058 usu
1541 3004 1621 3058 sunt
1648 2996 1870 3060 caeremoniae
1892 2995 1953 3060 sub
1974 3005 2106 3079 111111,

96 3080 182 3156 1111,
205 3081 261 3163 qui
283 3081 368 3146 hauc
390 3079 687 3147 dissimilitudinem
706 3081 917 3159 contimdunt,
930 3082 1079 3147 ordinem
1131 3078 1321 3144 adoetrina
1347 3086 1555 3163 separantur,
1579 3088 1617 3144 ut
1644 3081 1793 3145 homines
1818 3084 1853 3144 in
1882 3081 1984 3166 signis
2018 3085 2108 3148 omni
2146 3118 2149 3124 ·

96 3175 250 3230 evertunt
272 3189 291 3231 a
313 3166 446 3232 Christo
468 3169 656 3233 institutum
679 3178 713 3232 et
734 3169 904 3233 sancitum.
934 3169 1078 3251 Ergone,
1131 3165 1366 3248 significatione
1379 3164 1564 3231 carentibus
1585 3168 1757 3232 retineant.
1794 3168 1966 3232 Postremo
1983 3168 2037 3317 111
2056 3170 2108 3233 in·

96 3252 233 3333 inquies,
260 3253 343 3319 nihil
372 3255 650 3318 caeremoniarum
678 3252 863 3319 rudioribus
885 3253 1015 3318 dabitur
1036 3253 1078 3318 ad
1130 3252 1282 3334 geuiosus
1299 3252 1418 3316 artifex
1439 3258 1490 3316 ost
1510 3251 1804 3337 venter)'apparet
1825 3253 1986 3318 multasa
2030 3277 2108 3320 ava-

97 3337 272 3402 iuvandam
307 3360 419 3403 eorum
453 3339 673 3421 imperitiam?
724 3340 763 3403 Id
799 3360 859 3423 ego
894 3360 960 3403 non
988 3339 1075 3405 dico:
1129 3337 1176 3401 ris
1191 3402 1195 3411 ,
1210 3337 1401 3402 sacrificulis
1429 3338 1581 3402 inventas
1609 3360 1693 3417 esse,
1727 3346 1766 3402 ut
1791 3347 1900 3405 essent
1927 3340 2108 3423 captandae

98 3424 229 3487 omnino
251 3425 338 3489 enim
361 3424 441 3489 utile
461 3425 526 3490 11111
544 3446 614 3490 1111
638 3426 742 3490 111111
765 3426 825 3489 hoc
870 3447 950 3490 enus
973 3425 1077 3490 admi·
1129 3422 1286 3505 pecuniae
1304 3424 1451 3505 aucupia.
1488 3422 1726 3505 Quamcunque
1749 3433 1858 3489 autem
1880 3425 2022 3490 habeant
2043 3427 2108 3491 ori-

97 3508 207 3574 niculi.
253 3512 395 3574 Tantum
417 3447 1076 3576 1111111111111111111111111111111·
1129 3509 1248 3591 gisem,
1272 3509 1317 3574 sic
1339 3530 1452 3573 omnes
1474 3509 1613 3574 suntad
1635 3508 1763 3574 foedum
1794 3520 1967 3592 quaestum
1988 3514 2107 3594 prosti-

96 3605 152 3658 tur
178 3596 232 3676 qui
260 3594 431 3660 Christum
458 3597 617 3673 illustret,
652 3618 718 3660 non
747 3596 904 3661 obscuret.
956 3596 1076 3662 Caere-
1128 3601 1229 3671 tutae,
1259 3606 1297 3657 ut
1324 3595 1444 3660 bonam
1477 3605 1604 3677 partem
1636 3596 1821 3661 rescindere
1842 3619 1974 3663 necesse
2005 3599 2107 3674 sitsi

95 3681 224 3745 moniae
260 3679 331 3745 ideo
359 3682 452 3747 nobis
480 3682 638 3748 divinitus
664 3704 788 3765 paucae
815 3682 910 3746 datae
938 3690 1016 3747 sunt
1043 3693 1077 3746 et
1129 3680 1255 3745 efficere
1273 3680 1433 3760 volumus,
1453 3683 1625 3765 quominus
1642 3683 1778 3764 profana
1796 3690 1830 3746 et
1846 3683 2004 3766 sacrilega
2021 3705 2107 3747 nun-

93 3767 230 3831 minime
262 3766 451 3846 laboriosae,
486 3790 550 3851 quo
582 3776 789 3851 praesentem
816 3766 986 3832 Christum
1020 3767 1075 3832 de-
1129 3763 1253 3830 dinatio
1274 3766 1308 3829 in
1332 3766 1468 3832 eeclesia
1488 3776 1688 3832 exerceatur.

93 3861 279 3917 monstrent
286 3876 294 3930 ;
328 3852 459 3917 Iudaeis
490 3854 602 3935 plures
630 3852 725 3918 datae
759 3860 846 3929 sunt,
874 3873 938 3934 quo
965 3861 1076 3918 essent
1217 3855 1264 3915 16.
1309 3852 1453 3917 Tametsi
1475 3852 1588 3917 videor
1617 3873 1682 3917 non
1711 3860 1900 3935 perpetuam
1923 3852 2106 3918 doctrinam

93 3937 238 4003 absentis
275 3937 444 4021 imagines.
500 3938 679 4005 Absentem
718 3948 828 4006 autem
860 3939 960 4004 fuisse
993 3940 1074 4018 dico,
1127 3936 1167 4001 de
1200 3937 1353 4003 humanis
1386 3937 1673 4003 constitutionibus
1706 3937 1855 4016 tradere,
1879 3938 1974 4019 *quod
2006 3941 2106 4005 aetati

92 4045 158 4089 non
180 4025 313 4102 virtute,
336 4022 391 4088 sed
416 4023 621 4106 significandi
642 4026 746 4091 modo.
790 4024 936 4090 Proinde
957 4025 1075 4090 modus
1126 4032 1257 4088 nostrae
1303 4045 1412 4087 111111
1435 4023 1677 4088 accommodate
1700 4033 1750 4087 est
1774 4022 1854 4087 haec
1876 4026 1993 4103 oratio,
2021 4026 2105 4091 nihil

92 4118 130 4172 ut
147 4110 337 4186 retineatur,
360 4108 451 4173 illam
469 4110 504 4172 in
522 4131 658 4175 numero
675 4113 881 4193 paucitatem,
903 4112 939 4175 in
963 4112 1074 4177 obser·
1126 4116 1237 4173 tamen
1272 4045 1396 4173 (fictum
1429 4117 1479 4172 est
1514 4108 1599 4191 quod
1627 4129 1693 4172 non
1720 4110 1762 4173 sit
1789 4110 1940 4175 omnibus
1968 4113 2105 4177 saeculis

92 4196 223 4259 vatione
243 4194 441 4272 facilitatem,
460 4195 496 4258 in
513 4197 750 4279 significatione
773 4197 968 4280 dignitatem
990 4219 1073 4280 quae
1125 4195 1273 4258 futurum
1290 4194 1378 4257 utile.
1408 4194 1495 4257 Nam
1517 4195 1643 4276 quoties
1660 4193 1787 4277 obrepit
1805 4195 1885 4261 haec
1908 4199 2104 4279 superstitio,

93 4282 191 4345 etiam
209 4282 357 4346 claritate
376 4289 513 4357 constat,
536 4283 678 4346 retinere
695 4304 827 4348 necesse
850 4291 907 4346 est.
948 4283 988 4347 Id
1006 4304 1094 4348 non.
1124 4290 1163 4344 ut
1173 4282 1283 4345 Deum
1306 4280 1373 4343 suis
1394 4281 1561 4361 figmentis
1581 4279 1685 4344 colere
1703 4280 1853 4347 homines
1870 4283 1982 4360 velint,
2005 4304 2104 4365 quae-

93 4386 162 4431 esse
180 4368 313 4446 factum,
332 4367 410 4449 quid
429 4366 548 4431 attinet
566 4367 694 4432 dicere?
713 4390 766 4434 res
783 4369 871 4433 enim
889 4374 938 4433 est
949 4370 984 4432 in
1004 4390 1073 4433 orn-
1126 4387 1255 4449 cunque
1272 4365 1307 4429 in
1325 4385 1400 4429 eum
1418 4366 1519 4429 finem
1536 4367 1688 4430 1111111111
1705 4367 1804 4452 leges,
1828 4368 1939 4431 statim
1956 4368 1998 4432 ad
2016 4388 2104 4433 cras·

90 4453 184 4516 nium
207 4453 317 4520 oculis.
462 4483 463 4487 ¹
1126 4473 1179 4517 sos
1208 4453 1287 4516 istos
1315 4451 1436 4516 abusus
1464 4450 1672 4535 degenerant.
1716 4452 1813 4518 Hanc
1840 4455 1928 4518 enim
1949 4451 2104 4519 maledic-

181 4544 229 4603 15.
270 4539 336 4604 Η11
353 4548 521 4622 praetereo
539 4557 639 4620 quam
657 4539 846 4621 perniciosis
866 4539 1073 4622 opinionibus
1125 4539 1248 4602 tionem
1263 4557 1331 4604 non
1347 4539 1405 4601 uni
1422 4546 1480 4601 aut
1497 4538 1592 4602 alteri
1608 4540 1715 4618 aetati,
1729 4539 1785 4604 sad
1802 4538 1950 4603 omnibus
1966 4540 2104 4605 saeculis

91 4624 281 4688 imbuantur
303 4617 476 4690 hominum
502 4633 644 4690 mentes:
673 4623 830 4690 sacrificia
857 4646 927 4690 esse
955 4626 1073 4707 quibus
1124 4624 1270 4688 minatur
1285 4621 1725 4707 1)111(111.29,13),1111
1744 4626 1897 4690 caecitate
1917 4634 1951 4690 et
1972 4634 2104 4707 stupore

92 4709 156 4772 rite
182 4709 294 4774 litetur
321 4710 408 4790 Deo,
432 4711 548 4793 quibus
576 4710 752 4793 expientur
778 4717 926 4791 peccata,
955 4709 1073 4793 quibus
1123 4709 1286 4793 percutiet
1312 4730 1366 4774 eos
1396 4731 1416 4773 a
1444 4711 1561 4792 quibus
1589 4710 1706 4775 colitur
1734 4711 1890 4776 doctrinis
1920 4710 2100 4776 hominum.

92 4794 218 4858 iustitia
250 4805 284 4858 et
311 4797 398 4862 salus
426 4805 642 4880 comparetur.
694 4795 872 4878 Negahunt
906 4798 1072 4861 extraneis
1123 4796 1217 4861 Haec
1244 4797 1426 4861 excaecatio
1453 4803 1611 4878 perpetuo
1639 4796 1719 4861 facit
1745 4806 1783 4861 ut
1803 4796 1931 4862 nullum
1952 4797 2101 4862 absurdi·

92 4879 251 4945 eiusmodi
274 4882 437 4948 erroribus
454 4884 564 4948 vitiari
583 4903 636 4947 res
653 4883 764 4960 bonas,
788 4902 888 4964 quum
910 4883 945 4946 in
967 4883 1072 4965 operi·
1124 4883 1202 4946 tatis
1223 4902 1327 4964 genus
1353 4881 1489 4964 firgiant,
1520 4883 1574 4963 qui
1596 4882 1790 4965 contemptis
1812 4891 1861 4948 tot
1880 4883 1947 4947 Dci
1968 4884 2102 4948 monitis

91 4967 154 5030 bus
176 4987 303 5050 quoquc
325 4990 345 5032 a
366 4969 438 5033 Deo
459 4969 642 5052 praeceptis
668 4969 730 5033 hac
756 4976 851 5051 parte
873 4987 942 5031 non
962 4968 1073 5034 minus
1124 4975 1239 5049 sponte
1261 4988 1296 5032 se
1318 4968 1353 5031 in
1380 4967 1529 5033 exitiales
1555 4968 1635 5033 istos
1655 4967 1789 5050 laqueos
1810 4967 1960 5034 induunt.
2004 4968 2101 5050 Quod

89 5054 220 5135 peccari
243 5063 349 5136 queat.
393 5055 467 5120 Hoc
488 5063 599 5121 tamen
628 5055 704 5138 plus
732 5053 940 5138 indignitatis
962 5053 1070 5131 habet,
1124 5058 1152 5118 11
1179 5053 1313 5119 remotis
1346 5053 1598 5119 ciroumstantiis
1630 5053 1821 5137 simpliciter
1858 5055 1979 5120 habere
2012 5055 2101 5136 libet,

90 5136 244 5221 operibus
277 5146 399 5203 temere
435 5139 580 5207 humano
602 5139 737 5206 arbitrio
764 5130 910 5207 confictis
941 5147 1072 5205 tantum
1123 5159 1205 5222 quae
1235 5138 1302 5203 sint
1327 5138 1474 5203 omnium
1502 5146 1687 5222 temporum
1715 5140 1878 5207 humanae
1898 5141 2100 5219 traditiones,

90 5225 227 5289 honoris
246 5223 345 5289 tribui
362 5234 400 5288 ut
417 5227 585 5291 meritoria
606 5228 693 5293 vitae
714 5235 867 5293 aeternae
884 5225 1069 5292 credantur.
1123 5247 1203 5308 quas
1225 5224 1265 5287 ab
1288 5223 1423 5290 ecclesia
1445 5223 1608 5308 repudiari
1631 5232 1663 5291 et
1684 5247 1705 5290 a
1726 5227 1789 5309 piis
1807 5228 1959 5293 omnibus
1979 5229 2100 5312 impro-
