4672 5842
229 289 294 353 aaa
877 283 1145 353 marraccio
1165 285 1272 350 aun.
1294 283 1476 352 onaan
1505 288 1595 348 uto.
1909 358 1912 363 ,
2177 285 2244 349 uo

230 475 344 562 pedire
365 481 510 539 noverat.
557 471 595 538 si
618 473 682 537 alia
703 472 823 559 hyeme
845 474 965 551 officia,
996 473 1062 538 alia
1089 481 1212 538 aestate
1265 475 1406 554 obsecro,
1429 495 1570 557 aequum
1592 450 1663 539 esse
1685 480 1792 557 neget,
1819 483 1857 538 ut
1875 473 1910 538 in
1931 494 2033 538 manu
2055 480 2089 538 et
2109 473 2244 539 arbitrio

230 561 374 628 familiae
407 579 485 624 suae
518 559 662 642 agricola
694 559 901 642 praeseribit,
941 580 1009 624 non
1040 568 1213 642 propterca
1264 560 1330 626 Dei
1352 561 1396 626 sit
1416 560 1519 625 libera
1537 561 1718 644 gratiarum
1736 580 1872 624 suarum
1883 559 2091 642 dispensatio,
2114 568 2152 623 ut
2164 580 2247 642 quas

229 648 326 714 illum
354 647 593 710 inconstantiae
615 667 807 729 arguemus,
837 658 895 710 aut
923 644 1054 710 deviare
1080 646 1212 728 putabi-
1265 646 1345 714 velit
1377 647 1526 712 nationes
1557 645 1741 711 illuminet?
1780 646 1900 729 quibus
1929 645 2009 711 velit
2040 645 2120 711 locis
2152 644 2247 711 verbi

230 755 305 799 mus
328 753 348 797 a
369 740 460 796 recta
481 732 700 815 agriculturae
722 731 845 816 regula,
869 753 1040 814 quaecum
1055 739 1212 814 perpetuo
1265 734 1316 798 sni
1337 731 1613 815 praedicationem
1636 731 1778 797 excitet?
1800 732 1930 817 qualem
1953 740 1987 797 et
2007 740 2171 813 qnantum
2187 752 2245 797 ve·

230 829 370 884 naturae
392 816 505 881 ordine
528 818 700 882 coniuncta
721 827 779 881 est.
825 816 986 882 Similiter
1010 818 1039 882 si
1060 818 1132 900 quis
1153 840 1212 901 pa-
1264 818 1304 882 lit
1325 817 1492 884 doctrinae
1512 840 1590 883 suae
1612 818 1794 900 profectum
1813 824 1849 883 ct
1862 838 2050 885 comessum
2062 816 2244 901 largiatur?

230 903 424 970 terfamilias
454 903 550 967 aliter
571 925 646 968 suos
668 903 786 968 liberos
808 904 843 967 in
866 904 1022 985 pueritia,
1053 903 1150 968 aliter
1176 904 1212 968 in
1265 905 1406 969 nominis
1428 905 1479 969 sui
1502 904 1669 981 notitiam,
1698 904 1817 986 quibus
1836 903 1919 970 velit
1940 902 2093 983 saeculis,
2116 904 2247 968 auferat

231 989 460 1067 adolescentia,
483 989 578 1054 aliter
599 990 633 1053 iu
652 990 822 1054 inventute
840 989 977 1066 erudiat,
1000 998 1103 1072 regat,
1125 997 1212 1055 trac·
1265 1011 1283 1055 c
1313 990 1451 1066 mundo,
1486 997 1620 1073 propter
1653 990 1755 1073 ipsius
1787 988 2079 1074 ingratitudinem?
2113 989 2246 1072 quando

230 1083 293 1154 tet,
323 1097 390 1139 non
411 1084 585 1158 propterea
607 1075 752 1140 dicemus
781 1076 889 1157 ipsum
910 1074 1018 1140 levem
1040 1097 1125 1153 esse,
1154 1083 1212 1140 aut
1265 1076 1385 1142 iterum
1403 1075 1493 1154 velit,
1517 1084 1652 1159 propter
1673 1096 1765 1140 suam
1788 1075 2046 1142 misericordiam
2068 1073 2245 1140 restituat?

231 1182 333 1227 asua
353 1163 516 1226 sententia
538 1160 711 1225 discedere.
758 1159 847 1240 Quid
871 1183 949 1245 ergo
973 1162 1211 1227 inconstantiae
1264 1161 1424 1227 Videmus
1453 1183 1532 1246 crgo
1559 1162 1659 1227 nimis
1681 1161 1834 1246 indignas
1855 1183 1927 1227 esse
1949 1161 2143 1239 calumnias,
2170 1162 2245 1244 qui·

230 1256 344 1313 notam
365 1247 438 1311 Deo
459 1246 637 1324 inurimus,
665 1246 750 1328 quod
778 1254 963 1328 temporum
987 1246 1210 1313 diversitatem
1263 1247 1324 1313 bus
1356 1248 1449 1330 impii
1484 1248 1635 1313 homiues
1669 1249 1731 1313 hac
1763 1255 1856 1330 parte
1889 1247 2086 1330 simplicium
2118 1247 2246 1312 animos

231 1333 317 1416 aptis
346 1341 379 1396 et
401 1332 654 1415 congruentibus
681 1333 767 1396 notis
790 1331 999 1397 distinxerit?
1043 1334 1212 1398 Posterior
1264 1356 1305 1399 cx
1352 1335 1442 1410 tant,
1466 1341 1504 1398 ut
1525 1334 1579 1399 vol
1601 1335 1665 1398 Dei
1687 1334 1849 1399 iustitiam
1870 1334 1922 1399 vel
1944 1334 2124 1416 scripturae
2145 1331 2247 1398 fidem

231 1417 410 1485 similitudo
432 1419 562 1500 penitus
587 1418 773 1483 satisfacere
799 1418 895 1484 nobis
924 1417 1028 1483 debet.
1072 1418 1212 1485 Iudaeos
1263 1355 1456 1485 inadibium
1479 1428 1602 1485 vocent

231 1506 341 1589 pueris
358 1504 481 1569 similes
494 1504 572 1568 facit
581 1504 717 1582 Paulus,
736 1503 941 1569 Christianos
952 1503 1211 1571 adolescentibus

231 1589 322 1676 (Gal.
342 1597 372 1668 4,
389 1594 414 1653 l.
437 1598 454 1651 3
473 1588 563 1737 seq).
593 1587 682 1668 Quid
700 1591 735 1654 in
753 1590 815 1655 hoc
833 1589 899 1655 Dei
917 1592 1076 1674 regimine
1094 1599 1144 1655 est
1161 1592 1211 1655 in-

230 1675 381 1751 ordinati,
404 1674 489 1756 quod
511 1675 585 1739 ilos
607 1675 643 1739 in
664 1675 860 1741 rudimentis
877 1676 1025 1754 detinuit,
1048 1698 1131 1758 quae
1150 1698 1211 1760 pro

230 1762 347 1826 aetatis
374 1760 505 1826 modulo
533 1760 614 1842 ipsis
643 1762 882 1845 congruebant;
916 1784 975 1827 nos
1002 1764 1146 1826 firmiore
1179 1771 1212 1827 et
1607 1777 1759 1847 CAPUT
1781 1778 1859 1844 ΧΠ,
1878 1780 1904 1861 ι)

251 1847 323 1911 nasi
341 1846 486 1911 viriliore
507 1845 680 1929 disciplina
697 1847 859 1912 instituit?
887 1849 978 1931 Ergo
995 1849 1030 1912 in
1049 1870 1087 1913 eo
1105 1848 1212 1914 elucet

263 1934 294 1998 ei
316 1934 498 1997 constantia
526 1931 613 2014 quod
640 1933 778 1997 eandem
800 1935 950 1999 omuibus
973 1934 1112 1999 saeculis
1136 1933 1210 1999 dcc-
1265 1956 1485 2039 Obsistum
1547 1966 1598 2037 ut
1628 1954 1873 2037 mediatoris
1904 1955 2090 2038 Officium
2150 1984 2245 2039 me,

229 2019 351 2083 trinam
379 2016 528 2097 tradidit;
559 2040 656 2100 quem
685 2018 726 2083 ab
754 2019 849 2083 initio
876 2021 1043 2103 praecepit
1069 2020 1210 2085 nominis
1493 2019 1504 2061 '
1692 2075 1700 2091 .
1885 2075 1892 2091 .
2031 2076 2039 2092 .
2119 1984 2149 2067 p

229 2104 280 2169 sui
302 2104 436 2181 cultum,
459 2105 494 2167 in
513 2125 550 2168 eo
574 2105 769 2186 requirendo
789 2114 988 2188 perseverat.
1034 2103 1210 2186 (11101101-
1354 2088 1501 2182 Siderei,
1534 2087 1772 2187 oportursse
1804 2076 1896 2158 fierl
1926 2075 2152 2158 hommem.

179 2236 183 2247 ,
229 2195 358 2255 ternam
386 2190 525 2254 formam
552 2196 586 2254 et
612 2190 745 2254 modum
773 2192 929 2270 mutavit,
964 2192 999 2254 iu
1022 2213 1060 2257 eo
1087 2214 1212 2257 nense

229 2273 373 2340 ostendit
394 2276 567 2339 mutationi
589 2276 765 2341 obnoxium
772 2300 779 2356 ;
809 2276 867 2341 sed
895 2277 1067 2342 hominum
1091 2279 1210 2361 captui,
1352 2281 1378 2341 1.
1414 2275 1487 2340 lom
1507 2297 1706 2360 magnopere
1727 2282 1840 2341 nostra
1860 2275 2018 2354 interfuit,
2042 2297 2158 2341 verum
2175 2297 2247 2342 csse

230 2361 287 2444 qni
316 2361 427 2425 varius
455 2382 493 2425 ac
519 2360 684 2427 mutabilis
714 2371 779 2442 est,
813 2373 950 2429 eatenus
983 2385 1018 2429 se
1051 2372 1211 2448 attempe·
1263 2370 1297 2428 et
1316 2364 1428 2428 Deum
1454 2370 1488 2428 et
1509 2363 1676 2428 hominem
1702 2361 1759 2445 qui
1786 2362 1947 2426 mediator
1974 2369 2086 2427 noster
2111 2363 2245 2428 futurus

228 2447 324 2513 ravit·
1263 2460 1358 2514 esset.
1403 2448 1455 2512 De
1483 2450 1660 2513 recessura
1681 2450 1711 2511 sa'
1733 2449 1910 2529 praemitur,
1940 2468 2001 2511 11011
2022 2448 2157 2531 simpla
2178 2450 2247 2531 qui

319 2536 368 2594 14.
412 2532 523 2614 Atqui,
546 2533 633 2598 unde
655 2534 837 2620 (inquiunt)
861 2535 924 2599 ista
947 2535 1128 2615 diversitas,
1146 2536 1211 2601 nisi
1261 2536 1332 2601 dem
1354 2534 1403 2619 (ut
1424 2534 1513 2617 culpo
1534 2534 1720 2618 loquuntur)
1747 2533 1793 2597 cel
1820 2533 1962 2598 aduoluta
1988 2533 2069 2615 suin
2095 2534 2151 2600 scd
2177 2554 2246 2601 1111·

230 2618 307 2702 quia
335 2617 434 2683 talem
462 2640 533 2683 esse
555 2619 647 2684 Deus
673 2620 797 2686 voluit?
828 2642 939 2686 nonne
961 2628 1035 2686 tam
1064 2621 1145 2686 bene
1169 2623 1209 2687 ab
1261 2621 1349 2685 1111111
1370 2642 1408 2686 ea
1424 2619 2244 2701 101111ιὶ11110,1111111111111101111111111111111.

228 2701 323 2771 initio
346 2726 444 2786 quam
466 2718 541 2787 post
554 2705 680 2770 Christi
703 2706 882 2772 adventum
903 2706 1084 2790 perspicuis
1101 2708 1210 2773 verbis
1264 2705 1427 2771 0101111111
1448 2708 1529 2788 qued
1550 2706 1640 2770 crebis
1660 2707 1811 2787 0111111111
1829 2710 1897 2769 erat
1912 2704 2244 2773 11011111οΜ1111-

229 2788 312 2855 citra
338 2789 423 2855 ullas
450 2792 574 2873 figuras
603 2792 751 2857 revelare
778 2795 885 2875 potuit
905 2794 1009 2859 vitam
1032 2800 1208 2871 aeternam,
1260 2813 1333 2858 mus
1346 2798 1447 2874 poter.
1481 2791 1594 2873 Quum
1607 2793 1696 2856 enim
1713 2792 1901 2875 iniquitates
1918 2798 2060 2872 nestrae,
2080 2790 2173 2875 qumi
2191 2792 2246 2857 in·

227 2877 342 2958 paucis
369 2884 402 2940 et
428 2876 526 2941 elaris
550 2879 763 2943 sacramentis
786 2901 861 2944 suos
884 2879 1028 2956 crudire,
1056 2879 1209 2961 spiritum
1259 2880 1396 2945 teriecta
1416 2880 1502 2943 inter
1523 2901 1583 2943 nos
1606 2887 1639 2942 ct
1660 2878 1770 2960 ipsum
1801 2876 1897 2957 nube,
1921 2899 1982 2941 nos
2004 2899 2025 2943 a
2045 2899 2148 2962 regno
2170 2899 2244 2944 coe-

229 2971 379 3027 sanctum
397 2962 519 3044 largiri,
543 2965 685 3046 gratiam
706 2985 800 3029 suam
821 2985 880 3047 per
893 2966 1005 3030 orbem
1018 2966 1209 3029 universum
1260 2966 1370 3030 lorum
1396 2987 1531 3047 prorsus
1552 2964 1765 3041 alienassent,
1793 2985 1907 3041 neruo,
1935 2964 2000 3028 nisi
2027 2965 2083 3048 qui
2105 2963 2147 3029 ad
2167 2984 2244 3030 eum

229 3046 434 3111 diffundere?
479 3049 553 3112 Hoc
580 3071 658 3114 vcro
686 3049 823 3132 perinde
851 3057 901 3115 cst
929 3073 966 3117 ac
989 3052 1114 3116 sicum
1135 3051 1209 3116 Deo
1261 3053 1476 3135 pertingeret,
1509 3051 1599 3133 pacis
1632 3049 1855 3114 restituendae
1887 3051 2049 3132 interpres
2081 3071 2152 3115 esso
2184 3072 2242 3133 po·

228 3131 398 3216 litigarent
425 3134 512 3215 quod
538 3136 698 3200 mundum
720 3143 790 3200 tam
810 3158 883 3202 sero
901 3137 1077 3215 creavcrit,
1106 3159 1209 3219 quum
1261 3145 1354 3203 terat.
1401 3137 1485 3218 Quis
1507 3143 1618 3201 autem
1638 3135 1847 3219 pertigisset?
1877 3137 2080 3220 quispiamnc
2103 3158 2145 3200 ex
2165 3136 2243 3201 filiis

228 3234 340 3302 posset
360 3220 400 3283 ab
422 3219 516 3283 initio
523 3244 531 3298 ;
559 3220 646 3303 quod
673 3221 817 3287 alternas
838 3223 927 3288 viccs
949 3224 1035 3287 inter
1057 3223 1210 3308 hyemem
1261 3222 1392 3288 Adam?
1426 3224 1531 3306 Atqui
1553 3244 1667 3287 omnes
1689 3244 1764 3288 cum
1785 3230 1920 3304 parente
1943 3243 2001 3285 suc
2024 3220 2066 3286 ad
2089 3243 2244 3306 eonspec-

228 3306 274 3368 et'
295 3311 467 3383 aestatem,
506 3307 591 3371 inter
623 3307 710 3372 diem
742 3316 775 3373 et
803 3316 932 3374 nectem
961 3330 1033 3375 esso
1059 3308 1208 3374 voluerit.
1261 3317 1334 3374 tum
1355 3309 1419 3373 Dei
1441 3308 1627 3373 horrebant
1662 3308 1868 3391 Angelorum
1891 3307 2031 3390 aliquis?
2067 3305 2244 3374 Sedenim

228 3388 298 3456 Nos
319 3412 398 3455 vero
420 3390 521 3475 (quod
543 3394 664 3458 sentire
686 3415 800 3460 omnes
821 3395 868 3479 pii
891 3395 1026 3479 debent)
1053 3392 1211 3478 quidquid
1260 3395 1309 3460 illi
1331 3416 1459 3478 quoque
1481 3417 1563 3478 opus
1586 3393 1752 3460 habebant
1772 3395 1891 3476 capite,
1919 3415 1978 3476 per
2006 3394 2099 3459 cuius
2119 3416 2243 3459 noxum

228 3476 341 3540 aDeo
364 3477 569 3557 factumest,
593 3480 918 3561 sapienteretiuste
939 3482 1064 3547 facturn
1085 3503 1127 3545 nc
1150 3481 1210 3545 du·
1262 3480 1363 3547 solide
1394 3490 1427 3545 et
1460 3481 1652 3546 indistraete
1685 3481 1757 3545 Deo
1791 3502 1851 3545 suo
1884 3481 2106 3545 cohaererent
2152 3479 2243 3561 Quid

227 3561 384 3641 bitemus;
414 3564 541 3628 etiamsi
569 3586 701 3630 cansam
727 3588 823 3649 saepe
851 3569 1035 3632 nesciamus
1071 3589 1130 3632 cnr
1161 3567 1210 3633 ita
1261 3568 1271 3632 i
1299 3565 1385 3631 tur?
1419 3567 1602 3651 Deplorata
1625 3574 1712 3632 certe
1734 3588 1787 3631 ros
1808 3572 1887 3644 erat
1911 3567 1974 3630 nisi
1995 3565 2150 3631 maiestas
2171 3568 2243 3649 ipsa

226 3648 299 3714 fieri
317 3649 506 3730 oportuerit.
540 3651 614 3716 Hoc
636 3652 723 3715 enim
742 3662 829 3717 esset
846 3653 984 3717 nimium
1006 3653 1101 3719 nobis
1119 3673 1209 3718 arro-
1297 3653 1328 3719 ei
1350 3652 1392 3717 ad
1413 3675 1472 3718 nos
1495 3651 1714 3730 descenderet,
1740 3650 1870 3734 quando
1893 3650 2069 3717 ascendere
2091 3662 2242 3716 nostrum

226 3754 322 3885 gare,
357 3757 422 3799 non
455 3736 632 3801 concedere
657 3738 730 3802 Dec
760 3746 799 3803 ut
831 3740 957 3805 consilii
983 3740 1034 3803 sni
1065 3741 1208 3805 rationes
1261 3762 1328 3804 non
1345 3746 1425 3803 erat.
1458 3740 1513 3804 Ita
1530 3739 1635 3804 filium
1651 3739 1715 3802 Dei
1736 3739 1808 3803 fieri
1830 3736 1923 3803 nobis
1937 3737 2124 3802 Immanuel
2145 3757 2240 3818 opor-

252 3821 348 3885 abeat
369 3843 452 3904 quae
474 3843 533 3886 nos
560 3821 692 3887 lateant.
737 3824 785 3888 At
805 3826 928 3889 mirum
950 3833 1014 3903 est,
1044 3825 1207 3908 inquiunt,
1261 3826 1334 3901 tuit,
1356 3824 1391 3889 id
1413 3832 1463 3889 est
1483 3826 1652 3890 nobiscum
1673 3823 1800 3889 Deum:
1829 3828 1857 3887 et
1878 3824 1936 3888 11αο
1956 3824 2081 3904 quidem
2101 3823 2176 3905 lege,
2206 3828 2241 3886 ut

227 3906 315 3989 quod
338 3930 424 3972 nunc
445 3908 608 3989 pecudum
619 3909 778 3989 victimas,
802 3920 835 3975 et
857 3919 966 3976 toturn
988 3911 1083 3975 illum
1101 3932 1209 3976 sacer·
1260 3916 1372 3976 11111111
1394 3911 1691 3975 antecameram
1712 3911 1867 3975 (1111111111
1893 3908 2100 3973 aluminum
2121 3914 2241 3973 10111111

227 3991 306 4056 dotii
329 3993 452 4058 levitici
476 4002 670 4076 apparatum
692 4004 827 4079 respuat
848 4006 881 4062 et
899 3998 1112 4075 abominetur,
1136 3997 1208 4079 qui-
1260 3999 1342 4061 irater
1373 4017 1406 4062 se
1438 3998 1645 4062 coalesceret.
1694 3996 1829 4078 Alioqui
1859 4018 1919 4061 nee
1951 3993 2031 4059 satis
2056 3994 2240 4076 propinqua

225 4078 288 4143 bus
317 4078 395 4142 elim
422 4079 652 4145 oblectabatur.
696 4081 802 4162 Quasi
828 4105 906 4150 vero
934 4084 1044 4149 Deum
1070 4092 1209 4148 externa
1260 4083 1427 4161 vicinitas,
1455 4105 1516 4150 nec
1544 4083 1687 4146 affinitas
1709 4083 1788 4147 satis
1809 4083 1915 4159 firma,
1938 4077 2026 4144 unde
2047 4080 2142 4144 nobis
2164 4103 2240 4162 spes

203 4162 291 4249 ,ista
324 4172 358 4228 ct
387 4163 509 4230 caduca
536 4166 712 4246 oblectent,
746 4176 804 4233 aut
835 4168 1026 4234 ullomodo
1054 4169 1206 4234 afficiant.
1259 4170 1354 4234 ficret
1374 4169 1484 4232 Deum
1505 4169 1676 4234 nobiscmn
1704 4167 1862 4233 habitare.
1911 4167 2047 4231 Tantum
2068 4172 2137 4231 crat
2160 4169 2241 4232 iuter

225 4248 298 4316 Iam
322 4249 445 4314 dictum
467 4264 524 4328 est,
548 4252 632 4317 nihil
653 4253 772 4318 horum
794 4256 908 4320 fecisse
930 4277 991 4319 sua
1013 4274 1119 4333 causa,
1150 4254 1208 4320 sed
1259 4259 1385 4319 uestras
1406 4255 1513 4320 sordes
1539 4260 1567 4318 et
1591 4273 1749 4319 summam
1769 4254 1835 4319 Dei
1855 4252 2040 4319 munditiem
2058 4252 2240 4319 dissidium.

225 4335 337 4400 omnia
358 4358 418 4419 pro
438 4336 609 4402 hominum
627 4339 731 4405 salute
749 4339 962 4422 dispensasse.
1006 4339 1045 4406 Si
1062 4338 1207 4406 medicus
1262 4341 1414 4422 Quantula
1435 4340 1475 4404 ab
1496 4342 1580 4405 0111111
1601 4340 1669 4406 labe
1686 4341 1802 4424 ietteper
1817 4341 1948 4404 ataine?
1964 4337 2068 4417 1101111,
2090 4338 2241 4405 tamnitica

224 4421 380 4488 iuvenem
409 4424 532 4505 optima
561 4426 687 4489 ratione
716 4447 736 4489 a
762 4426 875 4492 morbo
900 4434 1005 4506 curet,
1034 4427 1071 4490 in
1093 4426 1207 4491 eodem
1259 4431 1363 4492 tumea
1388 4431 1457 4492 erat
1484 4428 1553 4492 eius
1578 4427 1712 4492 0111111110
1739 4446 1834 4508 qaam
1860 4429 1895 4488 at
1921 4425 1990 4489 siue
2009 4425 2179 4490 111εά111011
2198 4427 2241 4490 od

223 4518 338 4590 postea
359 4510 425 4573 iam
447 4531 525 4574 senc
547 4510 611 4576 alio
633 4512 809 4578 curationis
832 4534 953 4597 genere
974 4518 1104 4591 utatur,
1127 4535 1208 4578 num
1259 4511 1365 4578 Deam
1384 4517 1573 4594 penetraret.
1624 4507 1706 4594 Quid
1732 4533 1804 4595 erpo
1831 4510 1955 4575 critiae?
1975 4512 2075 4575 raino
2104 4511 2139 4575 iu
2160 4532 2240 4575 mor-

224 4593 298 4659 ideo
330 4594 476 4661 dicemus
514 4597 624 4679 ipsum
656 4597 808 4663 medendi
840 4600 1002 4664 rationem
1034 4598 1207 4681 repudiare
1258 4603 1318 4663 11111
1338 4603 1366 4664 et
1385 4599 1503 4681 inferos
1523 4600 1697 4677 demersas,
1718 4599 1861 4679 foedata
1880 4601 1923 4661 tot
1943 4597 2093 4675 1111111111,
2115 4617 2240 4676 correp

225 4700 310 4762 qnae
340 4691 438 4746 antea
466 4682 656 4765 placuerat?
701 4684 774 4749 Imo
795 4706 897 4767 quum
919 4687 954 4749 in
976 4685 1033 4751 illa
1055 4695 1207 4751 constan·
1258 4685 1341 4750 tinae
1357 4705 1418 4751 cuo
1435 4686 1578 4767 foetidas,
1600 4686 1732 4765 denique
1752 4684 1880 4749 01111111
1896 4684 1983 4748 muni
1999 4681 2237 4748 111111οἁ11101εὲ

224 4771 277 4829 ter
304 4774 441 4849 perstet,
475 4771 635 4833 rationem
664 4771 780 4836 aetatis
803 4770 910 4837 habet.
956 4769 1013 4838 Sic
1035 4770 1207 4836 Christum
1260 4770 1335 4836 Nou
1354 4792 1426 4856 erpo
1447 4771 1504 4838 obs
1525 4794 1558 4837 re
1573 4770 1700 4836 Paulus
1717 4769 1889 4837 Christum
1909 4789 2092 4852 proponere
2113 4765 2237 4832 media-

225 4849 298 4916 aliis
320 4851 424 4935 signis
445 4860 477 4915 et
500 4855 667 4920 absentem
688 4857 835 4940 figurari
859 4866 892 4924 et
912 4866 1090 4925 venturum
1110 4878 1206 4940 prae-
1258 4862 1363 4923 torem
1395 4859 1523 4937 volens,
1560 4859 1675 4924 diserte
1710 4859 1925 4923 comntemm
1956 4877 2028 4922 esse
2059 4854 2236 4919 hominem.

224 4938 373 5000 nuntiari
394 4939 553 5018 oportuit:
584 4941 657 5006 aliis
683 4964 772 5010 nunc
800 4944 987 5010 exhibitum
1014 4964 1206 5027 repraesen-

222 5020 287 5086 tari
320 5020 420 5099 decet.
477 5021 575 5102 Quod
607 5025 649 5090 ad
681 5029 886 5095 vocationem
918 5031 984 5096 Dei
1016 5030 1115 5096 latins
1146 5051 1206 5113 per

221 5126 336 5173 omncs
368 5108 504 5190 populos
536 5109 573 5173 in
593 5110 744 5211 ‘adventu
773 5113 901 5215 chrisa
929 5137 1079 5199 sparsam
1106 5136 1206 5217 quarn
1327 5149 1356 5214 1)
1374 5147 1451 5201 aaa
1467 5162 1500 5200 aa
1521 5147 1555 5200 11·
1569 5147 1712 5200 mamam
1766 5147 1857 5200 aare
1873 5146 1923 5202 aa
1939 5147 2018 5201 1111
2033 5147 2196 5201 manum
2212 5152 2239 5202 et

221 5202 300 5261 ante
321 5194 437 5275 fuerat,
461 5202 495 5260 et
516 5203 639 5280 granas
660 5205 797 5281 spmtus
818 5201 945 5286 largius
967 5203 1097 5282 effusas,
1119 5224 1204 5286 quis,
1257 5216 1411 5288 1191111011
1517 5215 1689 5282 0111111111
1746 5231 1775 5284 p.
1802 5215 1868 5270 VH.
1887 5216 1912 5283 ς.
1928 5215 2023 5269 8-10.

1259 5032 1463 5041 ----,-
