<?xml version="1.0" encoding="UTF-8"?>
<!DOCTYPE html PUBLIC "-//W3C//DTD XHTML 1.0 Transitional//EN"
    "http://www.w3.org/TR/xhtml1/DTD/xhtml1-transitional.dtd">
<html xmlns="http://www.w3.org/1999/xhtml" xml:lang="en" lang="en">
 <head>
  <title>
</title>
<meta http-equiv="Content-Type" content="text/html;charset=utf-8" />
  <meta name='ocr-system' content='tesseract 3.04.00' />
  <meta name='ocr-capabilities' content='ocr_page ocr_carea ocr_par ocr_line ocrx_word'/>
</head>
<body>
  <div class='ocr_page' id='page_1' title='image "./ioanniscalvinii00cunigoog_0384.png"; bbox 0 0 4672 5842; ppageno 0'>
   <div class='ocr_carea' id='block_1_1' title="bbox 130 1419 2054 1641">
    <p class='ocr_par' dir='ltr' id='par_1_1' title="bbox 130 1419 2054 1641">
     <span class='ocr_line' id='line_1_1' title="bbox 130 1419 2054 1641; baseline 0.005 -10"><span class='ocrx_word' id='word_1_1' title='bbox 130 1497 802 1636; x_wconf 76' lang='lat' dir='ltr'><strong><em>mernrurronls</em></strong></span> <span class='ocrx_word' id='word_1_2' title='bbox 847 1419 1479 1638; x_wconf 69' lang='lat' dir='ltr'><strong><em>camerinum]</em></strong></span> <span class='ocrx_word' id='word_1_3' title='bbox 1522 1504 2054 1641; x_wconf 70' lang='lat' dir='ltr'><strong><em>nannetense</em></strong></span> 
     </span>
    </p>
   </div>
   <div class='ocr_carea' id='block_1_2' title="bbox 835 1763 1359 1871">
    <p class='ocr_par' dir='ltr' id='par_1_2' title="bbox 835 1763 1359 1871">
     <span class='ocr_line' id='line_1_2' title="bbox 835 1763 1359 1871; baseline 0.008 -25"><span class='ocrx_word' id='word_1_4' title='bbox 835 1763 1023 1848; x_wconf 77' lang='lat' dir='ltr'><strong><em>uranu</em></strong></span> <span class='ocrx_word' id='word_1_5' title='bbox 1054 1763 1359 1871; x_wconf 74' lang='lat' dir='ltr'><strong><em>Qunnrue.</em></strong></span> 
     </span>
    </p>
   </div>
   <div class='ocr_carea' id='block_1_3' title="bbox 234 1941 1965 2197">
    <p class='ocr_par' dir='ltr' id='par_1_3' title="bbox 234 1941 1965 2197">
     <span class='ocr_line' id='line_1_3' title="bbox 419 1941 1774 2067; baseline 0.003 -5"><span class='ocrx_word' id='word_1_6' title='bbox 419 1965 513 2062; x_wconf 83' lang='lat' dir='ltr'><strong><em>nu</em></strong></span> <span class='ocrx_word' id='word_1_7' title='bbox 540 1965 877 2066; x_wconf 78' lang='lat' dir='ltr'><strong><em>uxrunnrs</em></strong></span> <span class='ocrx_word' id='word_1_8' title='bbox 904 1968 1142 2067; x_wconf 77' lang='lat' dir='ltr'><strong><em>amous</em></strong></span> <span class='ocrx_word' id='word_1_9' title='bbox 1168 1941 1304 2065; x_wconf 80' lang='lat' dir='ltr'><strong><em>vuu&#39;</em></strong></span> <span class='ocrx_word' id='word_1_10' title='bbox 1329 1967 1774 2067; x_wconf 79' lang='lat' dir='ltr'><strong><em>nuncuucuurs</em></strong></span> 
     </span>
     <span class='ocr_line' id='line_1_4' title="bbox 234 2115 1965 2197; baseline 0.002 -14"><span class='ocrx_word' id='word_1_11' title='bbox 234 2115 407 2197; x_wconf 83' lang='lat' dir='ltr'>QUIBUS</span> <span class='ocrx_word' id='word_1_12' title='bbox 430 2117 554 2184; x_wconf 82' lang='lat' dir='ltr'>DEUS</span> <span class='ocrx_word' id='word_1_13' title='bbox 576 2118 627 2183; x_wconf 90' lang='lat' dir='ltr'><strong><em>IN</em></strong></span> <span class='ocrx_word' id='word_1_14' title='bbox 649 2118 841 2186; x_wconf 78' lang='lat' dir='ltr'><strong>CHRISTI</strong></span> <span class='ocrx_word' id='word_1_15' title='bbox 863 2118 1161 2186; x_wconf 69' lang='lat' dir='ltr'><strong>SOOIE&#39;PATEM</strong></span> <span class='ocrx_word' id='word_1_16' title='bbox 1182 2117 1274 2185; x_wconf 82' lang='lat' dir='ltr'><strong><em>NOS</em></strong></span> <span class='ocrx_word' id='word_1_17' title='bbox 1297 2119 1490 2184; x_wconf 75' lang='lat' dir='ltr'>INVI&#39;PA&#39;P</span> <span class='ocrx_word' id='word_1_18' title='bbox 1512 2119 1571 2183; x_wconf 76' lang='grc' dir='ltr'><strong><em>ΕΤ</em></strong></span> <span class='ocrx_word' id='word_1_19' title='bbox 1593 2118 1644 2183; x_wconf 88' lang='grc' dir='ltr'><strong><em>ΙΝ</em></strong></span> <span class='ocrx_word' id='word_1_20' title='bbox 1666 2120 1730 2183; x_wconf 83' lang='grc' dir='ltr'><strong><em>ΕΑ</em></strong></span> <span class='ocrx_word' id='word_1_21' title='bbox 1752 2119 1965 2188; x_wconf 77' lang='lat' dir='ltr'><strong>RE&#39;PINE&#39;P.</strong></span> 
     </span>
    </p>
   </div>
   <div class='ocr_carea' id='block_1_4' title="bbox 94 2342 2157 2612">
    <p class='ocr_par' dir='ltr' id='par_1_4' title="bbox 94 2342 2157 2612">
     <span class='ocr_line' id='line_1_5' title="bbox 463 2342 2105 2429; baseline 0.001 -20"><span class='ocrx_word' id='word_1_22' title='bbox 463 2342 616 2410; x_wconf 77' lang='lat' dir='ltr'>CAPUT</span> <span class='ocrx_word' id='word_1_23' title='bbox 638 2345 665 2409; x_wconf 92' lang='lat' dir='ltr'><strong><em>I.</em></strong></span> <span class='ocrx_word' id='word_1_24' title='bbox 674 2344 699 2429; x_wconf 90' lang='lat'><strong><em>¹)</em></strong></span> <span class='ocrx_word' id='word_1_25' title='bbox 1126 2344 1194 2408; x_wconf 85' lang='lat' dir='ltr'><strong><em>mut</em></strong></span> <span class='ocrx_word' id='word_1_26' title='bbox 1204 2344 1279 2424; x_wconf 88' lang='lat' dir='ltr'><strong><em>pios</em></strong></span> <span class='ocrx_word' id='word_1_27' title='bbox 1296 2343 1418 2408; x_wconf 67' lang='lat' dir='ltr'><strong><em>uetares</em></strong></span> <span class='ocrx_word' id='word_1_28' title='bbox 1438 2362 1612 2408; x_wconf 78' lang='lat' dir='ltr'><strong><em>reoocauus</em></strong></span> <span class='ocrx_word' id='word_1_29' title='bbox 1629 2364 1651 2406; x_wconf 92' lang='lat' dir='ltr'><strong><em>o</em></strong></span> <span class='ocrx_word' id='word_1_30' title='bbox 1667 2344 1857 2424; x_wconf 70' lang='lat' dir='ltr'><strong><em>corruptelis,</em></strong></span> <span class='ocrx_word' id='word_1_31' title='bbox 1879 2345 1992 2426; x_wconf 71' lang='lat' dir='ltr'><strong><em>putus</em></strong></span> <span class='ocrx_word' id='word_1_32' title='bbox 2012 2352 2105 2411; x_wconf 84' lang='lat' dir='ltr'><strong><em>satan</em></strong></span> 
     </span>
     <span class='ocr_line' id='line_1_6' title="bbox 1126 2428 2157 2510; baseline 0.008 -16"><span class='ocrx_word' id='word_1_33' title='bbox 1126 2431 1162 2494; x_wconf 89' lang='lat' dir='ltr'><strong><em>in</em></strong></span> <span class='ocrx_word' id='word_1_34' title='bbox 1188 2434 1313 2510; x_wconf 87' lang='lat' dir='ltr'><strong><em>papatu</em></strong></span> <span class='ocrx_word' id='word_1_35' title='bbox 1346 2428 1534 2494; x_wconf 67' lang='lat' dir='ltr'><strong><em>adulteravit</em></strong></span> <span class='ocrx_word' id='word_1_36' title='bbox 1568 2448 1764 2509; x_wconf 76' lang='lat' dir='ltr'><strong><em>quoemrtoue</em></strong></span> <span class='ocrx_word' id='word_1_37' title='bbox 1790 2429 1881 2495; x_wconf 86' lang='lat' dir='ltr'><strong><em>Deus</em></strong></span> <span class='ocrx_word' id='word_1_38' title='bbox 1911 2432 1947 2495; x_wconf 89' lang='lat' dir='ltr'><strong><em>iu</em></strong></span> <span class='ocrx_word' id='word_1_39' title='bbox 1973 2431 2106 2498; x_wconf 66' lang='lat' dir='ltr'><strong><em>sacua»</em></strong></span> <span class='ocrx_word' id='word_1_40' title='bbox 2150 2490 2157 2502; x_wconf 92' lang='grc'><em>,</em></span> 
     </span>
     <span class='ocr_line' id='line_1_7' title="bbox 94 2503 2105 2612; baseline 0.002 -28"><span class='ocrx_word' id='word_1_41' title='bbox 94 2503 163 2585; x_wconf 89' lang='lat' dir='ltr'><strong><em>De</em></strong></span> <span class='ocrx_word' id='word_1_42' title='bbox 190 2531 290 2585; x_wconf 87' lang='lat' dir='ltr'><strong><em>vera</em></strong></span> <span class='ocrx_word' id='word_1_43' title='bbox 319 2503 496 2587; x_wconf 84' lang='lat' dir='ltr'><strong><em>ecclesia</em></strong></span> <span class='ocrx_word' id='word_1_44' title='bbox 520 2532 617 2585; x_wconf 90' lang='lat' dir='ltr'><strong><em>cum</em></strong></span> <span class='ocrx_word' id='word_1_45' title='bbox 644 2532 729 2612; x_wconf 90' lang='lat' dir='ltr'><strong><em>qua</em></strong></span> <span class='ocrx_word' id='word_1_46' title='bbox 751 2504 871 2587; x_wconf 83' lang='lat' dir='ltr'><strong><em>nobis</em></strong></span> <span class='ocrx_word' id='word_1_47' title='bbox 899 2505 1074 2588; x_wconf 80' lang='lat' dir='ltr'><strong><em>colenda</em></strong></span> <span class='ocrx_word' id='word_1_48' title='bbox 1126 2521 1264 2580; x_wconf 70' lang='lat' dir='ltr'><strong><em>usuam</em></strong></span> <span class='ocrx_word' id='word_1_49' title='bbox 1285 2515 1503 2579; x_wconf 70' lang='lat' dir='ltr'><strong><em>destinaverat.</em></strong></span> <span class='ocrx_word' id='word_1_50' title='bbox 1542 2514 1702 2596; x_wconf 75' lang='lat' dir='ltr'><strong><em>Inopiam</em></strong></span> <span class='ocrx_word' id='word_1_51' title='bbox 1723 2521 1826 2580; x_wconf 79' lang='lat' dir='ltr'><strong><em>onum</em></strong></span> <span class='ocrx_word' id='word_1_52' title='bbox 1848 2515 1887 2580; x_wconf 84' lang='lat' dir='ltr'><strong><em>co</em></strong></span> <span class='ocrx_word' id='word_1_53' title='bbox 1909 2517 2049 2582; x_wconf 71' lang='lat' dir='ltr'><strong><em>causin-</em></strong></span> <span class='ocrx_word' id='word_1_54' title='bbox 2070 2521 2105 2584; x_wconf 83' lang='lat' dir='ltr'><strong><em>in</em></strong></span> 
     </span>
    </p>
   </div>
   <div class='ocr_carea' id='block_1_5' title="bbox 94 2600 2106 2769">
    <p class='ocr_par' dir='ltr' id='par_1_5' title="bbox 94 2600 2106 2769">
     <span class='ocr_line' id='line_1_8' title="bbox 94 2600 2106 2769; baseline 0.016 -44"><span class='ocrx_word' id='word_1_55' title='bbox 94 2635 161 2706; x_wconf 77' lang='lat' dir='ltr'><strong><em>est</em></strong></span> <span class='ocrx_word' id='word_1_56' title='bbox 192 2623 352 2730; x_wconf 74' lang='lat' dir='ltr'><strong><em>unitas,</em></strong></span> <span class='ocrx_word' id='word_1_57' title='bbox 391 2623 688 2735; x_wconf 65' lang='lat' dir='ltr'><strong><em>quintiorum</em></strong></span> <span class='ocrx_word' id='word_1_58' title='bbox 719 2624 906 2707; x_wconf 83' lang='lat' dir='ltr'><strong><em>omnium</em></strong></span> <span class='ocrx_word' id='word_1_59' title='bbox 937 2637 1075 2708; x_wconf 64' lang='lat' dir='ltr'><strong><em>mne</em></strong></span> <span class='ocrx_word' id='word_1_60' title='bbox 1126 2600 2106 2769; x_wconf 49' lang='lat' dir='ltr'><strong><em>ttdtttttttd,ittotttttttttt</em></strong></span> 
     </span>
    </p>
   </div>
   <div class='ocr_carea' id='block_1_6' title="bbox 88 2755 2127 5082">
    <p class='ocr_par' dir='ltr' id='par_1_6' title="bbox 88 2755 2127 5082">
     <span class='ocr_line' id='line_1_9' title="bbox 548 2755 2104 2856; baseline 0.003 -19"><span class='ocrx_word' id='word_1_61' title='bbox 548 2755 624 2826; x_wconf 63' lang='lat'><strong>08²0·</strong></span> <span class='ocrx_word' id='word_1_62' title='bbox 1126 2776 1200 2837; x_wconf 87' lang='lat' dir='ltr'><strong><em>sunt</em></strong></span> <span class='ocrx_word' id='word_1_63' title='bbox 1217 2791 1254 2836; x_wconf 86' lang='lat' dir='ltr'><strong><em>ac</em></strong></span> <span class='ocrx_word' id='word_1_64' title='bbox 1265 2773 1369 2853; x_wconf 87' lang='lat' dir='ltr'><strong><em>pueri,</em></strong></span> <span class='ocrx_word' id='word_1_65' title='bbox 1391 2773 1446 2836; x_wconf 84' lang='lat' dir='ltr'><strong><em>scd</em></strong></span> <span class='ocrx_word' id='word_1_66' title='bbox 1467 2791 1545 2837; x_wconf 86' lang='lat' dir='ltr'><strong><em>curo</em></strong></span> <span class='ocrx_word' id='word_1_67' title='bbox 1566 2773 1660 2837; x_wconf 88' lang='lat' dir='ltr'><strong><em>etiam</em></strong></span> <span class='ocrx_word' id='word_1_68' title='bbox 1680 2778 1821 2838; x_wconf 68' lang='lat' dir='ltr'><strong><em>maurus</em></strong></span> <span class='ocrx_word' id='word_1_69' title='bbox 1841 2779 1989 2856; x_wconf 78' lang='lat' dir='ltr'><strong><em>repnentur</em></strong></span> <span class='ocrx_word' id='word_1_70' title='bbox 2010 2775 2104 2842; x_wconf 84' lang='lat' dir='ltr'><strong><em>donoc</em></strong></span> 
     </span>
     <span class='ocr_line' id='line_1_10' title="bbox 1127 2859 2103 2940; baseline 0.003 -17"><span class='ocrx_word' id='word_1_71' title='bbox 1127 2859 1322 2935; x_wconf 61' lang='lat' dir='ltr'><strong><em>mutescant,</em></strong></span> <span class='ocrx_word' id='word_1_72' title='bbox 1358 2878 1395 2922; x_wconf 89' lang='lat' dir='ltr'><strong><em>oc</em></strong></span> <span class='ocrx_word' id='word_1_73' title='bbox 1428 2859 1554 2923; x_wconf 71' lang='lat' dir='ltr'><strong><em>unam</em></strong></span> <span class='ocrx_word' id='word_1_74' title='bbox 1583 2859 1770 2939; x_wconf 82' lang='lat' dir='ltr'><strong><em>perueniant</em></strong></span> <span class='ocrx_word' id='word_1_75' title='bbox 1805 2859 1848 2923; x_wconf 88' lang='lat' dir='ltr'><strong><em>ad</em></strong></span> <span class='ocrx_word' id='word_1_76' title='bbox 1880 2859 1956 2940; x_wconf 73' lang='lat' dir='ltr'><strong><em>fidei</em></strong></span> <span class='ocrx_word' id='word_1_77' title='bbox 1982 2866 2103 2926; x_wconf 68' lang='lat' dir='ltr'><strong><em>rutam</em></strong></span> 
     </span>
     <span class='ocr_line' id='line_1_11' title="bbox 185 2942 2105 3028; baseline 0.003 -22"><span class='ocrx_word' id='word_1_78' title='bbox 185 2949 210 3008; x_wconf 93' lang='lat' dir='ltr'><strong><em>l.</em></strong></span> <span class='ocrx_word' id='word_1_79' title='bbox 257 2943 340 3009; x_wconf 85' lang='lat' dir='ltr'><strong><em>Fide</em></strong></span> <span class='ocrx_word' id='word_1_80' title='bbox 360 2945 513 3028; x_wconf 77' lang='lat' dir='ltr'><strong><em>eooupeiii</em></strong></span> <span class='ocrx_word' id='word_1_81' title='bbox 537 2943 697 3010; x_wconf 76' lang='lat' dir='ltr'><strong><em>Cirristum</em></strong></span> <span class='ocrx_word' id='word_1_82' title='bbox 716 2944 789 3025; x_wconf 73' lang='lat' dir='ltr'><strong><em>fieri</em></strong></span> <span class='ocrx_word' id='word_1_83' title='bbox 809 2951 958 3026; x_wconf 87' lang='lat' dir='ltr'><strong><em>nostrum,</em></strong></span> <span class='ocrx_word' id='word_1_84' title='bbox 981 2952 1008 3011; x_wconf 91' lang='lat' dir='ltr'><strong><em>et</em></strong></span> <span class='ocrx_word' id='word_1_85' title='bbox 1029 2947 1076 3013; x_wconf 84' lang='lat' dir='ltr'><strong><em>ai-</em></strong></span> <span class='ocrx_word' id='word_1_86' title='bbox 1127 2944 1215 3008; x_wconf 88' lang='lat' dir='ltr'><strong><em>Haec</em></strong></span> <span class='ocrx_word' id='word_1_87' title='bbox 1237 2944 1320 3009; x_wconf 87' lang='lat' dir='ltr'><strong><em>enirn</em></strong></span> <span class='ocrx_word' id='word_1_88' title='bbox 1342 2964 1422 3024; x_wconf 76' lang='lat' dir='ltr'><strong><em>quoe</em></strong></span> <span class='ocrx_word' id='word_1_89' title='bbox 1440 2942 1529 3008; x_wconf 86' lang='lat' dir='ltr'><strong><em>Deus</em></strong></span> <span class='ocrx_word' id='word_1_90' title='bbox 1551 2944 1712 3009; x_wconf 80' lang='lat' dir='ltr'><strong><em>coniurccit</em></strong></span> <span class='ocrx_word' id='word_1_91' title='bbox 1735 2946 1883 3024; x_wconf 86' lang='lat' dir='ltr'><strong><em>separari</em></strong></span> <span class='ocrx_word' id='word_1_92' title='bbox 1903 2945 1958 3026; x_wconf 84' lang='lat' dir='ltr'><strong><em>fos</em></strong></span> <span class='ocrx_word' id='word_1_93' title='bbox 1981 2968 2043 3012; x_wconf 76' lang='lat' dir='ltr'><strong><em>noro</em></strong></span> <span class='ocrx_word' id='word_1_94' title='bbox 2060 2951 2105 3012; x_wconf 87' lang='lat' dir='ltr'><strong><em>est</em></strong></span> 
     </span>
     <span class='ocr_line' id='line_1_12' title="bbox 93 3028 2104 3114; baseline 0.001 -20"><span class='ocrx_word' id='word_1_95' title='bbox 93 3031 176 3096; x_wconf 85' lang='lat' dir='ltr'><strong><em>lotae</em></strong></span> <span class='ocrx_word' id='word_1_96' title='bbox 205 3030 244 3094; x_wconf 84' lang='lat' dir='ltr'><strong><em>ab</em></strong></span> <span class='ocrx_word' id='word_1_97' title='bbox 272 3051 305 3095; x_wconf 90' lang='lat' dir='ltr'><strong><em>co</em></strong></span> <span class='ocrx_word' id='word_1_98' title='bbox 333 3029 446 3096; x_wconf 80' lang='lat' dir='ltr'><strong><em>salutis</em></strong></span> <span class='ocrx_word' id='word_1_99' title='bbox 466 3036 675 3113; x_wconf 69' lang='lat' dir='ltr'><strong><em>anumepue</em></strong></span> <span class='ocrx_word' id='word_1_100' title='bbox 699 3032 901 3098; x_wconf 81' lang='lat' dir='ltr'><strong><em>beatitudiuis</em></strong></span> <span class='ocrx_word' id='word_1_101' title='bbox 928 3053 985 3098; x_wconf 89' lang='lat' dir='ltr'><strong><em>nos</em></strong></span> <span class='ocrx_word' id='word_1_102' title='bbox 1003 3033 1076 3114; x_wconf 70' lang='lat' dir='ltr'><strong><em>ficri</em></strong></span> <span class='ocrx_word' id='word_1_103' title='bbox 1127 3029 1262 3113; x_wconf 85' lang='lat' dir='ltr'><strong><em>(Matth.</em></strong></span> <span class='ocrx_word' id='word_1_104' title='bbox 1280 3035 1329 3108; x_wconf 86' lang='lat'><strong><em>10,</em></strong></span> <span class='ocrx_word' id='word_1_105' title='bbox 1349 3029 1393 3112; x_wconf 88' lang='grc'><strong><em>9),</em></strong></span> <span class='ocrx_word' id='word_1_106' title='bbox 1412 3035 1456 3108; x_wconf 91' lang='lat' dir='ltr'><strong><em>ut,</em></strong></span> <span class='ocrx_word' id='word_1_107' title='bbox 1473 3028 1587 3110; x_wconf 77' lang='lat' dir='ltr'><strong><em>quihus</em></strong></span> <span class='ocrx_word' id='word_1_108' title='bbox 1603 3031 1671 3110; x_wconf 81' lang='lat' dir='ltr'><strong><em>ipsc</em></strong></span> <span class='ocrx_word' id='word_1_109' title='bbox 1688 3035 1731 3094; x_wconf 85' lang='lat' dir='ltr'><strong><em>est</em></strong></span> <span class='ocrx_word' id='word_1_110' title='bbox 1742 3035 1844 3112; x_wconf 88' lang='lat' dir='ltr'><strong><em>poter,</em></strong></span> <span class='ocrx_word' id='word_1_111' title='bbox 1866 3031 1993 3097; x_wconf 86' lang='lat' dir='ltr'><strong><em>ecclesia</em></strong></span> <span class='ocrx_word' id='word_1_112' title='bbox 2010 3033 2104 3097; x_wconf 78' lang='lat' dir='ltr'><strong><em>ettam</em></strong></span> 
     </span>
     <span class='ocr_line' id='line_1_13' title="bbox 88 3114 2105 3200; baseline 0 -20"><span class='ocrx_word' id='word_1_113' title='bbox 88 3117 273 3197; x_wconf 69' lang='lat' dir='ltr'><strong><em>participes,</em></strong></span> <span class='ocrx_word' id='word_1_114' title='bbox 289 3118 438 3197; x_wconf 62' lang='lat' dir='ltr'><strong><em>monimo</em></strong></span> <span class='ocrx_word' id='word_1_115' title='bbox 460 3117 537 3182; x_wconf 82' lang='lat' dir='ltr'><strong><em>libro</em></strong></span> <span class='ocrx_word' id='word_1_116' title='bbox 559 3118 733 3198; x_wconf 75' lang='lat' dir='ltr'><strong><em>expositum</em></strong></span> <span class='ocrx_word' id='word_1_117' title='bbox 752 3118 824 3199; x_wconf 78' lang='lat' dir='ltr'><strong><em>fuit.</em></strong></span> <span class='ocrx_word' id='word_1_118' title='bbox 867 3119 950 3199; x_wconf 80' lang='lat' dir='ltr'><strong><em>Quia</em></strong></span> <span class='ocrx_word' id='word_1_119' title='bbox 971 3124 1076 3184; x_wconf 79' lang='lat' dir='ltr'><strong><em>auru</em></strong></span> <span class='ocrx_word' id='word_1_120' title='bbox 1127 3121 1226 3180; x_wconf 85' lang='lat' dir='ltr'><strong><em>mater</em></strong></span> <span class='ocrx_word' id='word_1_121' title='bbox 1252 3116 1310 3194; x_wconf 79' lang='lat' dir='ltr'><strong><em>eit,-</em></strong></span> <span class='ocrx_word' id='word_1_122' title='bbox 1342 3136 1438 3197; x_wconf 80' lang='lat' dir='ltr'><strong><em>neque</em></strong></span> <span class='ocrx_word' id='word_1_123' title='bbox 1464 3116 1499 3180; x_wconf 88' lang='lat' dir='ltr'><strong><em>id</em></strong></span> <span class='ocrx_word' id='word_1_124' title='bbox 1525 3115 1582 3179; x_wconf 75' lang='lat' dir='ltr'><strong><em>sco</em></strong></span> <span class='ocrx_word' id='word_1_125' title='bbox 1610 3114 1673 3198; x_wconf 82' lang='lat' dir='ltr'><strong><em>iepe</em></strong></span> <span class='ocrx_word' id='word_1_126' title='bbox 1699 3117 1802 3194; x_wconf 89' lang='lat' dir='ltr'><strong><em>ruodo,</em></strong></span> <span class='ocrx_word' id='word_1_127' title='bbox 1836 3117 1890 3180; x_wconf 90' lang='lat' dir='ltr'><strong><em>scd</em></strong></span> <span class='ocrx_word' id='word_1_128' title='bbox 1915 3118 2009 3181; x_wconf 84' lang='lat' dir='ltr'><strong><em>ctiam</em></strong></span> <span class='ocrx_word' id='word_1_129' title='bbox 2032 3123 2105 3200; x_wconf 86' lang='lat' dir='ltr'><strong><em>post</em></strong></span> 
     </span>
     <span class='ocr_line' id='line_1_14' title="bbox 94 3200 2104 3288; baseline 0.002 -24"><span class='ocrx_word' id='word_1_130' title='bbox 94 3201 221 3266; x_wconf 75' lang='lat' dir='ltr'><strong><em>ruditas</em></strong></span> <span class='ocrx_word' id='word_1_131' title='bbox 241 3208 349 3266; x_wconf 87' lang='lat' dir='ltr'><strong><em>nostro</em></strong></span> <span class='ocrx_word' id='word_1_132' title='bbox 371 3207 400 3266; x_wconf 91' lang='lat' dir='ltr'><strong><em>ct</em></strong></span> <span class='ocrx_word' id='word_1_133' title='bbox 421 3203 574 3285; x_wconf 77' lang='lat' dir='ltr'><strong><em>sepuities,</em></strong></span> <span class='ocrx_word' id='word_1_134' title='bbox 596 3203 677 3268; x_wconf 87' lang='lat' dir='ltr'><strong><em>addo</em></strong></span> <span class='ocrx_word' id='word_1_135' title='bbox 698 3205 794 3268; x_wconf 87' lang='lat' dir='ltr'><strong><em>etium</em></strong></span> <span class='ocrx_word' id='word_1_136' title='bbox 814 3206 935 3288; x_wconf 80' lang='lat' dir='ltr'><strong><em>inperii</em></strong></span> <span class='ocrx_word' id='word_1_137' title='bbox 953 3207 1076 3270; x_wconf 85' lang='lat' dir='ltr'><strong><em>couita·</em></strong></span> <span class='ocrx_word' id='word_1_138' title='bbox 1129 3200 1247 3266; x_wconf 78' lang='lat' dir='ltr'><strong><em>Christi</em></strong></span> <span class='ocrx_word' id='word_1_139' title='bbox 1267 3202 1439 3281; x_wconf 79' lang='lat' dir='ltr'><strong><em>adratum,</em></strong></span> <span class='ocrx_word' id='word_1_140' title='bbox 1461 3205 1533 3265; x_wconf 80' lang='lat' dir='ltr'><strong><em>teste</em></strong></span> <span class='ocrx_word' id='word_1_141' title='bbox 1557 3200 1660 3266; x_wconf 86' lang='lat' dir='ltr'><strong><em>Pouio</em></strong></span> <span class='ocrx_word' id='word_1_142' title='bbox 1681 3200 1771 3283; x_wconf 81' lang='lat' dir='ltr'><strong><em>(Gal.</em></strong></span> <span class='ocrx_word' id='word_1_143' title='bbox 1791 3207 1821 3279; x_wconf 78' lang='lat'><strong><em>4,</em></strong></span> <span class='ocrx_word' id='word_1_144' title='bbox 1841 3202 1907 3287; x_wconf 87' lang='lat'><strong><em>26),</em></strong></span> <span class='ocrx_word' id='word_1_145' title='bbox 1931 3205 1986 3283; x_wconf 75' lang='lat' dir='ltr'><strong><em>qui</em></strong></span> <span class='ocrx_word' id='word_1_146' title='bbox 2006 3224 2104 3269; x_wconf 86' lang='lat' dir='ltr'><strong><em>nouae</em></strong></span> 
     </span>
     <span class='ocr_line' id='line_1_15' title="bbox 94 3287 1947 3372; baseline 0.001 -23"><span class='ocrx_word' id='word_1_147' title='bbox 94 3292 169 3364; x_wconf 88' lang='lat' dir='ltr'><strong><em>tern,</em></strong></span> <span class='ocrx_word' id='word_1_148' title='bbox 192 3289 329 3352; x_wconf 65' lang='lat' dir='ltr'><strong><em>eneruis</em></strong></span> <span class='ocrx_word' id='word_1_149' title='bbox 350 3289 504 3353; x_wconf 84' lang='lat' dir='ltr'><strong><em>subsidiis</em></strong></span> <span class='ocrx_word' id='word_1_150' title='bbox 526 3289 678 3371; x_wconf 82' lang='lat' dir='ltr'><strong><em>indipeut,</em></strong></span> <span class='ocrx_word' id='word_1_151' title='bbox 699 3290 813 3369; x_wconf 79' lang='lat' dir='ltr'><strong><em>quibus</em></strong></span> <span class='ocrx_word' id='word_1_152' title='bbox 831 3291 911 3372; x_wconf 76' lang='lat' dir='ltr'><strong><em>{ides</em></strong></span> <span class='ocrx_word' id='word_1_153' title='bbox 931 3292 967 3354; x_wconf 88' lang='lat' dir='ltr'><strong><em>iu</em></strong></span> <span class='ocrx_word' id='word_1_154' title='bbox 987 3291 1076 3356; x_wconf 78' lang='lat' dir='ltr'><strong><em>orabis</em></strong></span> <span class='ocrx_word' id='word_1_155' title='bbox 1127 3288 1311 3353; x_wconf 81' lang='lat' dir='ltr'><strong><em>ctooeicstis</em></strong></span> <span class='ocrx_word' id='word_1_156' title='bbox 1333 3287 1569 3368; x_wconf 80' lang='lat' dir='ltr'><strong><em>Hierosoipruoe</em></strong></span> <span class='ocrx_word' id='word_1_157' title='bbox 1590 3307 1646 3352; x_wconf 86' lang='lat' dir='ltr'><strong><em>uos</em></strong></span> <span class='ocrx_word' id='word_1_158' title='bbox 1667 3308 1732 3352; x_wconf 86' lang='lat' dir='ltr'><strong><em>esse</em></strong></span> <span class='ocrx_word' id='word_1_159' title='bbox 1750 3287 1834 3367; x_wconf 77' lang='lat' dir='ltr'><strong><em>tilios</em></strong></span> <span class='ocrx_word' id='word_1_160' title='bbox 1856 3289 1947 3354; x_wconf 87' lang='lat' dir='ltr'><strong><em>docet.</em></strong></span> 
     </span>
     <span class='ocr_line' id='line_1_16' title="bbox 95 3372 2104 3459; baseline 0.004 -24"><span class='ocrx_word' id='word_1_161' title='bbox 95 3377 123 3436; x_wconf 94' lang='lat' dir='ltr'><strong><em>et</em></strong></span> <span class='ocrx_word' id='word_1_162' title='bbox 143 3373 292 3455; x_wconf 79' lang='lat' dir='ltr'><strong><em>pipuatur</em></strong></span> <span class='ocrx_word' id='word_1_163' title='bbox 312 3380 341 3438; x_wconf 90' lang='lat' dir='ltr'><strong><em>et</em></strong></span> <span class='ocrx_word' id='word_1_164' title='bbox 357 3379 510 3457; x_wconf 81' lang='lat' dir='ltr'><strong><em>aupescot,</em></strong></span> <span class='ocrx_word' id='word_1_165' title='bbox 532 3379 650 3439; x_wconf 87' lang='lat' dir='ltr'><strong><em>etsuoe</em></strong></span> <span class='ocrx_word' id='word_1_166' title='bbox 664 3375 961 3459; x_wconf 73' lang='lat' dir='ltr'><strong><em>faciatpropressus</em></strong></span> <span class='ocrx_word' id='word_1_167' title='bbox 977 3397 1076 3458; x_wconf 80' lang='lat' dir='ltr'><strong><em>usqrce</em></strong></span> <span class='ocrx_word' id='word_1_168' title='bbox 1214 3377 1243 3437; x_wconf 82' lang='lat'><strong><em>2.</em></strong></span> <span class='ocrx_word' id='word_1_169' title='bbox 1289 3372 1331 3437; x_wconf 86' lang='lat' dir='ltr'><strong><em>In</em></strong></span> <span class='ocrx_word' id='word_1_170' title='bbox 1352 3372 1500 3456; x_wconf 65' lang='lat' dir='ltr'><strong><em>pundo,</em></strong></span> <span class='ocrx_word' id='word_1_171' title='bbox 1520 3372 1575 3437; x_wconf 83' lang='lat' dir='ltr'><strong><em>ubi</em></strong></span> <span class='ocrx_word' id='word_1_172' title='bbox 1590 3373 1777 3454; x_wconf 70' lang='lat' dir='ltr'><strong><em>profitentur</em></strong></span> <span class='ocrx_word' id='word_1_173' title='bbox 1796 3392 1853 3437; x_wconf 82' lang='lat' dir='ltr'><strong><em>uos</em></strong></span> <span class='ocrx_word' id='word_1_174' title='bbox 1874 3375 1994 3439; x_wconf 72' lang='lat' dir='ltr'><strong><em>credcw</em></strong></span> <span class='ocrx_word' id='word_1_175' title='bbox 2015 3376 2104 3442; x_wconf 80' lang='lat' dir='ltr'><strong><em>cocio·</em></strong></span> 
     </span>
     <span class='ocr_line' id='line_1_17' title="bbox 95 3458 2102 3544; baseline 0.002 -23"><span class='ocrx_word' id='word_1_176' title='bbox 95 3458 138 3521; x_wconf 90' lang='lat' dir='ltr'><strong><em>ad</em></strong></span> <span class='ocrx_word' id='word_1_177' title='bbox 165 3463 293 3536; x_wconf 62' lang='lat' dir='ltr'><strong><em>metam</em></strong></span> <span class='ocrx_word' id='word_1_178' title='bbox 321 3479 358 3523; x_wconf 88' lang='lat' dir='ltr'><strong><em>ea</em></strong></span> <span class='ocrx_word' id='word_1_179' title='bbox 384 3480 502 3542; x_wconf 78' lang='lat' dir='ltr'><strong><em>quoque</em></strong></span> <span class='ocrx_word' id='word_1_180' title='bbox 524 3459 614 3525; x_wconf 71' lang='lat' dir='ltr'><strong><em>Deis</em></strong></span> <span class='ocrx_word' id='word_1_181' title='bbox 640 3462 779 3540; x_wconf 76' lang='lat' dir='ltr'><strong><em>addidit,</em></strong></span> <span class='ocrx_word' id='word_1_182' title='bbox 808 3483 867 3543; x_wconf 83' lang='lat' dir='ltr'><strong><em>quo</em></strong></span> <span class='ocrx_word' id='word_1_183' title='bbox 893 3463 1076 3542; x_wconf 73' lang='lat' dir='ltr'><strong><em>infirmitati</em></strong></span> <span class='ocrx_word' id='word_1_184' title='bbox 1127 3459 1218 3537; x_wconf 67' lang='lat' dir='ltr'><strong><em>mom,</em></strong></span> <span class='ocrx_word' id='word_1_185' title='bbox 1240 3460 1276 3524; x_wconf 89' lang='lat' dir='ltr'><strong><em>id</em></strong></span> <span class='ocrx_word' id='word_1_186' title='bbox 1293 3480 1355 3524; x_wconf 87' lang='lat' dir='ltr'><strong><em>nou</em></strong></span> <span class='ocrx_word' id='word_1_187' title='bbox 1371 3460 1471 3524; x_wconf 82' lang='lat' dir='ltr'><strong><em>sotum</em></strong></span> <span class='ocrx_word' id='word_1_188' title='bbox 1488 3460 1532 3524; x_wconf 92' lang='lat' dir='ltr'><strong><em>ad</em></strong></span> <span class='ocrx_word' id='word_1_189' title='bbox 1548 3458 1712 3538; x_wconf 56' lang='lat' dir='ltr'><strong><em>oisifflieno,</em></strong></span> <span class='ocrx_word' id='word_1_190' title='bbox 1735 3459 1853 3540; x_wconf 80' lang='lat' dir='ltr'><strong><em>dequo</em></strong></span> <span class='ocrx_word' id='word_1_191' title='bbox 1869 3481 1952 3525; x_wconf 82' lang='lat' dir='ltr'><strong><em>nuuc</em></strong></span> <span class='ocrx_word' id='word_1_192' title='bbox 1968 3461 2102 3544; x_wconf 84' lang='lat' dir='ltr'><strong><em>apimus,</em></strong></span> 
     </span>
     <span class='ocr_line' id='line_1_18' title="bbox 95 3545 2104 3631; baseline 0.002 -24"><span class='ocrx_word' id='word_1_193' title='bbox 95 3548 220 3608; x_wconf 73' lang='lat' dir='ltr'><strong><em>nomae</em></strong></span> <span class='ocrx_word' id='word_1_194' title='bbox 242 3545 422 3624; x_wconf 76' lang='lat' dir='ltr'><strong><em>consuleret,</em></strong></span> <span class='ocrx_word' id='word_1_195' title='bbox 451 3551 556 3626; x_wconf 72' lang='lat' dir='ltr'><strong><em>douc,</em></strong></span> <span class='ocrx_word' id='word_1_196' title='bbox 583 3550 618 3610; x_wconf 89' lang='lat' dir='ltr'><strong><em>ut</em></strong></span> <span class='ocrx_word' id='word_1_197' title='bbox 642 3548 756 3630; x_wconf 80' lang='lat' dir='ltr'><strong><em>ciperet</em></strong></span> <span class='ocrx_word' id='word_1_198' title='bbox 778 3549 929 3631; x_wconf 87' lang='lat' dir='ltr'><strong><em>eoanpciii</em></strong></span> <span class='ocrx_word' id='word_1_199' title='bbox 945 3551 1075 3630; x_wconf 79' lang='lat' dir='ltr'><strong><em>praedi-</em></strong></span> <span class='ocrx_word' id='word_1_200' title='bbox 1127 3545 1275 3625; x_wconf 74' lang='lat' dir='ltr'><strong><em>refertur,</em></strong></span> <span class='ocrx_word' id='word_1_201' title='bbox 1303 3546 1356 3610; x_wconf 85' lang='lat' dir='ltr'><strong><em>sed</em></strong></span> <span class='ocrx_word' id='word_1_202' title='bbox 1378 3547 1421 3611; x_wconf 92' lang='lat' dir='ltr'><strong><em>ad</em></strong></span> <span class='ocrx_word' id='word_1_203' title='bbox 1441 3565 1545 3609; x_wconf 68' lang='lat' dir='ltr'><strong><em>annm</em></strong></span> <span class='ocrx_word' id='word_1_204' title='bbox 1566 3545 1810 3627; x_wconf 66' lang='lat' dir='ltr'><strong><em>quarceelcctos</em></strong></span> <span class='ocrx_word' id='word_1_205' title='bbox 1831 3545 1895 3610; x_wconf 91' lang='lat' dir='ltr'><strong><em>Dei</em></strong></span> <span class='ocrx_word' id='word_1_206' title='bbox 1916 3547 2104 3629; x_wconf 79' lang='lat' dir='ltr'><strong><em>inquorum</em></strong></span> 
     </span>
     <span class='ocr_line' id='line_1_19' title="bbox 96 3629 2104 3716; baseline 0.001 -22"><span class='ocrx_word' id='word_1_207' title='bbox 96 3631 192 3706; x_wconf 89' lang='lat' dir='ltr'><strong><em>catio,</em></strong></span> <span class='ocrx_word' id='word_1_208' title='bbox 223 3629 406 3695; x_wconf 79' lang='lat' dir='ltr'><strong><em>thesaurum</em></strong></span> <span class='ocrx_word' id='word_1_209' title='bbox 426 3631 508 3697; x_wconf 78' lang='lat' dir='ltr'><strong><em>tuuc</em></strong></span> <span class='ocrx_word' id='word_1_210' title='bbox 528 3633 616 3712; x_wconf 78' lang='lat' dir='ltr'><strong><em>apecd</em></strong></span> <span class='ocrx_word' id='word_1_211' title='bbox 637 3634 794 3698; x_wconf 69' lang='lat' dir='ltr'><strong><em>euolutam</em></strong></span> <span class='ocrx_word' id='word_1_212' title='bbox 816 3634 966 3716; x_wconf 74' lang='lat' dir='ltr'><strong><em>depmuit</em></strong></span> <span class='ocrx_word' id='word_1_213' title='bbox 1012 3634 1075 3699; x_wconf 83' lang='lat' dir='ltr'><strong><em>Pa-</em></strong></span> <span class='ocrx_word' id='word_1_214' title='bbox 1127 3650 1256 3694; x_wconf 74' lang='lat' dir='ltr'><strong><em>uiuum</em></strong></span> <span class='ocrx_word' id='word_1_215' title='bbox 1289 3631 1583 3712; x_wconf 68' lang='lat' dir='ltr'><strong><em>comprehenduntur</em></strong></span> <span class='ocrx_word' id='word_1_216' title='bbox 1619 3632 1713 3696; x_wconf 89' lang='lat' dir='ltr'><strong><em>etiom</em></strong></span> <span class='ocrx_word' id='word_1_217' title='bbox 1746 3632 1804 3712; x_wconf 78' lang='lat' dir='ltr'><strong><em>qui</em></strong></span> <span class='ocrx_word' id='word_1_218' title='bbox 1838 3638 1933 3696; x_wconf 84' lang='lat' dir='ltr'><strong><em>morte</em></strong></span> <span class='ocrx_word' id='word_1_219' title='bbox 1968 3633 2104 3712; x_wconf 83' lang='lat' dir='ltr'><strong><em>defuncti</em></strong></span> 
     </span>
     <span class='ocr_line' id='line_1_20' title="bbox 94 3716 2103 3802; baseline 0 -21"><span class='ocrx_word' id='word_1_220' title='bbox 94 3721 193 3782; x_wconf 87' lang='lat' dir='ltr'><strong><em>stores</em></strong></span> <span class='ocrx_word' id='word_1_221' title='bbox 214 3717 350 3780; x_wconf 73' lang='lat' dir='ltr'><strong><em>instituit</em></strong></span> <span class='ocrx_word' id='word_1_222' title='bbox 370 3719 561 3787; x_wconf 68' lang='lat' dir='ltr'><strong><em>oc‘doctorcs</em></strong></span> <span class='ocrx_word' id='word_1_223' title='bbox 588 3718 688 3802; x_wconf 80' lang='lat' dir='ltr'><strong><em>(Eph.</em></strong></span> <span class='ocrx_word' id='word_1_224' title='bbox 713 3725 743 3795; x_wconf 78' lang='lat'><strong><em>4,</em></strong></span> <span class='ocrx_word' id='word_1_225' title='bbox 769 3719 839 3802; x_wconf 91' lang='lat' dir='ltr'><strong><em>ll),</em></strong></span> <span class='ocrx_word' id='word_1_226' title='bbox 869 3740 1002 3800; x_wconf 78' lang='lat' dir='ltr'><strong><em>quorum</em></strong></span> <span class='ocrx_word' id='word_1_227' title='bbox 1023 3741 1075 3785; x_wconf 87' lang='lat' dir='ltr'><strong><em>ore</em></strong></span> <span class='ocrx_word' id='word_1_228' title='bbox 1127 3721 1207 3780; x_wconf 88' lang='lat' dir='ltr'><strong><em>sunt.</em></strong></span> <span class='ocrx_word' id='word_1_229' title='bbox 1253 3716 1329 3783; x_wconf 86' lang='lat' dir='ltr'><strong><em>Ideo</em></strong></span> <span class='ocrx_word' id='word_1_230' title='bbox 1350 3722 1378 3781; x_wconf 87' lang='lat' dir='ltr'><strong><em>ot</em></strong></span> <span class='ocrx_word' id='word_1_231' title='bbox 1398 3717 1541 3782; x_wconf 62' lang='lat' dir='ltr'><strong><em>amandi</em></strong></span> <span class='ocrx_word' id='word_1_232' title='bbox 1562 3716 1689 3782; x_wconf 73' lang='lat' dir='ltr'><strong><em>cubum</em></strong></span> <span class='ocrx_word' id='word_1_233' title='bbox 1704 3717 1854 3796; x_wconf 86' lang='lat' dir='ltr'><strong><em>ponitur:</em></strong></span> <span class='ocrx_word' id='word_1_234' title='bbox 1881 3717 1958 3797; x_wconf 82' lang='lat' dir='ltr'><strong><em>quio</em></strong></span> <span class='ocrx_word' id='word_1_235' title='bbox 1979 3717 2103 3781; x_wconf 82' lang='lat' dir='ltr'><strong><em>uultum</em></strong></span> 
     </span>
     <span class='ocr_line' id='line_1_21' title="bbox 95 3801 2103 3887; baseline -0.001 -19"><span class='ocrx_word' id='word_1_236' title='bbox 95 3822 169 3868; x_wconf 81' lang='lat' dir='ltr'><strong><em>suos</em></strong></span> <span class='ocrx_word' id='word_1_237' title='bbox 195 3803 329 3882; x_wconf 89' lang='lat' dir='ltr'><strong><em>dooerct‚·</em></strong></span> <span class='ocrx_word' id='word_1_238' title='bbox 360 3824 411 3867; x_wconf 90' lang='lat' dir='ltr'><strong><em>eos</em></strong></span> <span class='ocrx_word' id='word_1_239' title='bbox 439 3804 603 3869; x_wconf 84' lang='lat' dir='ltr'><strong><em>autoritate</em></strong></span> <span class='ocrx_word' id='word_1_240' title='bbox 634 3806 805 3887; x_wconf 52' lang='lat' dir='ltr'><strong><em>instnruitp</em></strong></span> <span class='ocrx_word' id='word_1_241' title='bbox 832 3805 914 3869; x_wconf 79' lang='lat' dir='ltr'><strong><em>uitii</em></strong></span> <span class='ocrx_word' id='word_1_242' title='bbox 945 3807 1076 3887; x_wconf 77' lang='lat' dir='ltr'><strong><em>deuipue</em></strong></span> <span class='ocrx_word' id='word_1_243' title='bbox 1127 3823 1218 3884; x_wconf 82' lang='lat' dir='ltr'><strong><em>saepe</em></strong></span> <span class='ocrx_word' id='word_1_244' title='bbox 1250 3803 1419 3868; x_wconf 85' lang='lat' dir='ltr'><strong><em>discrimen</em></strong></span> <span class='ocrx_word' id='word_1_245' title='bbox 1446 3804 1527 3868; x_wconf 87' lang='lat' dir='ltr'><strong><em>iuter</em></strong></span> <span class='ocrx_word' id='word_1_246' title='bbox 1558 3804 1643 3883; x_wconf 69' lang='lat' dir='ltr'><strong><em>tilios</em></strong></span> <span class='ocrx_word' id='word_1_247' title='bbox 1669 3801 1733 3867; x_wconf 89' lang='lat' dir='ltr'><strong><em>Dei</em></strong></span> <span class='ocrx_word' id='word_1_248' title='bbox 1764 3807 1793 3865; x_wconf 88' lang='lat' dir='ltr'><strong><em>ct</em></strong></span> <span class='ocrx_word' id='word_1_249' title='bbox 1818 3801 1988 3883; x_wconf 72' lang='lat' dir='ltr'><strong><em>profanos,</em></strong></span> <span class='ocrx_word' id='word_1_250' title='bbox 2021 3803 2103 3866; x_wconf 85' lang='lat' dir='ltr'><strong><em>inter</em></strong></span> 
     </span>
     <span class='ocr_line' id='line_1_22' title="bbox 95 3886 2127 3972; baseline 0.001 -20"><span class='ocrx_word' id='word_1_251' title='bbox 95 3889 199 3953; x_wconf 84' lang='lat' dir='ltr'><strong><em>ornisit</em></strong></span> <span class='ocrx_word' id='word_1_252' title='bbox 226 3888 309 3969; x_wconf 82' lang='lat' dir='ltr'><strong><em>quod</em></strong></span> <span class='ocrx_word' id='word_1_253' title='bbox 335 3889 378 3952; x_wconf 88' lang='lat' dir='ltr'><strong><em>ad</em></strong></span> <span class='ocrx_word' id='word_1_254' title='bbox 409 3895 553 3954; x_wconf 86' lang='lat' dir='ltr'><strong><em>sanctum</em></strong></span> <span class='ocrx_word' id='word_1_255' title='bbox 581 3890 657 3971; x_wconf 77' lang='lat' dir='ltr'><strong><em>fidei</em></strong></span> <span class='ocrx_word' id='word_1_256' title='bbox 689 3911 870 3957; x_wconf 84' lang='lat' dir='ltr'><strong><em>consensum</em></strong></span> <span class='ocrx_word' id='word_1_257' title='bbox 901 3897 929 3956; x_wconf 89' lang='lat' dir='ltr'><strong><em>et</em></strong></span> <span class='ocrx_word' id='word_1_258' title='bbox 960 3898 1075 3956; x_wconf 77' lang='lat' dir='ltr'><strong><em>rectura</em></strong></span> <span class='ocrx_word' id='word_1_259' title='bbox 1121 3889 1291 3971; x_wconf 85' lang='lat' dir='ltr'><strong><em>proprium</em></strong></span> <span class='ocrx_word' id='word_1_260' title='bbox 1318 3890 1386 3954; x_wconf 87' lang='lat' dir='ltr'><strong><em>cius</em></strong></span> <span class='ocrx_word' id='word_1_261' title='bbox 1410 3910 1531 3972; x_wconf 78' lang='lat' dir='ltr'><strong><em>preperu</em></strong></span> <span class='ocrx_word' id='word_1_262' title='bbox 1557 3889 1676 3970; x_wconf 74' lang='lat' dir='ltr'><strong><em>etsera</em></strong></span> <span class='ocrx_word' id='word_1_263' title='bbox 1697 3886 1852 3951; x_wconf 86' lang='lat' dir='ltr'><strong><em>auirnaiia</em></strong></span> <span class='ocrx_word' id='word_1_264' title='bbox 1873 3888 1977 3950; x_wconf 87' lang='lat' dir='ltr'><strong><em>notari</em></strong></span> <span class='ocrx_word' id='word_1_265' title='bbox 1991 3892 2127 3967; x_wconf 88' lang='lat' dir='ltr'><strong><em>potest..</em></strong></span> 
     </span>
     <span class='ocr_line' id='line_1_23' title="bbox 96 3972 2102 4058; baseline 0 -19"><span class='ocrx_word' id='word_1_266' title='bbox 96 3975 235 4039; x_wconf 78' lang='lat' dir='ltr'><strong><em>ordinem</em></strong></span> <span class='ocrx_word' id='word_1_267' title='bbox 255 3973 378 4055; x_wconf 72' lang='lat' dir='ltr'><strong><em>faceret.</em></strong></span> <span class='ocrx_word' id='word_1_268' title='bbox 412 3974 456 4038; x_wconf 88' lang='lat' dir='ltr'><strong><em>Iu</em></strong></span> <span class='ocrx_word' id='word_1_269' title='bbox 472 3976 591 4056; x_wconf 86' lang='lat' dir='ltr'><strong><em>primis</em></strong></span> <span class='ocrx_word' id='word_1_270' title='bbox 611 3983 808 4043; x_wconf 85' lang='lat' dir='ltr'><strong><em>sacramenta</em></strong></span> <span class='ocrx_word' id='word_1_271' title='bbox 828 3979 973 4057; x_wconf 76' lang='lat' dir='ltr'><strong><em>instituit,</em></strong></span> <span class='ocrx_word' id='word_1_272' title='bbox 994 3999 1074 4058; x_wconf 77' lang='lat' dir='ltr'><strong><em>quoe</em></strong></span> <span class='ocrx_word' id='word_1_273' title='bbox 1129 3974 1217 4039; x_wconf 88' lang='lat' dir='ltr'><strong><em>Nam</em></strong></span> <span class='ocrx_word' id='word_1_274' title='bbox 1238 3976 1320 4056; x_wconf 83' lang='lat' dir='ltr'><strong><em>quod</em></strong></span> <span class='ocrx_word' id='word_1_275' title='bbox 1334 3975 1495 4056; x_wconf 86' lang='lat' dir='ltr'><strong><em>particula</em></strong></span> <span class='ocrx_word' id='word_1_276' title='bbox 1513 3973 1576 4037; x_wconf 91' lang='lat' dir='ltr'><strong><em>IN</em></strong></span> <span class='ocrx_word' id='word_1_277' title='bbox 1587 3995 1607 4036; x_wconf 87' lang='lat' dir='ltr'><strong><em>a</em></strong></span> <span class='ocrx_word' id='word_1_278' title='bbox 1624 3973 1734 4037; x_wconf 84' lang='lat' dir='ltr'><strong><em>multis</em></strong></span> <span class='ocrx_word' id='word_1_279' title='bbox 1754 3972 1970 4053; x_wconf 71' lang='lat' dir='ltr'><strong><em>interponitur,</em></strong></span> <span class='ocrx_word' id='word_1_280' title='bbox 1987 3973 2102 4056; x_wconf 80' lang='lat' dir='ltr'><strong><em>proba·</em></strong></span> 
     </span>
     <span class='ocr_line' id='line_1_24' title="bbox 96 4058 2102 4143; baseline -0.001 -18"><span class='ocrx_word' id='word_1_281' title='bbox 96 4080 151 4125; x_wconf 89' lang='lat' dir='ltr'><strong><em>nos</em></strong></span> <span class='ocrx_word' id='word_1_282' title='bbox 171 4061 379 4142; x_wconf 75' lang='lat' dir='ltr'><strong><em>experimento</em></strong></span> <span class='ocrx_word' id='word_1_283' title='bbox 400 4062 552 4125; x_wconf 85' lang='lat' dir='ltr'><strong><em>sentimus</em></strong></span> <span class='ocrx_word' id='word_1_284' title='bbox 567 4062 645 4142; x_wconf 88' lang='lat' dir='ltr'><strong><em>ptus</em></strong></span> <span class='ocrx_word' id='word_1_285' title='bbox 665 4083 761 4143; x_wconf 80' lang='lat' dir='ltr'><strong><em>quom</em></strong></span> <span class='ocrx_word' id='word_1_286' title='bbox 782 4064 876 4129; x_wconf 85' lang='lat' dir='ltr'><strong><em>utiiia</em></strong></span> <span class='ocrx_word' id='word_1_287' title='bbox 897 4082 962 4129; x_wconf 87' lang='lat' dir='ltr'><strong><em>csse</em></strong></span> <span class='ocrx_word' id='word_1_288' title='bbox 983 4065 1075 4129; x_wconf 89' lang='lat' dir='ltr'><strong><em>adiu-</em></strong></span> <span class='ocrx_word' id='word_1_289' title='bbox 1126 4060 1183 4124; x_wconf 80' lang='lat' dir='ltr'><strong><em>biti</em></strong></span> <span class='ocrx_word' id='word_1_290' title='bbox 1210 4063 1330 4126; x_wconf 83' lang='lat' dir='ltr'><strong><em>ratione</em></strong></span> <span class='ocrx_word' id='word_1_291' title='bbox 1356 4066 1445 4125; x_wconf 86' lang='lat' dir='ltr'><strong><em>earet.</em></strong></span> <span class='ocrx_word' id='word_1_292' title='bbox 1490 4058 1606 4124; x_wconf 84' lang='lat' dir='ltr'><strong><em>Fateor</em></strong></span> <span class='ocrx_word' id='word_1_293' title='bbox 1635 4058 1760 4138; x_wconf 80' lang='lat' dir='ltr'><strong><em>quidem</em></strong></span> <span class='ocrx_word' id='word_1_294' title='bbox 1786 4078 1851 4122; x_wconf 87' lang='lat' dir='ltr'><strong><em>esse</em></strong></span> <span class='ocrx_word' id='word_1_295' title='bbox 1877 4059 2041 4140; x_wconf 88' lang='lat' dir='ltr'><strong><em>usitatius,</em></strong></span> <span class='ocrx_word' id='word_1_296' title='bbox 2073 4064 2102 4123; x_wconf 89' lang='lat' dir='ltr'><strong><em>ct</em></strong></span> 
     </span>
     <span class='ocr_line' id='line_1_25' title="bbox 95 4143 2100 4232; baseline -0.001 -20"><span class='ocrx_word' id='word_1_297' title='bbox 95 4151 198 4212; x_wconf 86' lang='lat' dir='ltr'><strong><em>menta</em></strong></span> <span class='ocrx_word' id='word_1_298' title='bbox 216 4147 260 4212; x_wconf 89' lang='lat' dir='ltr'><strong><em>ad</em></strong></span> <span class='ocrx_word' id='word_1_299' title='bbox 275 4145 440 4227; x_wconf 70' lang='lat' dir='ltr'><strong><em>suendum</em></strong></span> <span class='ocrx_word' id='word_1_300' title='bbox 457 4151 485 4210; x_wconf 88' lang='lat' dir='ltr'><strong><em>ct</em></strong></span> <span class='ocrx_word' id='word_1_301' title='bbox 501 4146 746 4226; x_wconf 79' lang='lat' dir='ltr'><strong><em>confirmandam</em></strong></span> <span class='ocrx_word' id='word_1_302' title='bbox 761 4149 861 4230; x_wconf 69' lang='lat' dir='ltr'><strong><em>pidem.</em></strong></span> <span class='ocrx_word' id='word_1_303' title='bbox 891 4150 978 4215; x_wconf 87' lang='lat' dir='ltr'><strong><em>Nam</em></strong></span> <span class='ocrx_word' id='word_1_304' title='bbox 995 4151 1073 4232; x_wconf 76' lang='lat' dir='ltr'><strong><em>quio</em></strong></span> <span class='ocrx_word' id='word_1_305' title='bbox 1125 4147 1286 4212; x_wconf 83' lang='lat' dir='ltr'><strong><em>uetustatis</em></strong></span> <span class='ocrx_word' id='word_1_306' title='bbox 1302 4147 1396 4211; x_wconf 90' lang='lat' dir='ltr'><strong><em>etiarn</em></strong></span> <span class='ocrx_word' id='word_1_307' title='bbox 1413 4146 1566 4228; x_wconf 69' lang='lat' dir='ltr'><strong><em>scffrapio</em></strong></span> <span class='ocrx_word' id='word_1_308' title='bbox 1583 4164 1645 4208; x_wconf 86' lang='lat' dir='ltr'><strong><em>non</em></strong></span> <span class='ocrx_word' id='word_1_309' title='bbox 1661 4143 1803 4224; x_wconf 87' lang='lat' dir='ltr'><strong><em>destitui;</em></strong></span> <span class='ocrx_word' id='word_1_310' title='bbox 1825 4145 1950 4225; x_wconf 74' lang='lat' dir='ltr'><strong><em>quotide</em></strong></span> <span class='ocrx_word' id='word_1_311' title='bbox 1967 4150 1995 4209; x_wconf 79' lang='lat' dir='ltr'><strong><em>d</em></strong></span> <span class='ocrx_word' id='word_1_312' title='bbox 2011 4166 2100 4230; x_wconf 80' lang='lat' dir='ltr'><strong><em>eym-</em></strong></span> 
     </span>
     <span class='ocr_line' id='line_1_26' title="bbox 94 4229 2102 4319; baseline -0 -23"><span class='ocrx_word' id='word_1_313' title='bbox 94 4233 248 4315; x_wconf 80' lang='lat' dir='ltr'><strong><em>crpastuto</em></strong></span> <span class='ocrx_word' id='word_1_314' title='bbox 269 4234 376 4297; x_wconf 87' lang='lat' dir='ltr'><strong><em>cornis</em></strong></span> <span class='ocrx_word' id='word_1_315' title='bbox 397 4238 521 4299; x_wconf 84' lang='lat' dir='ltr'><strong><em>nostrae</em></strong></span> <span class='ocrx_word' id='word_1_316' title='bbox 543 4232 658 4297; x_wconf 85' lang='lat' dir='ltr'><strong><em>iuciusi</em></strong></span> <span class='ocrx_word' id='word_1_317' title='bbox 678 4235 721 4299; x_wconf 89' lang='lat' dir='ltr'><strong><em>ad</em></strong></span> <span class='ocrx_word' id='word_1_318' title='bbox 739 4236 875 4317; x_wconf 66' lang='lat' dir='ltr'><strong><em>padum</em></strong></span> <span class='ocrx_word' id='word_1_319' title='bbox 901 4236 1073 4319; x_wconf 80' lang='lat' dir='ltr'><strong><em>onpctiocon</em></strong></span> <span class='ocrx_word' id='word_1_320' title='bbox 1127 4232 1237 4297; x_wconf 88' lang='lat' dir='ltr'><strong><em>bolum</em></strong></span> <span class='ocrx_word' id='word_1_321' title='bbox 1263 4233 1452 4310; x_wconf 83' lang='lat' dir='ltr'><strong><em>nicaenum,</em></strong></span> <span class='ocrx_word' id='word_1_322' title='bbox 1485 4230 1627 4313; x_wconf 84' lang='lat' dir='ltr'><strong><em>qualiter</em></strong></span> <span class='ocrx_word' id='word_1_323' title='bbox 1651 4230 1686 4293; x_wconf 93' lang='lat' dir='ltr'><strong><em>in</em></strong></span> <span class='ocrx_word' id='word_1_324' title='bbox 1714 4229 1934 4295; x_wconf 84' lang='lat' dir='ltr'><strong><em>ecelesiastica</em></strong></span> <span class='ocrx_word' id='word_1_325' title='bbox 1962 4230 2102 4295; x_wconf 79' lang='lat' dir='ltr'><strong><em>historia</em></strong></span> 
     </span>
     <span class='ocr_line' id='line_1_27' title="bbox 92 4315 2101 4402; baseline -0.001 -21"><span class='ocrx_word' id='word_1_326' title='bbox 92 4319 232 4383; x_wconf 84' lang='lat' dir='ltr'><strong><em>nondum</em></strong></span> <span class='ocrx_word' id='word_1_327' title='bbox 248 4320 465 4401; x_wconf 72' lang='lat' dir='ltr'><strong><em>pervenimus,</em></strong></span> <span class='ocrx_word' id='word_1_328' title='bbox 488 4317 579 4383; x_wconf 88' lang='lat' dir='ltr'><strong><em>Deus</em></strong></span> <span class='ocrx_word' id='word_1_329' title='bbox 599 4339 632 4383; x_wconf 88' lang='lat' dir='ltr'><strong><em>se</em></strong></span> <span class='ocrx_word' id='word_1_330' title='bbox 653 4320 695 4384; x_wconf 90' lang='lat' dir='ltr'><strong><em>ad</em></strong></span> <span class='ocrx_word' id='word_1_331' title='bbox 716 4326 841 4400; x_wconf 87' lang='lat' dir='ltr'><strong><em>coptum</em></strong></span> <span class='ocrx_word' id='word_1_332' title='bbox 862 4326 1003 4386; x_wconf 80' lang='lat' dir='ltr'><strong><em>nostrrou</em></strong></span> <span class='ocrx_word' id='word_1_333' title='bbox 1024 4343 1074 4388; x_wconf 91' lang='lat' dir='ltr'><strong><em>oo-</em></strong></span> <span class='ocrx_word' id='word_1_334' title='bbox 1125 4318 1297 4396; x_wconf 82' lang='lat' dir='ltr'><strong><em>recitatur,</em></strong></span> <span class='ocrx_word' id='word_1_335' title='bbox 1331 4316 1603 4402; x_wconf 81' lang='lat' dir='ltr'><strong><em>praepositionem</em></strong></span> <span class='ocrx_word' id='word_1_336' title='bbox 1637 4315 1736 4380; x_wconf 81' lang='lat' dir='ltr'><strong><em>addit.</em></strong></span> <span class='ocrx_word' id='word_1_337' title='bbox 1783 4315 1890 4381; x_wconf 84' lang='lat' dir='ltr'><strong><em>Simul</em></strong></span> <span class='ocrx_word' id='word_1_338' title='bbox 1919 4323 2030 4381; x_wconf 84' lang='lat' dir='ltr'><strong><em>tamen</em></strong></span> <span class='ocrx_word' id='word_1_339' title='bbox 2059 4337 2101 4380; x_wconf 87' lang='lat' dir='ltr'><strong><em>ex</em></strong></span> 
     </span>
     <span class='ocr_line' id='line_1_28' title="bbox 92 4400 2100 4486; baseline -0.001 -18"><span class='ocrx_word' id='word_1_340' title='bbox 92 4405 302 4482; x_wconf 59' lang='lat' dir='ltr'><strong><em>mammona</em></strong></span> <span class='ocrx_word' id='word_1_341' title='bbox 332 4425 394 4486; x_wconf 88' lang='lat' dir='ltr'><strong><em>pro</em></strong></span> <span class='ocrx_word' id='word_1_342' title='bbox 422 4403 607 4470; x_wconf 80' lang='lat' dir='ltr'><strong><em>admirabuii</em></strong></span> <span class='ocrx_word' id='word_1_343' title='bbox 633 4425 694 4469; x_wconf 90' lang='lat' dir='ltr'><strong><em>sua</em></strong></span> <span class='ocrx_word' id='word_1_344' title='bbox 720 4405 921 4486; x_wconf 84' lang='lat' dir='ltr'><strong><em>prouidentia</em></strong></span> <span class='ocrx_word' id='word_1_345' title='bbox 946 4409 1073 4474; x_wconf 85' lang='lat' dir='ltr'><strong><em>modurn</em></strong></span> <span class='ocrx_word' id='word_1_346' title='bbox 1126 4403 1256 4486; x_wconf 81' lang='lat' dir='ltr'><strong><em>scriptis</em></strong></span> <span class='ocrx_word' id='word_1_347' title='bbox 1289 4411 1438 4469; x_wconf 86' lang='lat' dir='ltr'><strong><em>veterum</em></strong></span> <span class='ocrx_word' id='word_1_348' title='bbox 1470 4402 1731 4469; x_wconf 86' lang='lat' dir='ltr'><strong><em>animadvertere</em></strong></span> <span class='ocrx_word' id='word_1_349' title='bbox 1763 4403 1854 4480; x_wconf 74' lang='lat' dir='ltr'><strong><em>licet,</em></strong></span> <span class='ocrx_word' id='word_1_350' title='bbox 1887 4402 1988 4466; x_wconf 82' lang='lat' dir='ltr'><strong><em>fuisse</em></strong></span> <span class='ocrx_word' id='word_1_351' title='bbox 2020 4400 2100 4466; x_wconf 90' lang='lat' dir='ltr'><strong><em>olim</em></strong></span> 
     </span>
     <span class='ocr_line' id='line_1_29' title="bbox 88 4486 2100 4572; baseline -0 -19"><span class='ocrx_word' id='word_1_352' title='bbox 88 4492 305 4572; x_wconf 71' lang='lat' dir='ltr'><strong><em>promeripsit,</em></strong></span> <span class='ocrx_word' id='word_1_353' title='bbox 323 4512 384 4572; x_wconf 78' lang='lat' dir='ltr'><strong><em>quo</em></strong></span> <span class='ocrx_word' id='word_1_354' title='bbox 397 4491 508 4572; x_wconf 71' lang='lat' dir='ltr'><strong><em>procrd</em></strong></span> <span class='ocrx_word' id='word_1_355' title='bbox 529 4491 679 4556; x_wconf 78' lang='lat' dir='ltr'><strong><em>disiurtdi</em></strong></span> <span class='ocrx_word' id='word_1_356' title='bbox 700 4491 743 4556; x_wconf 92' lang='lat' dir='ltr'><strong><em>ad</em></strong></span> <span class='ocrx_word' id='word_1_357' title='bbox 764 4511 834 4556; x_wconf 87' lang='lat' dir='ltr'><strong><em>euru</em></strong></span> <span class='ocrx_word' id='word_1_358' title='bbox 853 4493 1071 4559; x_wconf 59' lang='lat' dir='ltr'><strong><em>eudaemus.</em></strong></span> <span class='ocrx_word' id='word_1_359' title='bbox 1125 4491 1208 4556; x_wconf 85' lang='lat' dir='ltr'><strong><em>citra</em></strong></span> <span class='ocrx_word' id='word_1_360' title='bbox 1235 4491 1491 4556; x_wconf 82' lang='lat' dir='ltr'><strong><em>controversiam</em></strong></span> <span class='ocrx_word' id='word_1_361' title='bbox 1518 4496 1685 4572; x_wconf 88' lang='lat' dir='ltr'><strong><em>receptum</em></strong></span> <span class='ocrx_word' id='word_1_362' title='bbox 1711 4495 1751 4552; x_wconf 88' lang='lat' dir='ltr'><strong><em>ut</em></strong></span> <span class='ocrx_word' id='word_1_363' title='bbox 1772 4487 1919 4553; x_wconf 73' lang='lat' dir='ltr'><strong><em>dicerent</em></strong></span> <span class='ocrx_word' id='word_1_364' title='bbox 1940 4508 1975 4550; x_wconf 83' lang='lat' dir='ltr'><strong><em>se</em></strong></span> <span class='ocrx_word' id='word_1_365' title='bbox 1997 4486 2100 4552; x_wconf 87' lang='lat' dir='ltr'><strong><em>ecele-</em></strong></span> 
     </span>
     <span class='ocr_line' id='line_1_30' title="bbox 97 4572 2100 4656; baseline -0.002 -16"><span class='ocrx_word' id='word_1_366' title='bbox 97 4574 201 4656; x_wconf 79' lang='lat' dir='ltr'><strong><em>Quare</em></strong></span> <span class='ocrx_word' id='word_1_367' title='bbox 216 4575 357 4656; x_wconf 82' lang='lat' dir='ltr'><strong><em>postulat</em></strong></span> <span class='ocrx_word' id='word_1_368' title='bbox 376 4578 506 4644; x_wconf 86' lang='lat' dir='ltr'><strong><em>docendi</em></strong></span> <span class='ocrx_word' id='word_1_369' title='bbox 527 4578 611 4642; x_wconf 87' lang='lat' dir='ltr'><strong><em>ratio</em></strong></span> <span class='ocrx_word' id='word_1_370' title='bbox 631 4582 667 4640; x_wconf 90' lang='lat' dir='ltr'><strong><em>ut</em></strong></span> <span class='ocrx_word' id='word_1_371' title='bbox 687 4596 770 4641; x_wconf 84' lang='lat' dir='ltr'><strong><em>nunc</em></strong></span> <span class='ocrx_word' id='word_1_372' title='bbox 791 4577 828 4641; x_wconf 87' lang='lat' dir='ltr'><strong><em>de</em></strong></span> <span class='ocrx_word' id='word_1_373' title='bbox 847 4578 974 4643; x_wconf 69' lang='lat' dir='ltr'><strong><em>coekao</em></strong></span> <span class='ocrx_word' id='word_1_374' title='bbox 991 4580 1072 4644; x_wconf 69' lang='lat' dir='ltr'><strong><em>due</em></strong></span> <span class='ocrx_word' id='word_1_375' title='bbox 1124 4577 1208 4641; x_wconf 82' lang='lat' dir='ltr'><strong><em>eiam</em></strong></span> <span class='ocrx_word' id='word_1_376' title='bbox 1225 4574 1366 4653; x_wconf 86' lang='lat' dir='ltr'><strong><em>eredere,</em></strong></span> <span class='ocrx_word' id='word_1_377' title='bbox 1389 4577 1509 4641; x_wconf 90' lang='lat' dir='ltr'><strong><em>nonin</em></strong></span> <span class='ocrx_word' id='word_1_378' title='bbox 1527 4575 1705 4642; x_wconf 80' lang='lat' dir='ltr'><strong><em>eeclesiam.</em></strong></span> <span class='ocrx_word' id='word_1_379' title='bbox 1737 4573 1813 4639; x_wconf 90' lang='lat' dir='ltr'><strong><em>Non</em></strong></span> <span class='ocrx_word' id='word_1_380' title='bbox 1831 4574 1920 4638; x_wconf 85' lang='lat' dir='ltr'><strong><em>enim</em></strong></span> <span class='ocrx_word' id='word_1_381' title='bbox 1937 4574 1983 4637; x_wconf 83' lang='lat' dir='ltr'><strong><em>sie</em></strong></span> <span class='ocrx_word' id='word_1_382' title='bbox 2002 4572 2100 4637; x_wconf 88' lang='lat' dir='ltr'><strong><em>modo</em></strong></span> 
     </span>
     <span class='ocr_line' id='line_1_31' title="bbox 94 4658 2100 4746; baseline -0.001 -21"><span class='ocrx_word' id='word_1_383' title='bbox 94 4681 153 4740; x_wconf 78' lang='lat' dir='ltr'><strong><em>que</em></strong></span> <span class='ocrx_word' id='word_1_384' title='bbox 173 4663 331 4744; x_wconf 84' lang='lat' dir='ltr'><strong><em>rcpimiue,</em></strong></span> <span class='ocrx_word' id='word_1_385' title='bbox 353 4663 525 4741; x_wconf 76' lang='lat' dir='ltr'><strong><em>ordinibus,</em></strong></span> <span class='ocrx_word' id='word_1_386' title='bbox 543 4667 702 4746; x_wconf 74' lang='lat' dir='ltr'><strong><em>potestate,</em></strong></span> <span class='ocrx_word' id='word_1_387' title='bbox 724 4662 797 4727; x_wconf 82' lang='lat' dir='ltr'><strong><em>itcrn</em></strong></span> <span class='ocrx_word' id='word_1_388' title='bbox 813 4663 851 4727; x_wconf 90' lang='lat' dir='ltr'><strong><em>de</em></strong></span> <span class='ocrx_word' id='word_1_389' title='bbox 867 4666 1073 4731; x_wconf 75' lang='lat' dir='ltr'><strong><em>sacramentis</em></strong></span> <span class='ocrx_word' id='word_1_390' title='bbox 1124 4661 1301 4744; x_wconf 86' lang='lat' dir='ltr'><strong><em>loquuntur</em></strong></span> <span class='ocrx_word' id='word_1_391' title='bbox 1322 4663 1528 4746; x_wconf 79' lang='lat' dir='ltr'><strong><em>Augustinus</em></strong></span> <span class='ocrx_word' id='word_1_392' title='bbox 1556 4671 1591 4727; x_wconf 90' lang='lat' dir='ltr'><strong><em>et</em></strong></span> <span class='ocrx_word' id='word_1_393' title='bbox 1618 4661 1763 4744; x_wconf 82' lang='lat' dir='ltr'><strong><em>quisquis</em></strong></span> <span class='ocrx_word' id='word_1_394' title='bbox 1788 4658 1845 4724; x_wconf 82' lang='lat' dir='ltr'><strong><em>ille</em></strong></span> <span class='ocrx_word' id='word_1_395' title='bbox 1872 4666 1923 4724; x_wconf 84' lang='lat' dir='ltr'><strong><em>est</em></strong></span> <span class='ocrx_word' id='word_1_396' title='bbox 1950 4665 2100 4723; x_wconf 81' lang='lat' dir='ltr'><strong><em>vetustus</em></strong></span> 
     </span>
     <span class='ocr_line' id='line_1_32' title="bbox 94 4742 2100 4831; baseline -0.001 -21"><span class='ocrx_word' id='word_1_397' title='bbox 94 4750 267 4827; x_wconf 73' lang='lat' dir='ltr'><strong><em>ememus,</em></strong></span> <span class='ocrx_word' id='word_1_398' title='bbox 289 4753 487 4830; x_wconf 87' lang='lat' dir='ltr'><strong><em>ctpostrcmo</em></strong></span> <span class='ocrx_word' id='word_1_399' title='bbox 508 4750 546 4815; x_wconf 88' lang='lat' dir='ltr'><strong><em>dc</em></strong></span> <span class='ocrx_word' id='word_1_400' title='bbox 561 4750 689 4831; x_wconf 82' lang='lat' dir='ltr'><strong><em>politico</em></strong></span> <span class='ocrx_word' id='word_1_401' title='bbox 712 4750 805 4813; x_wconf 89' lang='lat' dir='ltr'><strong><em>etiam</em></strong></span> <span class='ocrx_word' id='word_1_402' title='bbox 826 4749 951 4828; x_wconf 80' lang='lat' dir='ltr'><strong><em>ordine,-</em></strong></span> <span class='ocrx_word' id='word_1_403' title='bbox 972 4770 1009 4814; x_wconf 90' lang='lat' dir='ltr'><strong><em>oc</em></strong></span> <span class='ocrx_word' id='word_1_404' title='bbox 1029 4751 1072 4816; x_wconf 86' lang='lat' dir='ltr'><strong><em>si-</em></strong></span> <span class='ocrx_word' id='word_1_405' title='bbox 1124 4749 1262 4829; x_wconf 83' lang='lat' dir='ltr'><strong><em>seriptor</em></strong></span> <span class='ocrx_word' id='word_1_406' title='bbox 1294 4749 1385 4813; x_wconf 85' lang='lat' dir='ltr'><strong><em>cuiue</em></strong></span> <span class='ocrx_word' id='word_1_407' title='bbox 1416 4747 1609 4830; x_wconf 83' lang='lat' dir='ltr'><strong><em>opuseulum</em></strong></span> <span class='ocrx_word' id='word_1_408' title='bbox 1641 4753 1750 4811; x_wconf 84' lang='lat' dir='ltr'><strong><em>exstat</em></strong></span> <span class='ocrx_word' id='word_1_409' title='bbox 1782 4745 1842 4810; x_wconf 85' lang='lat' dir='ltr'><strong><em>sub</em></strong></span> <span class='ocrx_word' id='word_1_410' title='bbox 1874 4744 2006 4809; x_wconf 90' lang='lat' dir='ltr'><strong><em>nomine</em></strong></span> <span class='ocrx_word' id='word_1_411' title='bbox 2033 4742 2100 4829; x_wconf 79' lang='lat' dir='ltr'><strong><em>Cy·</em></strong></span> 
     </span>
     <span class='ocr_line' id='line_1_33' title="bbox 848 4831 2099 4917; baseline -0.002 -18"><span class='ocrx_word' id='word_1_412' title='bbox 848 4906 852 4913; x_wconf 49' lang='grc'><strong>,</strong></span> <span class='ocrx_word' id='word_1_413' title='bbox 1123 4833 1247 4917; x_wconf 88' lang='lat' dir='ltr'><strong><em>priani,</em></strong></span> <span class='ocrx_word' id='word_1_414' title='bbox 1276 4831 1316 4897; x_wconf 90' lang='lat' dir='ltr'><strong><em>de</em></strong></span> <span class='ocrx_word' id='word_1_415' title='bbox 1343 4833 1483 4917; x_wconf 82' lang='lat' dir='ltr'><strong><em>symboli</em></strong></span> <span class='ocrx_word' id='word_1_416' title='bbox 1505 4834 1721 4916; x_wconf 80' lang='lat' dir='ltr'><strong><em>expositione,</em></strong></span> <span class='ocrx_word' id='word_1_417' title='bbox 1749 4831 1807 4897; x_wconf 81' lang='lat' dir='ltr'><strong><em>sed</em></strong></span> <span class='ocrx_word' id='word_1_418' title='bbox 1830 4831 1950 4896; x_wconf 80' lang='lat' dir='ltr'><strong><em>diserte</em></strong></span> <span class='ocrx_word' id='word_1_419' title='bbox 1972 4850 2099 4914; x_wconf 83' lang='lat' dir='ltr'><strong><em>quoque</em></strong></span> 
     </span>
     <span class='ocr_line' id='line_1_34' title="bbox 90 4916 2099 5002; baseline -0.002 -17"><span class='ocrx_word' id='word_1_420' title='bbox 90 4940 283 4948; x_wconf 47' lang='lat' dir='ltr'><strong><em>“*m</em></strong></span> <span class='ocrx_word' id='word_1_421' title='bbox 864 4972 866 4975; x_wconf 21' lang='lat' dir='ltr'>v</span> <span class='ocrx_word' id='word_1_422' title='bbox 1123 4925 1300 4997; x_wconf 87' lang='lat' dir='ltr'><strong><em>annotant,</em></strong></span> <span class='ocrx_word' id='word_1_423' title='bbox 1327 4919 1553 5002; x_wconf 87' lang='lat' dir='ltr'><strong><em>loquutionem</em></strong></span> <span class='ocrx_word' id='word_1_424' title='bbox 1578 4920 1646 4983; x_wconf 88' lang='lat' dir='ltr'><strong><em>fore</em></strong></span> <span class='ocrx_word' id='word_1_425' title='bbox 1672 4918 1887 5000; x_wconf 79' lang='lat' dir='ltr'><strong><em>impropriam</em></strong></span> <span class='ocrx_word' id='word_1_426' title='bbox 1908 4916 1936 4982; x_wconf 84' lang='lat' dir='ltr'><strong><em>ai</em></strong></span> <span class='ocrx_word' id='word_1_427' title='bbox 1962 4935 2099 5000; x_wconf 88' lang='lat' dir='ltr'><strong><em>praepo-</em></strong></span> 
     </span>
     <span class='ocr_line' id='line_1_35' title="bbox 978 5002 2099 5082; baseline -0.004 -11"><span class='ocrx_word' id='word_1_428' title='bbox 978 5006 989 5018; x_wconf 87' lang='grc'><strong>“</strong></span> <span class='ocrx_word' id='word_1_429' title='bbox 1123 5005 1199 5070; x_wconf 83' lang='lat' dir='ltr'><strong><em>sitio</em></strong></span> <span class='ocrx_word' id='word_1_430' title='bbox 1230 5010 1410 5082; x_wconf 75' lang='lat' dir='ltr'><strong><em>attexatur,</em></strong></span> <span class='ocrx_word' id='word_1_431' title='bbox 1447 5027 1485 5070; x_wconf 87' lang='lat' dir='ltr'><strong><em>aa</em></strong></span> <span class='ocrx_word' id='word_1_432' title='bbox 1517 5025 1611 5070; x_wconf 85' lang='lat' dir='ltr'><strong><em>suam</em></strong></span> <span class='ocrx_word' id='word_1_433' title='bbox 1644 5003 1844 5069; x_wconf 82' lang='lat' dir='ltr'><strong><em>sententiam</em></strong></span> <span class='ocrx_word' id='word_1_434' title='bbox 1875 5002 2001 5067; x_wconf 85' lang='lat' dir='ltr'><strong><em>ratione</em></strong></span> <span class='ocrx_word' id='word_1_435' title='bbox 2031 5023 2099 5068; x_wconf 89' lang='lat' dir='ltr'><strong><em>non</em></strong></span> 
     </span>
    </p>
   </div>
   <div class='ocr_carea' id='block_1_7' title="bbox 87 5054 2098 5261">
    <p class='ocr_par' dir='ltr' id='par_1_7' title="bbox 87 5054 2098 5261">
     <span class='ocr_line' id='line_1_36' title="bbox 89 5054 2098 5195; baseline -0.004 -33"><span class='ocrx_word' id='word_1_436' title='bbox 89 5128 112 5192; x_wconf 52' lang='grc' dir='ltr'><strong><em>ς,</em></strong></span> <span class='ocrx_word' id='word_1_437' title='bbox 134 5054 480 5191; x_wconf 44' lang='grc' dir='ltr'><strong><em>13)ρορῖί“ξ’ᾆ’ἆ,ω1ἔ</em></strong></span> <span class='ocrx_word' id='word_1_438' title='bbox 502 5056 961 5195; x_wconf 48' lang='lat' dir='ltr'><strong><em>ffffiffifflffifflffl</em></strong></span> <span class='ocrx_word' id='word_1_439' title='bbox 984 5058 1070 5194; x_wconf 53' lang='lat' dir='ltr'><strong><em>Q·</em></strong></span> <span class='ocrx_word' id='word_1_440' title='bbox 1122 5090 1242 5156; x_wconf 78' lang='lat' dir='ltr'><strong><em>frivola</em></strong></span> <span class='ocrx_word' id='word_1_441' title='bbox 1273 5091 1478 5155; x_wconf 82' lang='lat' dir='ltr'><strong><em>confirmant</em></strong></span> <span class='ocrx_word' id='word_1_442' title='bbox 1522 5089 1602 5156; x_wconf 88' lang='lat' dir='ltr'><strong><em>Ideo</em></strong></span> <span class='ocrx_word' id='word_1_443' title='bbox 1635 5089 1722 5154; x_wconf 90' lang='lat' dir='ltr'><strong><em>enim</em></strong></span> <span class='ocrx_word' id='word_1_444' title='bbox 1756 5089 1889 5155; x_wconf 85' lang='lat' dir='ltr'><strong><em>eredere</em></strong></span> <span class='ocrx_word' id='word_1_445' title='bbox 1922 5088 1958 5153; x_wconf 90' lang='lat' dir='ltr'><strong><em>in</em></strong></span> <span class='ocrx_word' id='word_1_446' title='bbox 1987 5088 2098 5156; x_wconf 89' lang='lat' dir='ltr'><strong><em>Deum</em></strong></span> 
     </span>
     <span class='ocr_line' id='line_1_37' title="bbox 87 5171 2097 5261; baseline -0.003 -13"><span class='ocrx_word' id='word_1_447' title='bbox 87 5212 162 5249; x_wconf 81' lang='lat' dir='ltr'><strong><em>noea</em></strong></span> <span class='ocrx_word' id='word_1_448' title='bbox 179 5197 238 5261; x_wconf 72' lang='lat' dir='ltr'><strong><em>fere</em></strong></span> <span class='ocrx_word' id='word_1_449' title='bbox 255 5197 317 5248; x_wconf 74' lang='lat' dir='ltr'><strong><em>acuo</em></strong></span> <span class='ocrx_word' id='word_1_450' title='bbox 334 5196 379 5249; x_wconf 71' lang='lat' dir='ltr'><strong><em>tce</em></strong></span> <span class='ocrx_word' id='word_1_451' title='bbox 395 5201 540 5249; x_wconf 65' lang='lat' dir='ltr'><strong><em>aarum</em></strong></span> <span class='ocrx_word' id='word_1_452' title='bbox 556 5201 601 5250; x_wconf 77' lang='lat' dir='ltr'><strong><em>at</em></strong></span> <span class='ocrx_word' id='word_1_453' title='bbox 767 5193 775 5202; x_wconf 84' lang='grc'><em>’</em></span> <span class='ocrx_word' id='word_1_454' title='bbox 964 5171 969 5182; x_wconf 84' lang='grc'><strong>’</strong></span> <span class='ocrx_word' id='word_1_455' title='bbox 1075 5248 1078 5252; x_wconf 60' lang='grc'><em>,</em></span> <span class='ocrx_word' id='word_1_456' title='bbox 1122 5198 1184 5242; x_wconf 87' lang='lat' dir='ltr'><strong><em>nos</em></strong></span> <span class='ocrx_word' id='word_1_457' title='bbox 1209 5183 1384 5254; x_wconf 80' lang='lat' dir='ltr'><strong><em>testamur,</em></strong></span> <span class='ocrx_word' id='word_1_458' title='bbox 1413 5175 1499 5259; x_wconf 89' lang='lat' dir='ltr'><strong><em>quod</em></strong></span> <span class='ocrx_word' id='word_1_459' title='bbox 1528 5185 1562 5242; x_wconf 91' lang='lat' dir='ltr'><strong><em>et</em></strong></span> <span class='ocrx_word' id='word_1_460' title='bbox 1589 5177 1625 5240; x_wconf 92' lang='lat' dir='ltr'><strong><em>in</em></strong></span> <span class='ocrx_word' id='word_1_461' title='bbox 1652 5175 1763 5258; x_wconf 78' lang='lat' dir='ltr'><strong><em>ipsum</em></strong></span> <span class='ocrx_word' id='word_1_462' title='bbox 1791 5182 1829 5240; x_wconf 87' lang='lat' dir='ltr'><strong><em>ut</em></strong></span> <span class='ocrx_word' id='word_1_463' title='bbox 1851 5195 2003 5241; x_wconf 85' lang='lat' dir='ltr'><strong><em>veracem</em></strong></span> <span class='ocrx_word' id='word_1_464' title='bbox 2024 5174 2097 5241; x_wconf 86' lang='lat' dir='ltr'><strong><em>ani·</em></strong></span> 
     </span>
    </p>
   </div>
   <div class='ocr_carea' id='block_1_8' title="bbox 0 0 2340 5842">
    <p class='ocr_par' dir='ltr' id='par_1_8' title="bbox 0 0 2340 5842">
     <span class='ocr_line' id='line_1_38' title="bbox 0 0 2340 5842; baseline 0 2"><span class='ocrx_word' id='word_1_465' title='bbox 0 0 2340 5842; x_wconf 95' lang='lat' dir='ltr'><strong><em> </em></strong></span> 
     </span>
    </p>
   </div>
  </div>
 </body>
</html>
