4672 5842
208 308 272 370 ree
855 295 1121 365 marianam
1144 297 1249 363 ann.
1273 296 1450 363 onaan
1474 303 1564 391 raso.
2150 298 2213 361 rec

229 494 369 577 uispiam
386 490 456 553 sine
473 509 634 554 consensu
653 478 752 551 tritius
768 485 880 569 plebis,
902 498 939 550 ut
956 484 1143 569 Cyprianus
1158 485 1181 568 ¹)
1206 519 1209 577 y
1235 495 1313 563 erat,
1336 487 1479 568 quamsi
1498 498 1585 550 totus
1602 487 1740 569 populus
1763 490 1922 552 scisceret
1959 485 2061 552 Ouius
2080 487 2128 551 rei
2146 509 2215 551 non

125 578 129 586 ’
207 516 383 663 diligenter
409 582 544 639 excuset
570 573 656 656 quod
685 571 855 637 Aurelium
884 571 1047 654 quendam
1070 571 1183 633 incon·
1207 582 1210 657 y
1234 569 1330 635 modo
1353 574 1548 654 exemplum,
1572 571 1628 636 sed
1651 573 1824 637 formulam
1851 593 1978 656 quoque
2002 573 2102 638 habes
2124 572 2214 655 apud

208 665 294 732 culta
315 662 450 727 ecclesia
471 660 625 725 lectorem
646 659 860 724 constituerit:
890 659 967 740 quia
993 656 1027 720 id
1054 667 1183 738 praeter
1207 668 1210 745 g
1235 658 1460 740 Augustinum
1478 659 1502 744 ¹)
1524 659 1559 720 in
1581 659 1804 723 nominatione
1826 659 1950 723 Ilradii.
1994 660 2041 722 Et
2062 658 2216 722 Theodo-

208 769 342 824 mcrem,
365 748 496 811 tametsi
513 767 579 811 nou
601 747 672 810 sine
689 745 813 808 ratione
835 744 957 807 factum
974 743 1090 806 fuerat
1126 740 1182 806 Sic
1207 772 1210 841 5
1235 743 1327 815 ritus
1340 743 1369 826 ²)
1397 765 1497 826 quum
1524 743 1624 808 refert
1644 745 1782 808 Petrum
1808 745 1849 809 ab
1871 745 2056 809 Athanasio
2082 765 2229 809 succes-1

208 841 317 900 autem
339 833 518 915 praefatur:
548 833 582 895 in
609 828 798 896 ordinandis
820 828 961 906 clericis,
984 829 1101 892 fratres
1129 849 1182 892 ca-
1234 849 1342 892 sorem
1365 830 1586 905 nominatum,
1613 831 1767 895 continuo
1789 829 1952 913 adiungit,
1976 829 2217 895 sacerdotalem

207 919 344 998 rissimi,
378 917 519 983 solemus
552 938 610 982 vos
644 925 719 980 ante
752 915 920 979 consulere
946 924 979 978 et
1012 934 1118 978 meres
1146 934 1183 978 ac
1235 913 1382 978 ordinem
1415 924 1523 979 ratum
1550 914 1585 978 id
1618 916 1783 994 habuisse,
1817 918 2047 999 magistratum
2078 924 2111 979 ct
2144 917 2217 999 pri-

207 1006 326 1071 merita
344 1004 547 1087 singulorum
564 1002 726 1067 communi
744 1000 877 1064 consilio
895 999 1083 1083 ponderare.
1115 999 1183 1062 Vc·
1207 1028 1210 1047 ι
1233 1020 1341 1065 meres
1363 1002 1582 1084 populumque
1605 1001 1796 1066 universum
1818 1023 1878 1066 sua
1899 1002 2132 1067 acclamatione
2155 1022 2217 1085 ap-

207 1113 282 1156 rum
304 1092 381 1174 quia
402 1091 436 1155 in
463 1090 642 1153 minoribus
670 1087 734 1151 illis
762 1086 927 1151 exercitiis
955 1107 1020 1149 non
1042 1085 1183 1149 multum
1235 1085 1396 1167 probasse.

99 1238 102 1245 .
208 1186 280 1243 crat
306 1175 460 1259 periculi,
491 1173 576 1257 quod
603 1172 645 1237 ad
678 1171 866 1236 diuturnam
899 1171 1123 1255 probationem
1151 1180 1184 1234 et
1324 1176 1370 1236 12.
1406 1174 1468 1238 Est
1490 1174 1620 1255 quidem
1643 1186 1676 1236 et
1692 1173 1783 1250 illud,
1806 1174 1918 1250 fateor,
1941 1173 2064 1256 optima
2085 1173 2215 1238 ratione

208 1285 276 1329 non
297 1283 451 1345 magnam
477 1260 676 1325 functionem
699 1268 951 1334 assumerentur,
975 1258 1082 1339 rogari
1106 1277 1182 1322 con-
1235 1258 1396 1322 sancitum
1424 1260 1459 1321 in
1486 1258 1660 1324 laodicensi
1687 1260 1831 1337 concilio,
1846 1260 1874 1343 ⁸)
1905 1280 1948 1322 ne
1970 1260 2073 1324 turbis
2097 1259 2214 1323 electio

208 1371 325 1415 sensns
347 1347 448 1430 plebis
470 1346 572 1410 desiit
616 1345 738 1409 Postea
764 1344 798 1407 in
819 1340 954 1426 reliquis
981 1363 1107 1424 quoque
1130 1362 1182 1404 or·
1235 1345 1451 1424 permittatur.
1488 1346 1556 1408 l'ix
1578 1347 1667 1409 enim
1688 1366 1832 1427 unquam
1852 1346 1963 1410 evenit
1984 1361 2020 1409 ιιι
2037 1356 2087 1409 tot
2104 1344 2217 1426 capita

208 1433 348 1505 dinibus.
371 1439 504 1513 excepto
527 1432 726 1512 episcopatu,
749 1429 840 1511 plebs
862 1431 1010 1511 episcopo
1032 1450 1070 1492 ac
1092 1449 1182 1510 pres-
1207 1456 1211 1549 1
1235 1450 1302 1492 uno
1330 1452 1426 1495 sensu
1454 1453 1524 1495 rem
1550 1431 1692 1512 aliquam
1717 1430 1800 1497 bene
1833 1439 2042 1515 componant,
2076 1444 2110 1495 et
2145 1431 2215 1495 fere

207 1521 333 1605 byteris
353 1517 507 1581 iudicium
530 1516 754 1598 delectumque
774 1516 843 1579 fere
864 1515 1029 1598 permisit,
1051 1525 1088 1576 ut
1107 1534 1182 1595 cog·
1208 1552 1210 1605 Ι
1235 1514 1315 1578 illud
1338 1538 1452 1580 vorum
1474 1527 1532 1585 est.
1555 1518 1718 1581 insertum
1739 1518 1843 1582 scindi
1865 1517 1974 1582 studia
1995 1518 2029 1581 in
2049 1517 2216 1582 centuria

207 1617 381 1671 noscerent
407 1603 539 1685 quinam
562 1602 668 1666 idonei
696 1623 733 1666 ae
755 1600 847 1684 digni
869 1602 990 1679 forent;
1015 1601 1078 1664 nisi
1100 1600 1182 1662 sorte
1208 1628 1211 1677 y
1235 1601 1362 1684 vulgus.
1407 1603 1534 1666 Verum
1556 1604 1631 1668 huic
1654 1604 1796 1686 periculo
1824 1603 2007 1668 adhibitum
2032 1610 2104 1667 erat
2128 1603 2215 1686 opti·

206 1712 308 1775 quum
327 1689 489 1771 parochiis
506 1689 583 1752 nori
601 1688 782 1771 presbyteri
803 1685 1057 1750 destinabantur.
1090 1685 1183 1748 Tune
1208 1692 1210 1711 '
1235 1707 1326 1750 mum
1350 1688 1539 1752 remedium.
1589 1688 1739 1753 Primum
1770 1692 1858 1754 enim
1885 1689 1946 1754 soli
1971 1689 2081 1754 clerici
2112 1689 2215 1771 elige-

207 1777 296 1842 cnim
318 1775 380 1839 loci
402 1773 646 1838 multitudinem
668 1773 860 1838 nominatim
882 1773 1066 1837 consentire
1089 1791 1182 1852 opor·
1235 1771 1322 1836 bant.
1373 1771 1481 1854 Quem
1507 1775 1688 1858 elegerant,
1722 1776 1902 1840 offerebant
1927 1776 2133 1859 magistratui
2159 1774 2214 1840 vel

207 1863 280 1927 tuit
311 1861 379 1925 Nec
401 1861 521 1923 mirum
544 1858 700 1941 estquod
722 1858 929 1941 retinend02)
952 1879 1011 1922 suo
1033 1858 1103 1920 iure
1125 1877 1182 1938 pc·
1235 1860 1364 1922 senatui
1397 1880 1434 1924 ac
1467 1860 1671 1942 primoribus.
1723 1861 1792 1939 Illi,
1825 1862 1937 1926 habita
1968 1860 2211 1937 deliberatione,

206 1948 306 2031 pulus
331 1948 393 2011 hac
422 1947 456 2009 in
482 1958 574 2028 parte
597 1947 712 2017 Jrrinus
738 1944 894 2010 sollicitus
921 1944 1027 2007 fuerit
1078 1942 1183 2006 Nemo
1234 1943 1435 2022 electionem,
1459 1948 1485 2009 si
1502 1947 1588 2010 iusta-
1604 1946 1785 2026 videbatur,
1807 1947 2057 2030 consignabant;
2080 1948 2132 2010 sin
2150 1948 2214 2009 mi-

208 2034 298 2099 enim
325 2032 568 2116 hypodiaconus
595 2032 693 2096 fiebat
719 2031 772 2113 qui
800 2051 864 2094 non
891 2030 1025 2112 longum
1053 2029 1104 2093 sui
1126 2050 1183 2092 ex·
1237 2050 1312 2106 nus,
1340 2031 1505 2114 ehgebant
1534 2032 1636 2096 alium
1663 2054 1758 2115 quem
1785 2034 1890 2116 magis
1916 2031 2105 2114 probarent,
2140 2039 2215 2095 tum

207 2121 428 2204 perimentum
456 2119 491 2181 in
524 2118 691 2193 clericatu,
726 2114 787 2179 sub
815 2138 854 2180 ca
886 2137 969 2198 quae
1002 2124 1080 2178 tuno
1113 2122 1184 2177 erat
1236 2113 1277 2178 ad
1298 2117 1544 2182 multitudinem
1562 2141 1614 2183 res
1635 2118 1847 2196 deferebatur,
1859 2119 2100 2201 quus-tametsi
2118 2138 2215 2199 prae-

209 2203 399 2287 disciplinae
412 2203 593 2278 severitate,
613 2202 762 2266 dedisset.
786 2202 1011 2284 Postquamin
1029 2222 1066 2265 eo
1075 2198 1184 2349 gradu
1235 2200 1363 2267 iudiciis
1379 2203 1445 2268 illis
1461 2225 1528 2267 non
1546 2204 1745 2288 alligaretur,
1768 2204 1880 2268 minus
1898 2216 2008 2268 tamen
2019 2202 2216 2267 tumultuari

207 2291 366 2375 probatus
393 2291 512 2367 fuerat,
546 2288 702 2353 ‹liaconus
735 2287 992 2353 constituebatur
999 2310 1007 2364 ;
1040 2287 1073 2350 in
1097 2308 1116 2350 e
1142 2282 1184 2349 ad
1236 2296 1371 2368 poterat.
1417 2291 1485 2354 Aut
1506 2290 1534 2353 si
1557 2312 1577 2354 a
1598 2288 1807 2354 multitudine
1829 2289 2058 2372 incipiebatur,
2082 2296 2217 2353 tantum

207 2376 405 2460 presbyterii
427 2375 584 2438 honorem
605 2374 825 2456 perveniebat,
848 2375 876 2437 si
897 2372 1036 2437 fideliter
1059 2393 1094 2435 se
1112 2391 1184 2454 ges·
1236 2371 1271 2436 id
1303 2373 1402 2438 fiebat
1430 2386 1468 2438 ut
1500 2377 1638 2441 sciretur
1670 2398 1766 2458 quem
1799 2377 2003 2459 ptiissimum
2036 2386 2215 2456 expeteret

208 2463 314 2528 sisset.
348 2461 400 2525 Ita
421 2460 531 2524 nullus
551 2459 802 2541 promovebatur
820 2458 860 2523 dc
882 2480 945 2541 quo
963 2479 1027 2522 non
1050 2477 1185 2521 revera
1237 2459 1369 2524 Auditis
1390 2461 1594 2543 popularium
1617 2464 1714 2538 votis,
1742 2463 1850 2527 clerici
1881 2461 2012 2527 demum
2039 2460 2215 2544 eligebant

208 2548 324 2613 multis
351 2547 446 2611 annis
474 2544 621 2609 habitum
648 2553 734 2610 esset
759 2546 818 2610 sub
844 2543 956 2627 populi
984 2543 1086 2608 oculis
1107 2562 1185 2607 exa·
1237 2544 1291 2609 Ita
1311 2568 1371 2612 nec
1394 2547 1518 2612 clericis
1539 2547 1657 2613 licebat
1678 2570 1776 2631 quem
1799 2548 1921 2613 vellent
1940 2548 2129 2630 praeficere,
2153 2567 2217 2611 nec

207 2654 295 2700 men.
340 2634 384 2696 Ilt
411 2642 505 2696 erant·
531 2631 626 2695 multi
655 2653 793 2696 canones
821 2629 864 2695 ad
884 2629 1051 2713 punienda
1071 2650 1185 2692 corum
1238 2637 1349 2696 tamen
1371 2632 1480 2697 stultis
1500 2634 1611 2715 populi
1629 2633 1797 2699 desideriis
1815 2633 1946 2716 obsequi
1964 2653 2094 2698 necesse
2112 2632 2215 2696 habe-

208 2721 303 2798 vitia;
326 2728 364 2783 ut
385 2717 520 2783 ecclesia
541 2717 637 2781 malis
657 2718 754 2799 presb
811 2719 856 2781 ris
878 2724 934 2781 aut
957 2715 1103 2780 diaconis
1120 2736 1185 2778 non
1239 2715 1327 2781 bant.
1372 2718 1471 2783 Hune
1489 2718 1637 2784 ordinem
1654 2722 1748 2803 ponit
1765 2720 1841 2784 alibi
1859 2721 1938 2798 Leo,
1954 2720 1983 2804 ⁴)
2000 2739 2098 2801 quum
2115 2716 2209 2780 dicit:

208 2815 411 2890 gravaretur,
434 2804 497 2868 nisi
521 2802 663 2867 remedia
690 2824 755 2886 neg
770 2804 881 2890 ‘geret
926 2800 1124 2884 Quanquam
1150 2802 1186 2864 in
1238 2802 1421 2885 expetenda
1440 2817 1519 2869 sunt
1539 2813 1616 2870 vota
1637 2808 1772 2885 civium,
1801 2807 1988 2871 testimonia
2006 2802 2211 2887 populorum,

208 2891 408 2975 presbyteris
434 2911 560 2972 quoque
587 2911 716 2971 semper
742 2889 934 2974 exigebatur
962 2889 1082 2953 civium
1110 2908 1186 2953 con-
1238 2888 1471 2954 honcratorum
1499 2891 1686 2969 arbitrium,
1720 2892 1833 2957 electio
1860 2892 2060 2958 elericorum
2108 2888 2213 2952 Item:

208 2998 335 3043 sensus.
372 2974 469 3056 erod
491 2977 590 3039 otiam
612 2984 751 3040 testatur
772 2996 876 3040 canon
895 2974 1023 3058 primus
1040 2971 1113 3037 dist
1134 2977 1184 3035 67.
1238 2984 1389 3039 teneatur
1410 2975 1644 3042 honoratorum
1666 2978 1899 3053 testimonium,
1927 2976 2120 3059 subscriptio
2147 2974 2216 3039 cle-

209 3064 265 3146 qui
286 3062 445 3126 Anaoleto
465 3062 630 3126 tribuitur.
666 3062 817 3144 Denique
834 3081 947 3125 omnes
965 3059 1186 3124 ordinationes
1238 3061 1389 3138 riccrum,
1412 3061 1536 3127 ordinis
1558 3085 1735 3129 consensus
1757 3085 1794 3128 ac
1812 3064 1923 3146 plebis.
1959 3064 2074 3140 Aliter,
2098 3061 2216 3144 inquit,

208 3148 283 3215 ideo
311 3147 404 3212 statis
431 3149 509 3210 anni
535 3148 734 3228 temporibus
761 3148 898 3223 fiebant,
927 3168 968 3209 ne
994 3146 1067 3228 quis
1095 3145 1184 3208 clan-
1237 3147 1309 3209 lieri
1332 3147 1423 3211 nulla
1445 3150 1528 3212 ratio
1549 3151 1636 3213 sinit.
1675 3149 1744 3215 Nec
1767 3149 1855 3214 aliud
1877 3149 1939 3215 sibi
1961 3148 2035 3215 vult
2054 3147 2136 3211 illud
2160 3147 2217 3212 de-

208 3233 321 3301 culum
349 3233 420 3298 sine
448 3231 594 3296 fidelium
620 3253 780 3298 consensu
802 3234 986 3314 obreperet,
1008 3240 1065 3295 aut
1086 3230 1185 3294 nimia
1237 3242 1364 3297 cretum
1385 3232 1503 3317 synodi
1520 3234 1722 3314 laodicensis,
1745 3256 1844 3318 quam
1861 3258 1903 3300 ne
1923 3233 1965 3300 ab
1974 3232 2218 3300 inconsiderata

208 3318 365 3386 facilitate
388 3317 508 3400 absque
528 3318 665 3383 testibus
687 3328 940 3401 promoveretur.
1235 3318 1446 3384 multitudine
1468 3321 1636 3402 patiantur
1657 3343 1692 3386 se
1714 3322 1819 3406 abripi
1847 3322 1956 3386 elerici
1981 3329 2015 3384 et
2042 3320 2217 3401 primorem

301 3411 348 3469 11.
392 3405 434 3468 ln
463 3404 620 3487 eligendis
647 3405 805 3487 episcopis
833 3404 889 3468 diu
915 3425 975 3469 sua
1001 3401 1121 3485 populo
1145 3401 1185 3464 li-
1237 3403 1295 3469 sed
1321 3406 1428 3487 potius
1455 3426 1515 3469 sua
1546 3405 1720 3489 prudentia
1746 3416 1780 3473 et
1808 3409 1970 3491 gravitate
1995 3405 2115 3472 stultas
2144 3405 2218 3469 eius

209 3490 320 3556 bertas
341 3492 403 3554 fuit
422 3506 622 3565 conservata,
644 3492 778 3573 nequis
800 3489 1029 3556 obtruderetur
1045 3488 1101 3570 qui
1118 3509 1184 3551 non
1237 3490 1439 3573 cupiditates,
1464 3493 1492 3556 si
1513 3491 1643 3575 quando
1664 3516 1745 3576 opus
1766 3495 1873 3567 fuerit,
1895 3493 2084 3576 reprimant

208 3577 361 3644 omnibus
384 3585 535 3658 accept-us
556 3592 649 3641 esset
694 3577 767 3641 Hoc
787 3578 888 3660 igitur
909 3577 944 3641 in
967 3574 1101 3641 coneilio
1127 3595 1185 3637 an-
1327 3581 1374 3641 13.
1419 3578 1512 3643 Haec
1531 3579 1674 3662 eligendi
1696 3582 1778 3645 ratic
1800 3581 1907 3644 adhuc
1931 3586 2036 3644 aetate
2060 3576 2218 3660 Gregorii

208 3664 359 3730 tiecheno
377 3664 515 3727 vetitum
533 3671 592 3740 est,
611 3684 652 3727 ne
669 3664 741 3745 quis
758 3665 870 3728 invitis
887 3665 1065 3746 ingeratur.
1089 3658 1185 3741 Quod
1237 3662 1380 3741 valebat,
1409 3673 1443 3728 ct
1471 3665 1646 3730 verisimile
1668 3678 1719 3731 est
1740 3665 1796 3729 diu
1822 3682 1934 3747 postea
1955 3662 2100 3728 durasse.
2144 3662 2217 3725 Ex·

208 3758 243 3816 et
259 3751 330 3815 Leo
351 3750 476 3831 primus
498 3747 672 3832 diligenter
693 3752 867 3815 confirmat
884 3750 1004 3832 (Epist.
1024 3751 1074 3810 90.
1093 3768 1119 3810 c.
1139 3745 1183 3829 2).
1237 3755 1326 3812 stant
1347 3749 1435 3833 apud
1456 3772 1532 3815 eum
1553 3751 1712 3833 plurimae
1733 3751 1887 3835 epistolae
1906 3771 1989 3833 qnae
2010 3748 2213 3813 luculentum

208 3836 298 3903 Hine
324 3837 407 3900 istae
439 3836 632 3900 sententiae:
665 3836 694 3900 is
720 3836 860 3919 eligatur
890 3855 988 3916 quem
1020 3832 1127 3898 clerus
1153 3838 1186 3895 et
1237 3833 1335 3899 huius
1356 3837 1404 3900 rei
1425 3837 1648 3901 testimonium
1670 3836 1758 3902 dant
1802 3835 1939 3917 Quoties
1967 3835 2056 3901 enim
2077 3832 2117 3897 de
2142 3852 2213 3895 cre-

209 3923 302 4007 plebs
330 3929 388 3985 aut
421 3921 526 3985 maior
558 3943 713 3986 numerus
741 3921 947 4003 postularint.
996 3919 1095 3983 Item:
1129 3917 1185 3998 qui
1237 3918 1322 3984 ando
1342 3921 1460 3987 alicubi
1482 3944 1568 3986 novo
1590 3924 1737 4004 episcopo
1759 3923 1881 4006 agian,
1904 3922 2044 3987 scribere
2066 3918 2147 3985 solet
2169 3916 2212 3980 ad

207 4008 417 4092 praefirtunrs
439 4020 490 4071 est
510 4006 669 4085 omnibus,
692 4007 733 4072 ab
755 4006 906 4072 omnibus
928 4006 1078 4089 eligatur.
1118 4000 1185 4082 Qui
1237 4005 1368 4084 clerum,
1391 4007 1539 4071 ordinem
1560 4021 1594 4072 ct-
1615 4008 1758 4091 plebem,
1781 4007 1946 4073 interdum
1968 4008 2067 4072 etima
2087 4002 2128 4069 ad
2149 4001 2211 4066 du·

207 4094 298 4159 enim
320 4095 449 4175 ignotus
471 4110 504 4156 et
524 4115 591 4157 non
612 4094 819 4158 examinatus
835 4093 1031 4175 praeficitur,
1053 4109 1185 4154 necesse
1236 4112 1317 4169 cem,
1339 4106 1437 4176 prout
1458 4104 1509 4157 est
1529 4094 1677 4178 regimen
1699 4095 1841 4161 civitatis
1859 4096 2079 4160 constitutum
2112 4087 2212 4168 Quod

208 4187 259 4245 cst
279 4189 318 4243 ut
339 4200 398 4261 per
420 4179 487 4243 sim
508 4178 706 4243 intrudatur.
750 4180 850 4244 Item:
874 4180 903 4243 is
925 4177 1066 4261 eligatur
1087 4177 1185 4259 quia
1236 4179 1264 4241 si
1290 4178 1331 4242 ob
1363 4179 1612 4261 incompositum
1644 4181 1799 4246 ecelesiae
1831 4188 1953 4246 statum
1980 4180 2082 4246 ricino
2110 4174 2214 4240 alicui

206 4265 333 4332 clericis
360 4265 497 4339 electus,
520 4286 540 4326 a
561 4264 655 4347 plebe
677 4266 841 4348 expetitus
862 4266 974 4340 fuerit,
1003 4272 1037 4326 et
1063 4284 1083 4326 a
1109 4283 1183 4344 prc-
1236 4264 1385 4346 episcopo
1407 4265 1638 4347 inspectionem
1659 4267 1696 4331 in
1722 4267 1879 4332 electione
1908 4266 2056 4342 mandat,
2083 4283 2218 4343 semper

207 4352 402 4417 vincialibus
434 4372 510 4415 cmn
543 4352 784 4434 metropolitani
816 4349 935 4415 iudicio
968 4358 1182 4414 consecretur.
1235 4358 1346 4413 tamen
1367 4351 1505 4432 requirit
1530 4352 1664 4417 solenne
1685 4352 1862 4432 decretam,
1884 4355 2033 4416 omnium
2049 4348 2217 4432 subscrip-

208 4436 302 4503 Adeo
329 4454 441 4502 autem
467 4448 625 4500 caverrmt
652 4437 756 4501 sancti
782 4450 893 4519 patres
921 4457 963 4498 ne
990 4435 1057 4498 ullo
1089 4446 1184 4518 pacto
1237 4435 1379 4501 tionibus
1399 4436 1595 4503 roboratum
1635 4437 1726 4519 Quin
1747 4439 1847 4503 etiam
1866 4460 1969 4521 quum
1990 4443 2120 4502 creatrrs
2141 4435 2217 4499 Me·

206 4524 457 4589 imminueretur
473 4520 555 4585 haec
575 4523 686 4604 populi
703 4523 845 4598 libertas,
864 4534 902 4585 ut
918 4542 1019 4603 quum
1040 4520 1185 4606 synodus
1236 4520 1359 4587 diclani
1384 4523 1553 4607 episcopus
1580 4532 1666 4590 esset
1693 4523 1904 4589 Constantius
1931 4522 2078 4607 quidam,
2113 4531 2147 4585 et
2174 4522 2219 4586 cb

208 4609 405 4674 universalis
437 4607 722 4691 Constantinopoli
760 4616 957 4692 congregata
993 4607 1185 4671 Nectarium
1236 4608 1437 4673 incursiones
1463 4609 1676 4676 barbarcnrm
1703 4611 1801 4675 multi
1826 4609 2124 4674 llicdiolancusium
2147 4606 2217 4671 Ge-

209 4694 386 4773 crdinarst,
408 4693 443 4757 id
464 4695 570 4759 faeere
590 4694 732 4760 noluerit
757 4696 827 4760 sine
849 4695 948 4759 totius
967 4694 1048 4758 cleri
1069 4701 1103 4758 et
1127 4713 1184 4774 po-
1236 4714 1337 4758 nuam
1363 4695 1597 4779 confugissent,
1624 4718 1690 4761 non
1717 4696 1812 4760 aliter
1832 4697 1902 4761 fore
1928 4696 2110 4781 legitimam
2130 4692 2217 4758 elec-

209 4781 280 4864 puli
309 4778 542 4864 approbatione
554 4805 562 4859 ;
594 4791 633 4844 ut
659 4803 720 4846 sua
746 4780 789 4845 ad
820 4780 983 4866 synodmu
1014 4799 1184 4844 romanam
1236 4780 1359 4845 tionem
1391 4789 1498 4863 putat,
1530 4805 1629 4867 quam
1655 4784 1684 4848 si
1715 4783 1727 4846 i
1770 4784 1776 4794 '
1811 4804 1947 4865 quoque,
1981 4783 2017 4847 in
2039 4799 2219 4848 commune

209 4867 347 4950 epistola
367 4874 488 4930 testata
508 4880 567 4931 est.
611 4868 764 4947 Proinde,
786 4889 886 4950 quum
907 4867 1076 4949 episcopus
1097 4864 1186 4948 quis·
1236 4868 1414 4946 convocati,
1432 4872 1556 4934 assensi
1573 4869 1731 4934 fuerint⁶
1767 4868 1839 4932 Imc
1855 4869 2004 4933 nondum
2021 4868 2101 4932 anni
2117 4866 2220 4950 quin·

208 4953 298 5034 piam
320 4972 540 5018 successorem
561 4953 623 5017 sibi
650 4954 844 5038 designaret,
867 4975 932 5017 non
959 4953 1054 5017 aliter
1075 4968 1185 5017 ratum
1243 5007 1440 5014 ——

1279 5087 1337 5169 'ry
1353 5088 1378 5141 s
1397 5090 1441 5141 m.
1462 5088 1513 5208 i¹⁰
1534 5087 1627 5168 raray:
1650 5090 1685 5155 ιι.
1708 5096 1830 5144 sameas
1854 5099 1977 5144 noma·
1994 5091 2036 5145 as
2058 5088 2146 5169 vrri.
2171 5089 2218 5143 ea.

280 5223 310 5291 1)
327 5223 401 5277 ner.
418 5224 444 5277 a.
463 5224 541 5294 epar.
558 5223 584 5277 s.
653 5224 683 5291 a)
705 5225 758 5280 sc.
1237 5170 1361 5291 lli-'b
1379 5224 1404 5279 a
1422 5162 1500 5295 epod
1515 5158 1589 5278 iii*
1607 5156 1632 5210 4
1651 5175 1673 5211 ‘²
1692 5156 1735 5211 ²⁰·
1804 5158 1836 5225 3)
1853 5158 1883 5212 C·-
1904 5158 1943 5213 le
2013 5159 2045 5227 4)
2062 5159 2153 5228 spm.
2171 5158 2218 5212 8⁷·
