4672 5842
233 326 295 389 767

882 309 1148 378 marmorio
1171 311 1275 379 RDL.
1299 309 1480 377 OHRIS'P.
1505 314 1595 374 laea.

2174 311 2237 377 7118

232 511 362 591 saepius
384 505 527 570 titubare
554 515 699 580 sanctos,
726 503 912 566 iuramenta
934 521 1136 582 supervacua
1158 503 1207 563 in·
1232 522 1236 591 g
1260 521 1298 565 ac
1315 501 1560 564 firmamentum
1578 500 1724 563 veritatis
1747 499 1778 580 (l
1801 500 1883 562 Tim.
1905 504 1933 572 3,
1957 504 2019 580 15).
2043 511 2170 563 certum
2189 506 2237 563 est

234 595 363 660 tardum
392 591 557 668 excidere,
590 591 626 654 in
658 591 742 653 iram
773 608 1008 669 nonnunquam
1040 588 1207 663 effervere,
1233 598 1236 671 t
1261 607 1327 649 non
1344 607 1414 650 esse
1431 585 1599 650 ecclesiam
1616 585 1671 648 ubi
1686 605 1825 668 regnum
1844 585 2014 667 occupavit
2028 583 2237 650 mendacium

233 682 298 747 imo
321 697 531 760 prorumpere
554 676 596 741 ad
623 676 795 739 manifesta
822 695 925 756 usque
952 673 1107 749 convitia,
1136 672 1208 736 aliis

233 773 402 849 praeterea
429 762 524 826 malis
546 762 693 826 laborare
714 782 798 841 quae
819 760 982 823 Dominus
1004 779 1071 822 non
1092 757 1209 822 leviter

233 851 456 926 abominatum
489 848 545 912 sed
571 849 618 911 ita
650 844 823 921 vocabant,
857 854 894 908 ut
922 844 1162 927 distinguerent
1190 866 1209 908 a

232 936 373 1021 publicis
394 934 595 1010 criminibus,
618 953 699 1015 quae
721 953 796 997 eum
817 952 937 1014 magno
959 929 1152 995 offendiculo
1174 931 1208 992 in

235 1021 389 1087 ecelesiae
411 1021 629 1103 cognitionem
651 1018 832 1082 veniebant.
878 1015 972 1097 Quod
997 1024 1106 1079 autem
1129 1015 1208 1079 adeo
1234 1008 1236 1083 Ξ

233 1107 410 1172 difficulter
437 1104 648 1188 ignoscebant
676 1105 716 1166 iis
745 1105 801 1184 qui
829 1102 965 1185 dignum
994 1101 1116 1184 aliquid
1138 1103 1208 1164 ani·

234 1192 462 1258 madversione
500 1190 715 1256 ecelesiastica
747 1196 996 1271 perpetrarant,
1037 1209 1102 1250 non
1137 1186 1209 1250 ideo

235 1279 336 1344 fiebat
362 1276 447 1359 quod
474 1275 638 1340 difficilem
664 1275 729 1339 illis
757 1273 844 1356 apud
871 1274 1052 1338 Dominum
1080 1274 1210 1336 veniam

236 1372 405 1447 putarent3
428 1361 484 1426 sed
503 1361 565 1425 hae
582 1363 755 1425 severitate
772 1360 926 1425 volebant
945 1359 1024 1423 alios
1046 1358 1210 1422 deterrere

236 1471 279 1514 ne
299 1459 420 1514 temere
441 1454 635 1528 proruerent
657 1448 692 1510 in
714 1448 847 1529 flagitis,
870 1466 1008 1527 quorum
1030 1446 1147 1507 merito
1170 1442 1210 1507 ab
1236 1474 1239 1505 t

236 1536 390 1602 ecclesiae
411 1533 637 1597 communione
656 1533 887 1596 alienarentur.
923 1529 1119 1611 Quanquam
1138 1551 1211 1593 ver-

238 1621 315 1686 bum
338 1619 482 1695 Domini,
507 1617 593 1700 quod
616 1617 669 1683 hic
690 1638 750 1699 pro
772 1618 869 1682 unica
890 1616 1004 1700 regula
1025 1616 1119 1680 nobis
1142 1637 1211 1680 csse

237 1704 341 1853 debqt,
362 1705 520 1768 maiorem
542 1712 629 1768 certe
651 1703 906 1768 moderationem
924 1702 1124 1784 praescribit
1158 1701 1211 1766 Si·

236 1792 292 1874 qui
315 1812 367 1854 ern
390 1810 533 1871 eousque
555 1789 789 1853 intendendum
808 1788 901 1853 docet
918 1786 1108 1869 disciplinae
1127 1788 1212 1871 rigo·
1237 1792 1240 1871 1

1261 680 1294 736 θῖ
1315 671 1450 736 falsitas.

1348 762 1376 820 2.
1422 756 1463 820 ln
1492 779 1566 821 earn
1595 757 1729 820 modum
1757 777 1859 837 quum
1882 778 1935 819 res
1956 755 2075 820 habeat
2097 756 2158 820 sub
2181 777 2237 838 pa·

1261 845 1381 927 pismo,
1411 843 1592 925 intelligere
1623 843 1697 907 licet
1718 842 1797 924 quid
1819 843 1973 906 ecclesiae
1995 842 2062 905 illic
2085 845 2236 923 supersit

1260 929 1328 993 Pro
1350 930 1441 993 verbi
1462 929 1644 991 ministerio
1667 948 1820 1009 perversa
1842 938 1875 991 et
1896 927 2075 992 mendaciis
2096 930 2238 993 conflata

1261 1014 1328 1078 illie
1351 1024 1467 1098 regnat
1487 1014 1677 1095 gubernatio,
1699 1035 1778 1094 quae
1795 1035 1913 1094 parram
1934 1013 2030 1078 lucem
2046 1015 2167 1094 partim
2189 1035 2239 1078 aa·

1261 1102 1404 1184 atinga-it,
1427 1102 1547 1180 partim
1575 1101 1712 1180 eperat.
1756 1100 1797 1163 In
1826 1100 1934 1165 locum
1961 1121 2080 1164 coenae
2102 1100 2239 1164 Domini

1262 1185 1484 1250 foedissimum
1516 1186 1720 1267 saerilegium
1756 1185 1862 1250 subiit..
1908 1185 2026 1250 Cultus
2055 1186 2118 1249 Dei
2147 1187 2239 1250 varia

1262 1280 1296 1335 et
1322 1293 1387 1335 non
1409 1271 1543 1336 ferenda
1565 1273 1832 1353 superstitionum
1855 1273 2005 1354 congerie
2029 1271 2237 1336 deformatus.

1263 1357 1435 1431 Doctrina,
1470 1359 1552 1422 eitra
1583 1379 1681 1438 quarn
1715 1357 1975 1422 christianismus
2006 1377 2072 1420 non
2101 1370 2237 1433 constat,

1263 1451 1330 1506 tcta
1352 1443 1479 1525 sepulta
1501 1453 1534 1506 et
1555 1443 1696 1524 explosa.
1740 1443 1868 1508 Publici
1890 1452 2081 1520 conventus,
2105 1443 2240 1508 idolola-

1264 1530 1345 1593 triae
1368 1538 1401 1592 et
1422 1529 1598 1611 impietatis
1621 1529 1757 1593 scholae.
1795 1528 1907 1608 Quare
1929 1529 2059 1594 nullum
2081 1540 2132 1593 est
2154 1531 2239 1611 peri·

1264 1613 1387 1692 culum,
1411 1637 1453 1678 ne
1476 1614 1516 1678 ab
1538 1615 1661 1679 exitiali
1690 1625 1739 1678 tot
1765 1616 1964 1697 flagitiorum
1985 1616 2161 1697 partitione
2183 1615 2239 1678 de-

1264 1700 1429 1765 sciscendo
1451 1700 1492 1764 ab
1514 1702 1650 1765 ecelesia
1672 1701 1795 1765 Christi
1825 1700 2028 1764 divellamur.
2073 1701 2240 1766 Ecclesiae

1264 1788 1448 1851 communio
1466 1808 1533 1850 non
1553 1809 1591 1851 ea
1611 1787 1682 1869 lege
1704 1788 1855 1851 instituta
1878 1794 1928 1850 est
1949 1796 1987 1850 ut
2008 1787 2172 1850 vinculum
2196 1788 2241 1850 sit

236 1898 315 1954 rem,
339 1897 380 1940 ne
398 1876 609 1940 absorbeatur
627 1897 645 1939 a
663 1875 797 1939 tristitia
819 1876 847 1938 is
869 1875 921 1939 cui
942 1874 1115 1955 praecipue
1135 1895 1212 1937 con·
1237 1904 1240 1961 Ι
1264 1892 1328 1953 quo
1355 1871 1552 1949 idololatria,
1586 1873 1769 1954 impietate,
1798 1873 1985 1955 ignorantia
2012 1873 2076 1936 Dei
2105 1872 2241 1954 aliisque

237 1963 360 2028 saltum
383 1970 522 2042 opertet:
548 1969 585 2024 ut
606 1962 710 2024 tirsius
732 1982 833 2042 supra
855 1959 1075 2024 disseruimus.

597 2250 748 2316 eaeor
770 2250 814 2314 11.
830 2251 854 2333 1)

265 2393 533 2504 Comparatio
565 2393 696 2474 falsae
728 2392 928 2475 ecclesiae
961 2423 1055 2474 cum
1087 2421 1197 2474 vera.

328 2565 353 2623 l.
398 2558 525 2638 Quanti
558 2557 644 2640 apud
684 2579 744 2622 nos
776 2559 885 2624 valere
918 2559 1009 2623 verbi
1042 2568 1075 2622 et
1107 2579 1214 2623 saera·

238 2654 424 2711 mentorum
446 2645 678 2719 ministerium,
707 2652 740 2707 et
761 2665 926 2727 quousque
948 2644 1122 2727 procedere
1144 2646 1214 2710 eius

238 2732 423 2797 reverentia
456 2730 591 2806 debeat,
629 2739 668 2793 ut
700 2731 744 2795 sit
777 2730 871 2795 nobis
904 2737 1061 2811 perpetua
1093 2739 1216 2795 tessera

238 2814 478 2901 dignoscendae
517 2817 689 2889 ecelesiae,
734 2815 932 2898 explicatum
976 2825 1033 2880 θεῖ
1088 2816 1215 2900 Nempe

240 2903 425 2984 ubieunque
448 2903 612 2985 integrum
636 2910 744 2966 exstat
764 2911 797 2966 et
818 2901 995 2979 illibatum,
1023 2902 1123 2967 nullis
1145 2924 1215 2965 rno-

239 3010 315 3053 rum
338 2989 428 3052 vitiis
451 2996 508 3053 aut
534 2988 655 3053 morbis
683 2987 843 3070 impediri,
867 2989 1040 3069 quominus
1062 2988 1215 3053 ecclesiae

240 3094 361 3138 nomen
389 3074 556 3137 sustineat.
602 3073 744 3151 Deinde,
778 3071 857 3137 illud
890 3074 996 3155 ipsum
1027 3073 1215 3139 leviusculis

242 3159 408 3223 erroribus
435 3180 501 3222 non
523 3160 642 3237 vitiari,
666 3160 838 3242 quominus
860 3160 890 3223 le
926 3161 1043 3223 timum
1065 3161 1214 3225 aestime-

239 3251 303 3310 tur.
342 3245 446 3309 Porro
468 3265 595 3309 errores
617 3245 735 3326 quibus
756 3244 832 3309 talis
855 3180 1011 3311 debeatur
1032 3246 1137 3324 venia,
1160 3267 1214 3311 eos

239 3350 311 3396 esee
333 3329 512 3394 indicatum
535 3338 585 3394 est
605 3331 723 3411 quibus
745 3332 918 3413 praecipua
944 3330 1111 3414 religionis
1139 3330 1214 3397 doe·

240 3415 329 3479 trina
355 3436 421 3479 non
447 3413 610 3492 laedatur,
639 3414 755 3497 quibus
784 3438 848 3480 non
876 3417 1102 3498 opprimantur
1130 3438 1214 3500 quae

240 3501 328 3565 inter
354 3499 467 3566 fideles
495 3522 608 3566 omnes
636 3503 809 3566 convenire
832 3501 951 3567 debent
971 3503 1139 3586 religionis
1161 3525 1213 3568 ca·

240 3586 323 3670 pita;
358 3588 391 3649 in
422 3589 635 3651 sacramentis
668 3609 759 3665 vero,
794 3588 847 3670 qui
879 3588 1060 3672 legitimam
1093 3590 1215 3654 autoris

239 3671 479 3737 institutionem
507 3693 573 3735 non
600 3672 753 3737 aboleant
774 3695 834 3739 noc
855 3675 1059 3740 labefactent
1103 3676 1214 3758 Atqui,

239 3757 337 3823 simul
371 3779 408 3822 ae
441 3760 476 3821 in
510 3778 617 3822 arcem
652 3759 817 3842 religionis
850 3760 1055 3825 mendacium
1088 3762 1215 3843 irrupit,

240 3865 369 3910 summa
390 3845 592 3909 necessariae
614 3842 780 3910 doctrinae
801 3847 933 3921 inuersa
950 3854 1008 3923 est,
1031 3867 1215 3911 sacramen·

240 3938 349 3994 torum
371 3952 451 3994 usus
480 3931 615 3995 corruit:
645 3938 732 3996 certe
755 3931 908 3996 ecclesiae
930 3931 1082 3996 interitus
1104 3952 1216 3997 conse-

242 4016 366 4097 quitur;
399 4015 535 4098 perinde
563 4026 660 4098 atque
688 4017 729 4082 de
756 4019 825 4082 vita
853 4017 993 4081 hominis
1020 4026 1129 4081 aetum
1157 4027 1215 4095 est,

240 4099 355 4183 iugulo
377 4102 553 4182 transfixo,
577 4103 629 4167 vel
651 4103 849 4185 praecordiis
870 4102 1035 4166 lethaliter
1057 4106 1216 4168 sauciatis.

241 4187 351 4268 Atque
378 4185 411 4249 id
440 4209 481 4251 ex
502 4188 599 4252 Pauli
625 4187 734 4253 verbis
762 4188 884 4270 liquido
910 4187 1087 4266 evincitur,
1115 4211 1217 4272 quum

245 4271 340 4338 docet
362 4272 462 4356 (Eph.
487 4277 516 4351 2,
541 4273 606 4358 20),
630 4274 798 4338 ecelesiam
825 4273 993 4338 tirndatam
1022 4295 1092 4340 esse
1119 4297 1218 4358 super

243 4356 427 4423 doctrinam
446 4360 664 4441 apostolorum
683 4368 715 4423 et
730 4360 976 4510 &rophetarum
996 4361 1067 4441 ipso
1085 4360 1218 4427 Christo

242 4464 371 4509 summo
395 4445 545 4527 angulari
567 4445 684 4527 lapide.
757 4447 768 4508 i
788 4445 942 4511 eeclesiae
970 4447 1219 4512 fundamentum

243 4538 293 4594 est
314 4529 548 4611 prophetarum
571 4540 604 4594 et
625 4531 844 4612 apostolorum
866 4530 1022 4610 doctrina,
1046 4554 1110 4615 qua
1131 4534 1218 4598 salu·

244 4624 311 4678 tem
334 4637 428 4680 suam
449 4617 484 4679 in
502 4637 569 4680 uno
587 4616 719 4681 Christo
741 4638 898 4699 reponere
920 4616 1033 4683 fideles
1054 4619 1217 4698 iubentur,

243 4699 334 4764 illam
362 4700 543 4766 doctrinam
565 4702 660 4780 tolle,
690 4703 850 4784 quomodo
874 4704 1014 4786 amplius
1036 4705 1218 4770 aedificium

243 4785 427 4851 constabit?
473 4787 615 4853 Oorruat
636 4809 714 4872 ergo
741 4789 876 4855 ecelesia
896 4810 1028 4856 necesse
1061 4801 1126 4865 est,
1162 4791 1219 4854 ubi

243 4871 408 4937 intercidit
436 4873 684 4958 illareligionis
713 4896 841 4940 summa
863 4898 946 4958 quae
967 4876 1037 4942 sola
1058 4878 1219 4941 sustinere

244 4976 318 5020 eam
349 4965 464 5039 potest.
510 4959 656 5039 Deinde,
680 4961 707 5025 si
735 4981 814 5026 vera
835 4962 972 5028 ecelesia
992 4962 1145 5028 columna
1170 4974 1220 5029 est

240 5236 253 5265 r
315 5231 344 5298 ι)
363 5230 506 5287 meme
521 5233 708 5300 praterea
728 5235 793 5303 cap.
818 5234 903 5290 vrri.
921 5237 945 5304 §-
961 5238 1073 5293 er-se.

1237 1968 1240 2045 Ι
1264 1958 1426 2022 malorum
1449 1959 1623 2040 generibus
1646 1960 1834 2022 irretiamur
1841 1983 1848 2036 ;
1877 1958 1933 2022 sed
1960 1960 2083 2040 potius,
2115 1979 2178 2041 quo
2207 1961 2240 2022 in

1237 2058 1240 2097 t
1264 2043 1381 2108 timore
1399 2043 1463 2107 Dei
1483 2056 1515 2108 ot
1533 2046 1680 2109 veritatis
1698 2043 1881 2109 obedientia
1898 2045 2107 2109 retineamur.
2146 2045 2241 2129 Mag·

1265 2130 1359 2194 nifice
1376 2130 1423 2194 illi
1442 2130 1572 2211 quidem
1590 2151 1683 2195 suam
1701 2129 1794 2194 nobis
1813 2131 1982 2196 ecclesiam
2000 2130 2240 2205 commendant,

1264 2236 1306 2279 ne
1328 2237 1393 2297 qua
1415 2216 1479 2280 alia
1502 2217 1536 2279 in
1558 2216 1681 2280 mundo
1704 2237 1775 2280 esse
1796 2216 1963 2294 videatur;
1991 2225 2119 2300 postea.
2149 2218 2240 2299 quasi

1265 2322 1301 2365 re
1319 2302 1471 2378 confecta,
1495 2323 1607 2367 omnes
1625 2302 1849 2367 schismaticos
1868 2323 1938 2367 osse
1960 2304 2173 2373 constituunt.
2187 2304 2240 2385 qui

1265 2384 1306 2451 ab
1324 2388 1393 2451 eius
1411 2408 1509 2468 quam
1526 2389 1669 2472 pingunt
1686 2388 1840 2454 ecclesiae
1857 2387 2040 2452 obedientia
2062 2389 2242 2453 subducere

1265 2494 1316 2549 se,
1349 2494 1462 2537 omnes
1494 2473 1689 2551 haereticos,
1723 2474 1778 2556 qui
1811 2483 1927 2538 eontra
1959 2475 2028 2538 eius
2059 2474 2241 2539 doctrinam

1266 2558 1387 2622 mutire
1420 2558 1549 2623 audent.
1595 2557 1661 2624 Sed
1698 2560 1816 2641 quibus
1848 2560 2028 2624 rationibus
2061 2582 2174 2625 veram
2208 2582 2241 2624 se

1267 2643 1436 2709 ecclesiam
1458 2645 1577 2710 habore
1600 2644 1815 2710 confirmant?
1860 2646 2018 2728 Allegant
2039 2667 2080 2709 er
2102 2649 2242 2710 vetustis

1268 2730 1442 2795 annalibus
1459 2730 1537 2812 quid
1555 2731 1633 2796 olim
1651 2731 1685 2795 in
1702 2731 1808 2809 Italia,
1831 2733 1866 2795 in
1884 2732 2004 2808 Gallia,
2026 2733 2060 2794 in
2077 2731 2239 2812 Hispania

1266 2816 1380 2893 fuerit;
1404 2838 1423 2879 a
1445 2818 1565 2882 sanctis
1586 2816 1652 2880 illis
1673 2818 1753 2882 viris
1775 2819 1830 2899 qui
1852 2839 1933 2882 sana
1954 2817 2097 2882 doctrina
2119 2814 2240 2880 funda

1267 2911 1346 2966 runt
1363 2903 1611 2985 excitaruntque
1629 2903 1789 2980 eeclesias,
1812 2903 2057 2985 doctrinamque
2078 2903 2186 2984 ipsam
2207 2911 2241 2966 et

1267 2988 1420 3054 ecclesiae
1453 2988 1711 3053 aedificationem
1744 3011 1802 3054 suo
1836 2990 1996 3072 sanguine
2024 2988 2240 3061 stabilierunt,

1267 3096 1301 3140 se
1323 3075 1484 3157 originem
1507 3074 1641 3151 ducere;
1671 3075 1842 3139 ecelesiam
1862 3096 1940 3140 vero
1963 3076 2009 3140 sie
2032 3085 2066 3140 et
2088 3075 2241 3157 spiritua·

1265 3160 1351 3225 libus
1379 3159 1487 3237 donn,
1517 3169 1551 3225 et
1576 3167 1761 3245 martyrum
1783 3162 1943 3244 sanguine
1965 3161 2051 3243 apud
2074 3181 2109 3224 se
2132 3181 2241 3226 eonse-

1267 3253 1408 3324 cratam,
1442 3257 1600 3329 perpetua
1629 3248 1853 3329 episcoporum
1881 3247 2084 3312 successione
2112 3267 2241 3312 conser-

1267 3342 1377 3397 vatam
1398 3332 1498 3397 fuisse
1520 3354 1561 3396 ne
1582 3333 1799 3397 intercideret.
1840 3332 2109 3397 Commemorant
2130 3334 2242 3415 quanti

1267 3418 1353 3482 hanc
1386 3419 1622 3483 successionem
1649 3420 1785 3484 fecerint
1810 3419 1982 3494 Irenaeus,
2020 3419 2241 3496 Tertullianus,

1271 3503 1430 3586 Origene,
1461 3505 1680 3588 Augustinus,
1715 3515 1748 3569 et
1775 3505 1839 3568 alii.
1891 3503 2000 3585 Quam
2028 3504 2148 3569 frivola
2177 3506 2242 3569 sint

1266 3591 1331 3655 ista
1352 3598 1385 3653 et
1406 3589 1502 3671 plane
1524 3589 1659 3668 ludicra,
1681 3592 1798 3656 faciam
1821 3601 1858 3654 ut
1879 3589 1971 3654 nullo
1993 3593 2125 3674 negotio
2146 3590 2243 3654 intel·

1266 3675 1372 3760 ligant
1394 3676 1416 3739 ii
1437 3677 1493 3757 qui
1514 3696 1643 3741 mecum
1665 3698 1703 3741 ea
1724 3677 1893 3759 paululum
1916 3675 2101 3758 expendere
2122 3677 2240 3742 volent.

1267 3761 1430 3844 Equidem
1448 3782 1502 3826 eos
1524 3783 1649 3844 quoque
1672 3763 1823 3827 hortarer
1844 3768 1881 3826 ut
1902 3762 1966 3826 huc
1989 3763 2136 3827 animum
2157 3762 2240 3825 serio

1269 3847 1487 3923 adverterent,
1510 3849 1537 3912 si
1559 3848 1637 3930 quid
1660 3848 1803 3914 docendo
1825 3850 1981 3929 proficere
2003 3869 2057 3913 me
2079 3846 2161 3930 apud
2184 3867 2240 3909 eos

1268 3954 1362 4015 posse
1385 3933 1588 3998 confiderem.
1623 3932 1690 3999 Sed
1707 3934 1836 4016 quando
1856 3934 1932 4011 illis,
1955 3936 2075 3999 omissa
2095 3933 2242 3997 veritatis

1269 4019 1413 4096 ratione,
1443 4020 1504 4083 hoc
1525 4041 1629 4083 unum
1651 4021 1853 4101 propositum
1875 4029 1933 4098 est,
1956 4039 2144 4102 quacunque
2167 4038 2243 4099 pos·

1269 4113 1347 4170 sunt
1363 4105 1418 4168 via
1435 4126 1506 4169 rem
1523 4126 1617 4170 suam
1639 4127 1745 4188 agere,
1767 4127 1872 4189 pauca
1894 4116 2023 4171 tantum
2043 4104 2147 4169 dicam
2170 4105 2245 4186 qui-

1269 4191 1330 4256 bus
1352 4211 1423 4255 sese
1444 4189 1519 4254 boni
1540 4191 1603 4254 viri
1626 4202 1659 4255 et
1680 4193 1750 4256 veri
1773 4192 1909 4257 studiosi
1929 4190 1971 4255 ab
1991 4210 2103 4255 eorum
2119 4192 2245 4273 captio-

1269 4276 1366 4341 nibus
1388 4275 1541 4359 expedire
1559 4287 1688 4360 queant.
1723 4278 1876 4343 Primum
1898 4278 1939 4343 ab
1960 4277 2026 4342 illis
2044 4297 2166 4359 quaero
2190 4298 2247 4340 cur

1269 4384 1335 4427 non
1357 4362 1504 4428 Africam
1527 4364 1636 4441 citent,
1660 4374 1693 4428 et
1714 4365 1765 4429 Ae
1833 4374 1918 4440 tum,
1941 4371 2099 4428 ettotam
2121 4365 2246 4428 Asiam.

1270 4448 1397 4529 Nempe
1418 4450 1494 4530 quia
1515 4449 1550 4512 in
1572 4451 1723 4516 omnibus
1744 4451 1768 4514 il
1782 4450 1810 4515 is
1832 4450 2021 4533 regionibus
2039 4449 2138 4514 desiit
2154 4470 2248 4514 sacra

1271 4534 1351 4600 haee
1373 4535 1596 4617 episcoporum
1618 4537 1787 4613 successio,
1810 4537 1903 4601 euius
1920 4535 2077 4600 beneficio
2094 4557 2129 4601 se
2146 4535 2249 4600 eccle-

1271 4621 1335 4685 sias
1368 4621 1541 4687 retinuisse
1571 4622 1762 4705 gloriantur.
1807 4623 1856 4686 Ee
1885 4622 1987 4704 igitur
2015 4621 2176 4691 recidunt.
2210 4641 2248 4684 ee

1270 4706 1343 4771 ideo
1360 4728 1473 4772 veram
1496 4708 1616 4773 habere
1636 4709 1814 4786 ecclesiam,
1837 4709 1915 4789 quia
1935 4730 1977 4772 ex
1999 4728 2063 4789 quo
2085 4729 2154 4772 esse
2175 4727 2249 4772 coe-

1270 4793 1333 4875 pit,
1366 4816 1431 4859 non
1458 4795 1558 4858 fuerit
1585 4795 1742 4876 episeopis
1759 4794 1941 4880 destituta:
1974 4802 2134 4875 perpetua
2161 4794 2250 4857 enim

1272 4879 1355 4944 serie
1383 4880 1463 4945 alios
1491 4880 1563 4945 aliis
1586 4880 1786 4946 successisse.
1822 4877 1889 4944 Sed
1911 4878 1998 4963 quid,
2023 4881 2050 4943 si
2072 4880 2249 4945 Graeciam

1271 4964 1336 5029 illis
1358 4964 1530 5049 regerem?
1575 4962 1707 5044 Quaero
1734 4967 1837 5049 igitur
1859 4968 1977 5031 iterum
2001 4966 2041 5031 ab
2064 4966 2159 5048 ipsis,
2190 4987 2250 5031 cur

1271 5050 1358 5134 apud
1382 5050 1525 5116 Graecos
1548 5052 1682 5134 periisse
1704 5052 1874 5116 eeclesiam
1897 5051 2019 5140 dicant,
2049 5050 2137 5133 apud
2166 5073 2250 5133 quos

1272 5156 1438 5218 nunquam
1460 5137 1641 5217 interrupta
1663 5138 1725 5200 fuit
1745 5136 1802 5201 illa
1825 5140 2048 5221 episcoporum
2077 5139 2249 5215 successio,

1271 5223 1377 5300 unica,
1400 5242 1513 5288 eorum
1531 5222 1691 5304 opinione,
1714 5223 1868 5290 eeclesiae
1890 5232 1997 5291 οιιεῖοε
2019 5233 2053 5289 et
2074 5244 2252 5289 conserva-
