4672 5842
173 298 252 361 1049
496 295 585 361 ΜΒ.
609 297 672 361 IV.
715 297 779 360 DE
802 295 1039 362 EXTERNIS
1062 296 1228 363 MEDIIS
1252 298 1315 362 AD
1340 296 1571 363 SALUruM.
1616 296 1719 363 CAP.
1735 298 1852 366 XVII.
2092 305 2175 367 1050

166 505 240 566 pus.
291 484 342 547 Ac
369 485 398 548 si
424 482 588 548 Dominus
615 485 707 549 nulla
735 505 834 549 11111
862 505 978 567 corpus
1008 507 1146 551 suums
1198 509 1286 551 mus:
1306 487 1330 571 ¹)
1363 485 1564 564 sacerdotes,
1594 487 1650 567 qui
1678 487 1909 551 eucharistiam
1937 489 2115 553 conficiunt
2142 497 2175 555 et

168 590 229 634 san
278 570 328 633 'ne
351 576 384 633 et
406 571 514 635 verbis
536 578 569 634 et
590 571 693 653 signis
716 571 929 647 distinxisset,
949 578 984 635 et
1001 592 1145 654 unquam
1198 574 1392 656 sauguinem
1413 573 1551 636 Domini
1578 572 1698 655 populo
1721 573 1933 638 distribuunt.
1980 572 2176 658 Chrysosto·

167 657 226 720 fan
248 677 267 719 o
289 654 439 719 auditum
461 665 555 733 esset,
578 678 695 738 corpus
713 656 846 735 Christi,
866 663 923 721 111
941 660 1144 740 sanguinem,
1197 680 1285 722 mus:
1300 660 1330 743 2)
1353 680 1419 721 111
1443 658 1527 723 sicut
1547 659 1581 721 in
1603 659 1710 722 veteri
1730 659 1802 742 lege
1824 664 1952 741 partem
1975 658 2108 741 quidem
2125 682 2177 725 sa·

167 741 280 805 Deum
307 749 341 804 et
370 741 536 805 hominem
562 743 728 825 appellari.
781 741 885 821 Sane,
915 744 942 806 si
971 743 1145 827 designare
1198 742 1313 809 cerdos
1345 742 1549 823 comedebat,
1588 751 1717 826 partem
1752 766 1831 810 vero
1869 745 2021 826 populus;
2060 768 2177 811 verum

168 848 205 893 11
227 835 333 891 totum
361 828 532 906 voluisset,
561 828 668 892 dicero
694 834 835 911 poterat:
866 849 926 910 ego
954 850 1042 908 smu;
1065 851 1145 912 qua·
1198 829 1349 895 omnibus
1371 850 1488 912 corpus
1511 852 1615 893 unum
1632 831 1826 912 proponitur
1843 836 1876 894 et
1894 831 2045 913 poculum
2063 854 2176 897 unum.

167 914 245 978 liter
266 912 358 994 loqui
376 915 413 976 in
436 914 607 996 seripturis
630 915 811 992 consuevit;
833 936 899 978 non
923 922 1047 978 autem:
1085 916 1146 980 hoe
1197 915 1249 980 Ea
1267 938 1349 999 quae
1371 927 1449 981 sunt
1470 916 1695 993 eucharistiae,
1718 917 1906 981 communia
1923 925 2002 981 sunt
2021 919 2106 982 inter
2125 939 2176 982 11-

167 1008 220 1065 est
241 1021 359 1081 corpus
381 1021 508 1078 111111,
532 999 586 1063 hic
609 1009 659 1064 est
681 1001 817 1082 sanguis
840 1021 942 1063 meus
990 999 1052 1065 Sed
1070 1001 1147 1082 fidei
1198 1002 1363 1066 cerdotem
1386 1010 1419 1065 et
1439 1002 1607 1083 populum.
1651 1001 1691 1065 Id
1714 1003 1824 1084 ipsum
1842 1003 2051 1085 Augustinus
2073 1003 2176 1086 pluri-

167 1090 292 1151 uostrac
312 1084 491 1165 infimitati
512 1106 690 1151 succurrere
710 1087 833 1164 111111,
855 1086 982 1151 culicem
1008 1106 1146 1151 seorsum
1198 1089 1260 1151 mis
1282 1088 1360 1153 locis
1383 1094 1530 1151 testatur.

169 1194 192 1237 a
206 1192 293 1252 pane
310 1173 428 1249 statuit,
447 1176 481 1234 ut
498 1172 650 1236 (11111111
669 1173 911 1253 adpotumuou
928 1172 1034 1236 miuus
1050 1193 1146 1253 quam
1284 1178 1334 1237 49.
1381 1172 1449 1237 Sed
1477 1173 1556 1254 quid
1585 1161 1625 1237 de
1653 1195 1688 1237 re
1717 1175 1886 1238 notissima
1914 1174 2064 1257 disputo?
2112 1175 2176 1239 Le-

168 1257 270 1323 adum
297 1257 446 1338 suspicere.
493 1257 587 1321 Nunc
619 1258 745 1321 tollatur
771 1277 855 1338 pars
880 1278 962 1335 uua,
991 1279 1050 1321 uou
1079 1259 1146 1322 uisi
1198 1267 1320 1342 gantur
1341 1279 1455 1323 omnes
1478 1261 1586 1342 graeci
1609 1266 1641 1322 et
1658 1259 1753 1322 latini
1770 1260 1958 1343 scriptores:
1981 1262 2104 1343 passim
2122 1283 2175 1327 11·

168 1343 340 1410 dimidius
373 1344 592 1408 uiiureotoruur
619 1344 654 1406 iu
681 1364 714 1408 eo
740 1345 938 1425 reperiemus.
988 1342 1089 1426 Erpa,
1111 1348 1147 1406 ut
1199 1352 1332 1408 current
1354 1345 1513 1409 eiusmodi
1530 1346 1741 1409 testimonia'
1773 1346 1887 1428 Neque
1914 1347 2073 1412 obsolevit
2094 1348 2175 1411 haec

168 1450 279 1496 ouum
300 1430 344 1493 sit
359 1430 440 1510 quod
462 1429 631 1507 (11111ηά1111,
654 1431 837 1512 sauguinem
858 1450 923 1493 esse
940 1430 975 1492 iu
986 1451 1073 1510 poue
1085 1449 1147 1508 per
1199 1430 1413 1505 consuetudo,
1445 1430 1524 1494 dnm
1546 1430 1655 1513 aliqua
1676 1431 1876 1514 integritatis
1899 1440 1994 1514 gutta
2015 1433 2051 1495 in
2073 1433 2175 1498 eoele-

168 1515 1147 1596 111111111αωὶ11,1111111111111111111111111111·
1199 1516 1248 1581 sia
1286 1517 1457 1599 superfuit.
1514 1516 1696 1600 Gregorius
1731 1539 1828 1599 quem
1864 1517 2019 1582 ultimum
2050 1519 2176 1582 Romae

168 1602 250 1666 tiene
270 1607 374 1665 tumeu
394 1601 485 1681 fidei,
508 1622 604 1681 quam
628 1599 772 1665 Christus
791 1605 826 1664 ut
847 1602 1056 1666 necessarium
1083 1606 1147 1664 tro-
1200 1603 1387 1684 episcopum
1408 1603 1509 1666 fixisse
1531 1604 1602 1666 iure
1625 1603 1731 1667 dicere
1752 1604 1872 1685 possis,
1896 1625 1955 1668 sua
1978 1611 2083 1667 aetate
2106 1625 2175 1668 ser·

169 1687 324 1768 (1111111
349 1689 475 1752 suimus
500 1687 661 1767 fraudarit.
718 1687 845 1768 ltaque,
878 1687 1016 1769 argutiis
1040 1707 1147 1751 eorum
1200 1696 1313 1752 vatum
1335 1689 1434 1753 fuisse
1457 1688 1562 1752 docet:
1586 1689 1660 1770 quis
1684 1690 1726 1752 sit
1749 1690 1883 1772 sanguis
1905 1690 1998 1772 agni,
2020 1689 2088 1753 iarn
2109 1712 2176 1755 non

168 1774 274 1838 ualere
295 1774 412 1851 iussis,
434 1774 595 1837 reticenda
616 1773 913 1838 1111111111
933 1793 1012 1854 quse
1034 1773 1069 1836 iu
1090 1773 1147 1837 du
1200 1772 1373 1853 audiendo,
1408 1774 1464 1838 sed
1497 1774 1638 1839 bibendo
1667 1773 1827 1840 didicistis
1834 1799 1842 1853 ;
1877 1777 1946 1839 eius
1978 1775 2111 1858 sanguis
2140 1776 2176 1838 in

164 1859 247 1942 plici
267 1859 368 1924 urrbu
389 1879 427 1922 eu
450 1857 571 1923 Christi
592 1859 787 1923 ordinatione
805 1860 990 1941 percipitur.
1198 1859 1346 1924 fidelium
1373 1880 1431 1923 ora
1457 1860 1674 1942 profunditur.
1725 1861 1797 1924 Imo
1824 1860 2074 1943 quadringentis
2102 1868 2177 1943 post

257 1950 306 2009 48.
351 1944 515 2027 Equidem
543 1945 626 2022 scio,
655 1951 789 2009 1111111
817 1945 999 2023 ministros,
1029 1951 1066 2008 ut
1094 1965 1145 2008 so-
1198 1946 1268 2010 1111
1290 1955 1431 2009 mortem
1453 1946 1557 2022 annis,
1581 1968 1681 2029 quum
1700 1947 1766 2011 iam
1783 1949 1893 2011 omnia
1913 1946 2175 2030 degenerassent,

168 2031 267 2095 lenne
288 2031 354 2096 illis
375 2036 427 2095 est
447 2033 625 2112 scripturas
646 2030 786 2094 ludibrio
808 2031 949 2109 habere,
971 2031 1023 2095 hic
1046 2030 1145 2096 11111-
1199 2030 1307 2096 adhuc
1329 2031 1469 2097 duravit.
1506 2031 1619 2113 Neque
1642 2033 1732 2095 enim
1754 2031 1788 2096 id
1809 2054 1868 2114 pro
1890 2053 1981 2096 more
2004 2032 2174 2112 duntaxat,

167 2116 238 2181 lari.
271 2118 424 2182 Primum
446 2123 696 2194 causantur,‘ex
717 2117 856 2198 simplici
877 2117 962 2180 facto
984 2138 1051 2180 non
1074 2136 1145 2181 esse
1198 2117 1264 2183 sed.
1282 2138 1341 2199 pro
1367 2118 1440 2201 lege
1467 2117 1650 2182 inviolabili
1678 2117 1870 2183 habebatur.
1915 2118 2060 2202 Vigobat
2087 2120 2176 2184 enim

168 2202 351 2268 ducendam
383 2203 532 2286 regulam
559 2224 624 2284 qua
647 2202 782 2267 ecelesia
810 2203 851 2266 ad
873 2208 1065 2285 perpetuam
1088 2201 1145 2265 ob-
1198 2211 1277 2267 1111
1311 2203 1441 2268 divinae
1473 2204 1688 2269 institutionis
1718 2206 1915 2269 reverentia:
1949 2224 2010 2268 nee
2044 2203 2174 2271 sacrile-

168 2291 386 2354 servationem
416 2288 586 2371 obligetur.
632 2289 679 2353 At
700 2290 918 2367 mentiuntur,
941 2309 1042 2369 quum
1065 2289 1144 2351 sim·
1198 2291 1288 2373 gium
1311 2288 1381 2354 e'ssc
1403 2289 1611 2367 dubitabant,
1641 2310 1793 2372 separare
1820 2312 1903 2372 quae
1931 2291 2174 2354 1111111111-

167 2375 482 2458 plexfaetumesse
505 2375 632 2439 dieunt:
655 2375 872 2456 nequeenim
900 2375 1048 2456 porrexit
1069 2381 1144 2438 tan·
1196 2375 1287 2439 mino
1325 2375 1508 2440 coniuncta.
1571 2373 1628 2440 Sic
1661 2376 1751 2440 enim
1782 2376 1928 2458 loquitur
1961 2375 2128 2440 Celusius:
2145 2375 2174 2460 Β)

168 2469 240 2525 tum
269 2461 401 2526 calicem
430 2459 600 2539 Christus,
628 2461 686 2525 sed
707 2460 851 2525 instituit
872 2467 910 2524 ut
936 2459 1074 2542 apostoli
1097 2461 1143 2524 sio
1197 2461 1414 2543 comperimus
1437 2460 1677 2543 quodquidam
1701 2469 1831 2544 sumpta
1853 2460 2080 2526 tantummodo
2104 2483 2173 2526 eor-

168 2548 204 2610 in
236 2555 404 2629 posterum
443 2548 596 2611 facerent.
651 2546 889 2629 Praecipientis
921 2546 1009 2610 enim
1043 2546 1144 2611 verba
1195 2547 1284 2629 poris
1306 2547 1391 2611 sacri
1412 2547 1570 2629 portione,
1594 2567 1614 2610 1
1635 2546 1735 2613 calice
1757 2546 1945 2612 abstineant
1952 2572 1959 2627 ;
1983 2548 2039 2630 qui
2061 2548 2174 2630 procul

168 2640 261 2698 sunt:
291 2633 393 2698 bibite
416 2656 457 2699 ex
479 2633 541 2698 hoc
571 2633 671 2698 calice
703 2653 825 2697 omnes.
870 2633 916 2696 Et
942 2631 1069 2696 Paulus
1096 2633 1143 2696 sio
1196 2632 1307 2711 dubio,
1342 2635 1496 2714 quoniam
1529 2633 1637 2697 nescio
1665 2655 1728 2716 quc
1760 2627 1992 2715 superstitione
2019 2632 2174 2698 videntur

167 2720 288 2784 factum
322 2741 393 2784 esse
431 2726 677 2796 commemorat,
711 2728 747 2782 ut
780 2738 839 2801 pro
872 2726 959 2782 certo
991 2718 1143 2782 instituto
1196 2718 1353 2797 adstricti,
1380 2725 1438 2783 aut
1458 2719 1588 2802 integra
1610 2726 1816 2784 sacramenta
1835 2720 2031 2802 percipiant,
2053 2738 2110 2783 111
2132 2719 2173 2783 ab

167 2806 379 2871 commendet.
423 2806 578 2871 Alterum
599 2805 757 2888 effugium
779 2810 843 2882 est,
867 2804 952 2869 solos
980 2803 1143 2886 apostolos
1194 2805 1333 2889 integris
1355 2815 1543 2882 arceantur;
1566 2805 1682 2870 divisio
1704 2805 1794 2869 enim
1814 2806 1909 2870 istius
1930 2805 2081 2888 mysterii
2103 2805 2174 2870 sine

166 2892 202 2954 in
224 2892 321 2956 huius
343 2912 463 2957 coenae
483 2891 766 2975 participationem
788 2889 959 2955 aChristo
982 2889 1143 2955 admissos
1196 2890 1312 2974 grandi
1335 2890 1504 2974 sacrilegio
1526 2910 1593 2953 non
1616 2889 1808 2955 admittitur.
1844 2889 2075 2955 Audiebantur
2096 2891 2173 2956 illae

167 2997 247 3059 quos
270 2978 336 3041 iam
358 2979 393 3041 in
421 2978 642 3043 sacrificorum
671 2975 821 3040 ordinem
849 2975 1009 3058 allegerat
1036 2984 1069 3040 et
1090 2996 1143 3040 co·
1196 2976 1357 3059 Cypriani
1366 2976 1395 3061 ⁴)
1422 2977 1580 3055 rationes,
1609 2998 1693 3058 quae
1720 2998 1799 3041 sane
1832 2977 2044 3043 christianam
2078 2998 2171 3041 men-

166 3065 345 3145 optaverat.
389 3062 500 3127 Velim
521 3072 634 3127 tamen
656 3061 740 3126 mihi
757 3059 799 3125 ad
816 3063 957 3144 quinque
979 3061 1143 3143 postulata
1195 3070 1264 3126 tem
1284 3083 1476 3145 permovere
1498 3061 1626 3127 debent.
1671 3061 1851 3143 Quomodo,
1873 3063 1995 3145 inquit,
2019 3062 2171 3127 docemus

166 3147 398 3230 respondeant,
428 3147 545 3231 quibus
567 3148 652 3214 elabi
674 3169 741 3212 non
768 3155 925 3231 poterunt
946 3148 1026 3230 quin
1048 3146 1142 3213 facile
1195 3157 1253 3213 sut
1279 3169 1494 3230 provocamus
1516 3169 1570 3213 eos
1596 3150 1631 3212 in
1661 3150 1863 3213 confessione
1885 3148 2012 3214 Christi
2038 3149 2172 3232 sangui·

167 3254 241 3298 oum
263 3234 331 3299 suis
352 3231 531 3300 mendaciis
552 3235 773 3300 revincantur.
802 3234 961 3312 Primum,
985 3254 1142 3316 (111111-
1194 3255 1270 3298 nem
1303 3233 1457 3312 fundere,
1494 3235 1522 3299 si
1555 3234 1748 3299 militaturis
1781 3234 1976 3319 sanguinem
2009 3234 2080 3299 eius
2114 3234 2171 3300 de-

166 3319 239 3386 culo
267 3320 446 3386 revelatam
467 3319 591 3385 habent
618 3321 705 3385 hano
735 3320 944 3396 solutionem,
972 3327 1041 3386 tam
1062 3319 1142 3383 alie-
1194 3320 1375 3403 negamus?
1424 3321 1495 3384 hut
1520 3320 1681 3404 quomodo
1706 3321 1844 3386 facimus
1866 3319 1908 3385 ad
1933 3321 2083 3404 martyrii
2112 3341 2170 3403 po-

165 3426 245 3470 nam
278 3426 297 3469 1
328 3406 428 3472 verbo
455 3406 542 3472 Dei?
593 3404 767 3489 Scriptura
796 3404 967 3471 duodecim
993 3411 1143 3471 recenset
1194 3406 1305 3471 culum
1336 3405 1485 3486 idoneos,
1519 3406 1549 3472 si
1580 3426 1647 3471 non
1676 3427 1730 3472 eos
1758 3406 1800 3471 ad
1827 3405 2006 3471 bibendum
2034 3406 2171 3471 Domini

165 3491 223 3573 qui
245 3491 457 3557 secubuerint
478 3513 552 3558 cum
573 3493 651 3558 Iesu
657 3515 667 3572 ;
688 3491 747 3558 sed
769 3512 835 3555 non
857 3493 904 3555 ita
921 3491 1048 3557 Christi
1070 3490 1142 3573 dig·
1193 3491 1346 3573 poculum
1390 3492 1461 3558 rius
1481 3493 1518 3556 in
1540 3492 1677 3558 ecclesia
1697 3494 1768 3557 iure
1791 3493 2030 3557 communionis
2052 3492 2171 3557 admit

165 3576 305 3647 nitatem
327 3576 486 3658 obscurat,
509 3586 547 3642 ut
569 3579 732 3644 sacrificos
750 3599 805 3643 eos
823 3576 973 3660 appellet.
1007 3578 1141 3659 Deque
1194 3576 1314 3641 timus?
1360 3513 1459 3658 Cucd
1481 3584 1592 3642 autem
1613 3578 1655 3643 ad
1684 3577 1867 3644 sacerdotes
1889 3579 2096 3662 restringunt
2117 3598 2170 3642 11

166 3662 298 3727 nomine
317 3673 431 3745 postca
452 3684 512 3728 suo
534 3665 613 3731 loco.
657 3664 733 3728 Etsi
755 3662 926 3728 duodecim
947 3671 1020 3727 tum
1041 3662 1140 3741 dedit,
1193 3663 1344 3728 11111111
1371 3663 1453 3728 illud
1482 3664 1607 3729 Gelasii
1630 3665 1813 3743 decretum,
1842 3666 1948 3749 magis
1971 3664 2097 3746 puerile
2119 3670 2170 3727 est

165 3748 332 3832 praecepit
353 3755 463 3813 tumen
483 3757 523 3814 ut
543 3750 590 3817 sic
611 3750 764 3829 facerent,
787 3771 905 3834 nempe
928 3756 965 3812 ut
987 3749 1033 3813 sic
1054 3749 1142 3812 inter
1193 3748 1348 3814 cavillum
1369 3771 1469 3833 quam
1491 3760 1528 3814 ut
1549 3752 1685 3814 refutari
1707 3750 1831 3815 debeat.

165 3857 200 3900 se
222 3834 464 3900 distribuerent.
499 3833 663 3917 Secundo,
686 3855 745 3900 our
765 3835 902 3921 meliore
924 3834 980 3898 illo
1003 3834 1139 3913 saeculo,
1280 3839 1329 3900 50.
1386 3837 1512 3914 Tertio,
1542 3857 1602 3901 cur
1629 3834 1669 3900 de
1700 3857 1785 3918 pane
1812 3834 2004 3918 simpliciter
2027 3832 2111 3896 dixit
2131 3838 2169 3896 ut

164 3919 206 3985 ab
227 3919 381 4004 apostolis
410 3920 451 3985 ad
477 3921 568 3986 mille
588 3943 691 4004 usque
713 3943 818 3987 annos
838 3927 966 4004 postea,
989 3920 1060 3985 sine
1082 3942 1139 3985 ex·
1193 3920 1341 3998 ederent,
1370 3921 1547 3999 (11111111,
1578 3930 1617 3984 11
1638 3942 1752 3985 omnes
1780 3917 1948 3985 biberent?
1993 3918 2044 3983 Ac
2066 3918 2095 3983 si
2117 3939 2168 3983 sa·

165 4007 314 4089 ceptione
332 4026 446 4071 omnes
463 4006 767 4090 fiebantutriusque
782 4007 923 4092 symboli
940 4005 1138 4090 participes?
1192 4014 1290 4073 tanae
1322 4007 1492 4087 calliditati
1526 4029 1567 4071 ex
1605 4004 1766 4070 destinato
1799 4025 1968 4070 occurrere
2001 4004 2167 4070 voluisset

164 4092 386 4175 Ignorabatne
414 4099 509 4158 vetus
537 4093 673 4159 ecclesia
698 4115 780 4176 quos
803 4093 956 4159 Christus
984 4094 1140 4159 convivas
1193 4092 1336 4173 Quarto,
1367 4095 1395 4159 si
1417 4114 1476 4158 sua
1505 4111 1605 4156 coena
1625 4091 1788 4155 Dominus
1816 4090 1902 4155 solos
1929 4092 2091 4157 sacrificos
2114 4090 2169 4176 (ut

165 4176 208 4241 ad
227 4199 484 4246 coenamsuam
511 4177 716 4244 admisisset?
760 4179 1008 4245 Perditissimoe
1031 4181 1139 4263 impu·
1192 4179 1255 4263 ipsi
1282 4178 1415 4263 volunt)
1448 4177 1603 4262 dignatus
1630 4183 1694 4255 est,
1728 4177 1800 4260 quis
1826 4196 1971 4259 unquam
1998 4177 2169 4241 hominum

166 4263 296 4330 dentiae
317 4264 418 4330 fuerit
438 4264 492 4330 hie
514 4265 665 4330 restitere
687 4271 721 4329 11
739 4265 958 4349 tergiversari
992 4266 1140 4332 Exstant
1192 4285 1291 4330 ausus
1312 4270 1398 4328 esset
1415 4283 1533 4329 vocare
1554 4263 1589 4326 in
1608 4263 1890 4346 participationem
1907 4269 2090 4342 extraneos,
2112 4262 2168 4344 qui

166 4350 400 4417 ecclesiasticae
427 4350 597 4428 historiae,
630 4355 763 4416 exstant
783 4359 933 4417 veterum
957 4352 1049 4429 libri,
1082 4350 1139 4434 qui
1192 4350 1376 4416 aDomino
1405 4350 1530 4414 exclusi
1558 4348 1688 4414 essent?
1723 4357 1757 4414 et
1785 4349 2069 4432 participationem
2096 4347 2168 4430 qui-

160 4442 275 4520 aperta
295 4437 395 4501 huius
418 4438 466 4502 rei
485 4436 674 4501 testimonia
691 4443 882 4521 suggerunt.
918 4437 1013 4517 Caro,
1032 4437 1140 4519 inquit
1192 4436 1267 4502 dem
1295 4436 1365 4501 eius
1393 4435 1471 4500 doni
1499 4436 1591 4500 cuius
1619 4456 1721 4518 penes
1749 4455 1783 4501 se
1810 4443 1955 4519 potestas
1976 4455 2042 4500 non
2071 4440 2166 4513 esset,

161 4521 396 4603 Termllianus,
410 4525 435 4607 ¹)
457 4544 591 4607 corpore
613 4529 647 4588 11
663 4524 824 4607 sanguine
842 4522 968 4589 Christi
983 4524 1138 4608 pascitur,
1191 4522 1282 4586 nullo
1311 4523 1382 4589 eius
1407 4521 1561 4587 mandato
1587 4522 1644 4605 qui
1673 4521 1760 4586 solus
1788 4520 1867 4586 dare
1893 4519 2043 4604 poterat?
2093 4519 2167 4583 Imo

160 4613 201 4670 ut
227 4608 336 4673 anima
364 4606 405 4674 de
426 4608 500 4674 Deo
527 4609 704 4693 saginetur.
756 4607 929 4689 Quomodo
950 4607 1138 4674 huiusmodi
1191 4629 1258 4691 qua
1284 4608 1319 4673 id
1340 4608 1461 4675 fiducia
1482 4607 1580 4674 hodie
1601 4615 1779 4692 usurpant,
1808 4614 1847 4672 ut
1868 4607 2093 4691 plebeculaes
2151 4641 2167 4654 ·

161 4690 329 4771 manibus,
364 4694 491 4761 dicebat
516 4694 721 4760 Ambrosius
740 4692 930 4773 Theodosio,
939 4693 968 4780 2)
1007 4715 1137 4760 sacrum
1191 4694 1303 4760 bolum
1320 4694 1446 4762 Christi
1467 4694 1610 4779 eorporis
1627 4693 1833 4774 distribuant,
1852 4695 1880 4758 si
1897 4693 2028 4758 nullum
2045 4691 2088 4756 ha
2110 4697 2167 4756 ent

160 4777 298 4843 Domini
331 4797 447 4863 eorpus
479 4780 656 4865 suscipies?
707 4779 784 4861 Qua
816 4780 952 4846 audacia
1006 4780 1137 4846 oculum
1191 4778 1328 4845 Domini
1349 4782 1403 4847 vel
1424 4780 1617 4847 mandatum
1637 4780 1691 4846 vel
1712 4779 1920 4863 exemplum?
1966 4778 2099 4860 Quinto,
2123 4799 2166 4842 11

161 4862 332 4947 sanguinis
359 4864 493 4948 pretiosi
522 4889 579 4935 ore
606 4875 663 4933 tuo
690 4865 921 4950 participabis?
1011 4867 1137 4952 'erony-
1190 4944 1217 4963 ..

162 5037 363 5046 ..—.——-.—.

823 5114 828 5128 ·
1261 5088 1617 5156 numeraturum.
1704 5086 1734 5152 2)
1759 5087 1815 5140 Ohr
1834 5104 1855 5140 s.
1874 5089 1903 5139 in
1919 5085 1937 5138 2
1955 5086 2016 5140 Cor.
2035 5104 2057 5140 e.
2074 5086 2100 5141 8.
2116 5086 2164 5140 ho·

179 5196 180 5200 .
231 5155 260 5219 1)
279 5154 355 5208 Libr.
375 5155 409 5206 de
427 5170 527 5211 resurr.
544 5162 634 5213 curnis
651 5176 673 5213 c.
692 5157 717 5212 8.
792 5158 823 5222 2)
841 5159 938 5212 Refert
956 5157 1137 5212 Theodericus
1189 5158 1306 5213 111118.
1411 5157 1441 5225 3)
1465 5158 1596 5211 Refertur
1613 5158 1648 5210 de
1666 5173 1784 5210 conseer.
1824 5154 2163 5225 ’1121011111111111

161 5228 178 5279 l.
196 5225 221 5278 ὃ.
240 5241 263 5276 c
283 5221 318 5275 18
337 5223 383 5288 (ab
403 5220 457 5290 ll).
1189 5227 1220 5293 4)
1240 5229 1325 5282 Serui.
1344 5227 1370 5282 5.
1389 5227 1531 5296 delapsis.
