4672 5842
158 287 239 350 1011
799 273 1187 342 msmmrronuu.
1210 272 1390 341 ouarsr.
1416 278 1507 340 nse.
1600 223 1607 241 ’
2085 277 2169 339 1012

162 480 264 536 retur.
310 466 403 531 Itane
425 467 508 530 enim
525 463 709 548 palinodiae
728 464 898 545 fmmulmn
927 465 1053 528 dictami
1075 463 1138 528 Be·
1191 469 1244 542 est,
1266 464 1324 527 sub
1345 464 1444 545 specie
1454 465 1563 543 panis
1584 465 1670 545 farta
1688 464 1917 543 consecratione,
1939 464 2037 529 latere
2054 469 2084 528 et
2107 486 2170 545 ope

163 555 305 637 renpario
329 552 481 617 Nicolous
498 572 597 633 papa,
620 571 699 630 auae
715 551 922 630 poenitentiae
940 553 1025 614 testis
1045 550 1139 630 t'oret:
1190 551 1262 614 riri.
1308 550 1360 613 Ita
1381 550 1471 614 illins
1486 551 1587 630 panis
1611 551 1716 632 tipura
1743 549 1826 613 nibil
1845 550 1936 614 atiud
1957 572 2055 633 worn
2079 550 2169 614 tarro

163 640 263 706 vaus
284 638 398 703 scilicet
419 658 551 718 eousque
567 637 769 718 prodipiosis
792 641 826 699 ut
841 637 962 718 plassae
980 642 1070 700 autor
1087 657 1138 699 en·
1191 641 1247 714 est,
1284 638 1494 716 quaerentis
1520 641 1712 715 susspectum
1739 637 1865 717 auferat
1897 636 2005 703 osen
2054 637 2169 718 Neque

163 727 285 802 elamet,
314 724 492 805 perieulum
527 745 606 799 esse,
640 723 704 786 nisi
725 723 898 802 prudenter
924 723 986 786 sibi
1013 727 1140 786 careant
1191 744 1268 786 vero
1290 722 1403 786 multis
1426 723 1619 786 coniecturis
1641 744 1723 804 opus
1745 733 1803 797 cst,
1826 729 1864 785 ut
1881 721 2170 806 deprehendamus

162 813 293 888 lectores,
316 831 355 874 ne
376 808 520 874 leacresin
542 809 613 873 inde
632 807 785 871 hauriant
800 810 938 890 peiorem
959 829 1053 889 quom
1073 810 1139 889 t'ue·
1191 829 1272 890 quas
1300 808 1371 872 istis
1398 809 1505 872 verbis
1532 807 1667 872 insidias
1695 808 1828 872 tendere
1856 809 2039 885 volueriut,
2070 830 2170 890 quum

161 899 204 962 rit
228 896 427 978 Berenparii.
443 898 466 977 Ι)
506 894 617 959 Petrus
637 914 708 957 vero
731 893 935 972 lombardus,
958 896 1014 958 etsi
1036 895 1071 957 in
1088 915 1139 957 ee·
1191 917 1243 958 res
1266 895 1337 976 ipsa
1358 894 1445 958 clare
1467 894 1627 975 loquatur.
1669 893 1802 974 Quanta
1824 895 1912 957 euim
1935 894 2170 977 superstitione

161 983 303 1049 curando
323 981 513 1046 alrsnrditate
534 981 664 1043 incultum
688 980 821 1057 laborat,
844 982 947 1061 mapis
968 985 1070 1042 tanuen
1091 981 1139 1042 iu·
1190 981 1257 1043 iam
1284 980 1422 1045 sacculis
1445 980 1577 1061 aliquot,
1601 1001 1667 1044 non
1691 989 1820 1044 tantum
1842 981 2016 1045 hominum
2039 981 2169 1064 vulgus,

161 1071 258 1136 clinrrt
277 1069 311 1132 iu
340 1069 494 1131 ‹lieursam
521 1067 709 1130 serttcntiorn.
755 1063 924 1148 Siquidem
947 1074 985 1128 ut
1006 1066 1138 1128 linitum
1191 1065 1247 1129 sed
1277 1067 1435 1147 primores
1463 1087 1589 1147 quoque
1616 1067 1678 1149 ipsi
1696 1065 1821 1130 dctemi
1843 1067 1981 1145 fuerint,
2012 1087 2052 1131 ac
2076 1066 2169 1131 hodie

162 1178 242 1233 esec,
266 1175 325 1236 pro
348 1163 505 1235 perpetua
523 1152 666 1234 corporis
684 1151 822 1215 humani
843 1151 978 1228 rationo,
1001 1151 1137 1214 minime
1190 1153 1225 1215 in
1251 1152 1416 1233 papistieis
1445 1151 1589 1216 ecclesiis
1612 1152 1829 1230 detineantur,
1852 1152 1963 1217 videre
1988 1161 2050 1216 est
2084 1153 2170 1216 Nam

162 1241 368 1323 arrrhigimus,
393 1237 544 1318 coeloque
566 1237 737 1316 contineri,
760 1259 823 1319 quo
846 1238 945 1301 semel
970 1246 1138 1318 receptum
1190 1236 1230 1300 de
1253 1259 1331 1302 vera
1352 1237 1416 1301 fido
1438 1259 1555 1318 parum
1578 1238 1722 1315 solliciti,
1753 1260 1817 1321 qua
1838 1240 1907 1303 sola
1928 1247 1962 1302 et
1984 1239 2022 1302 in
2045 1237 2170 1303 Chr-‘sti

163 1338 221 1404 ost,
244 1264 344 1390 (leuce
367 1323 408 1388 ad
425 1323 582 1387 iudicium
605 1323 734 1387 redcat:
759 1324 805 1387 ita
823 1322 883 1386 sub
901 1323 980 1388 hacc
1003 1344 1137 1404 corrup-
1190 1325 1399 1405 pervenimus
1433 1324 1636 1402 societatem,
1671 1331 1704 1388 ct
1739 1344 1813 1388 eum
1847 1326 1916 1406 ipso
1944 1325 2169 1402 cohaeremus,

164 1413 270 1476 tihilia
298 1412 457 1474 clementa
480 1409 647 1472 retrahere
671 1410 794 1490 ipsum,
824 1418 881 1472 aut
903 1409 1022 1490 ubique
1043 1430 1137 1491 prac-
1190 1408 1285 1472 modo
1314 1408 1480 1473 carnalem
1514 1411 1583 1473 eius
1617 1412 1835 1492 praesentiam
1868 1410 2032 1483 habeant,
2075 1431 2170 1494 quam

164 1521 240 1564 sons
263 1496 443 1579 imaginari,
468 1517 599 1576 prorsus
621 1492 771 1559 ducimus
794 1496 886 1558 nefas
908 1516 987 1558 csse.
1023 1494 1138 1576 Neque
1191 1495 1278 1559 ultra
1299 1495 1437 1560 verbum
1452 1495 1476 1577 ¹)
1499 1495 1714 1573 fabricarunt,
1743 1498 1822 1561 satis
1844 1496 1938 1560 illum
1960 1506 2168 1579 praesentem

165 1585 197 1649 id
220 1606 298 1648 sarie
318 1604 399 1664 opus
418 1592 475 1657 est,
499 1602 561 1662 quo
581 1581 682 1663 ipsius
705 1579 953 1663 participatione
975 1582 1137 1658 fruamur;
1191 1579 1311 1644 habero
1334 1603 1369 1645 sc
1396 1589 1521 1663 putant.
1566 1581 1711 1645 Proinde
1739 1583 1800 1646 hoc
1829 1583 1863 1645 in
1892 1604 2025 1647 summa
2048 1584 2169 1665 prolec-

164 1667 292 1753 quando
321 1669 381 1731 hoe
405 1667 552 1731 beneficii
576 1667 810 1749 perspiritum
833 1688 930 1730 suum
953 1664 1046 1729 nobis
1069 1665 1138 1729 Do·
1191 1675 1260 1729 tum
1284 1666 1433 1732 videmus
1456 1667 1520 1731 ista
1537 1669 1707 1750 ingeniosa
1725 1668 1915 1746 subtilitate,
1938 1680 1976 1733 ut
1999 1670 2098 1752 panis
2115 1690 2169 1751 pro

162 1753 449 1834 minuslarpitur,
482 1762 517 1816 ut
541 1775 642 1815 uuum
665 1772 808 1834 corporo,
832 1752 950 1834 spiritu
974 1752 1139 1815 stenima
1190 1752 1261 1817 Deo
1284 1751 1506 1834 haberetne)

163 1863 272 1907 seeum
303 1842 428 1904 tianius.
474 1838 652 1901 Vineuhun
676 1860 753 1921 ergo
781 1839 878 1902 istius
901 1837 1138 1903 coniunctionis
1279 1844 1326 1901 14.
1372 1839 1457 1902 Hinc
1475 1839 1599 1920 poeta
1624 1838 1737 1918 fictitia
1766 1841 1825 1904 illa
1847 1839 2168 1918 transsubstantiatio,

163 1938 214 1992 cst
235 1927 368 2008 spiritus
391 1923 524 2001 Christi,
555 1924 647 1987 euius
669 1946 755 1988 nexu
778 1924 984 2006 copulamur;
1011 1932 1044 1987 et
1066 1923 1137 2005 qui·
1186 1945 1247 2006 pro
1275 1946 1338 2005 qua
1366 1924 1455 1988 hodie
1483 1926 1590 1988 aerius
1617 1926 1796 2008 depupnont
1822 1946 1916 2006 aream
1938 1948 2002 2006 pro
2030 1926 2169 1990 omnibus

163 2013 238 2077 dam
275 2012 375 2076 veluti
404 2010 540 2083 esurialis,
575 2032 634 2092 per
668 2032 764 2091 quem
794 2009 952 2092 quidquid
983 2008 1138 2074 Christus
1192 2011 1268 2075 aliis
1296 2010 1371 2090 fidei
1400 2031 1476 2075 suae
1501 2011 1663 2091 eopitibies.
1715 2012 1823 2093 Neque
1851 2013 1933 2076 eninr
1961 2032 1996 2076 se
2024 2014 2168 2093 expedire

163 2099 231 2181 ipso
254 2109 288 2161 ct
310 2108 356 2161 cst
382 2105 414 2160 ct
437 2096 544 2172 habet,
568 2095 608 2159 ad
630 2118 687 2159 nos
710 2095 886 2160 derivatur.
932 2095 1018 2159 Nam
1035 2095 1064 2159 si
1086 2116 1138 2158 so·
1185 2097 1288 2176 primi
1312 2097 1420 2161 localis
1435 2098 1637 2178 praesentiae
1659 2097 1816 2162 oreltiteeti
1832 2102 1994 2179 poterant,
2023 2099 2167 2178 quomado

162 2185 227 2249 lom
262 2182 479 2265 conspicimus
517 2181 616 2245 radiis
643 2182 677 2244 iu
706 2191 828 2246 terram
856 2182 1065 2258 emicantem,
1097 2179 1137 2244 ad
1194 2180 1313 2245 Christi
1345 2202 1458 2263 eorpus
1484 2183 1585 2262 panis
1617 2183 1809 2248 substantiae
1834 2185 2058 2267 permixtus³)
2086 2186 2166 2266 soret,

163 2268 375 2355 gerwraudos,
400 2267 570 2343 tbvemlos,
602 2268 799 2349 vegetandos
822 2267 893 2332 cius
915 2268 1020 2331 foetus
1043 2288 1138 2330 suam
1191 2268 1268 2348 quin
1291 2269 1441 2348 protinus
1464 2274 1655 2333 mmrreratt
1682 2271 1782 2335 inulto
1812 2270 1961 2334 absurda.
2012 2269 2104 2354 Erpa
2129 2270 2167 2334 ad

162 2352 400 2439 qrrodammodo
423 2353 638 2417 substantiam
661 2353 701 2417 ad
724 2376 797 2417 cam
819 2354 982 2417 traiicere:
1006 2374 1064 2417 our
1087 2354 1138 2415 iu·
1191 2353 1245 2416 hoc
1259 2354 1438 2436 tipmerrtnm
1455 2356 1614 2436 cuisupere
1631 2375 1749 2420 reccesse
1765 2357 1837 2437 t'uit,
1854 2355 1927 2436 fieri
1944 2358 2166 2444 conversionem

162 2440 260 2505 lorior
277 2440 411 2523 spiritus
430 2438 553 2503 Christi
573 2445 658 2505 esset
680 2438 854 2511 irradiatio,
879 2438 919 2502 sd
936 2440 1138 2503 communio-
1185 2440 1285 2520 panis
1314 2442 1348 2503 in
1373 2461 1499 2521 corpus:
1532 2462 1592 2503 non
1620 2442 1701 2520 quod
1721 2443 1854 2523 proprie
1881 2462 1920 2505 ea
1940 2463 2030 2522 pane
2058 2462 2166 2524 mrpas

162 2548 238 2591 nem
266 2527 373 2590 ertrrris
395 2536 429 2588 et
450 2525 620 2605 sauguinis
644 2525 714 2588 eius
742 2527 776 2587 iu
798 2547 858 2589 nos
880 2523 1136 2588 traducendam?
1188 2528 1253 2605 tint,
1276 2527 1330 2589 sed
1357 2527 1433 2606 quia
1458 2525 1612 2602 Christus,
1634 2532 1667 2590 ut
1686 2527 1744 2591 sub
1762 2528 1869 2610 fipura
1890 2549 1923 2592 se
1944 2529 2076 2605 annua
2100 2528 2167 2593 sub

162 2611 370 2695 Quapropter
398 2612 575 2692 scriptura,
605 2611 659 2673 ubi
688 2610 729 2674 de
759 2618 871 2675 nostra
898 2632 974 2675 eum
1004 2610 1137 2674 Christo
1191 2614 1339 2675 auertiarn
1376 2613 1408 2674 in
1443 2611 1579 2676 nihilum
1605 2614 1727 2696 redipit.
1779 2613 1906 2676 Mirum
1933 2620 2033 2678 autem
2061 2619 2108 2676 est
2131 2633 2165 2675 ee

161 2698 410 2780 participatione
432 2697 586 2778 loqrritur,
609 2697 677 2761 vim
700 2698 770 2759 eius
792 2697 980 2761 uuiversum
1008 2695 1048 2759 ad
1071 2697 1137 2779 spi·
1190 2698 1334 2761 inscitiae
1355 2699 1417 2761 ineo
1438 2699 1577 2777 staporis
1596 2699 1697 2779 fuisse
1714 2699 1897 2780 prolapsos,
1922 2704 1954 2761 ut
1978 2718 2039 2761 non
2061 2697 2164 2762 sdurrr

162 2785 262 2849 ritum
294 2784 399 2847 refert.
445 2783 511 2849 Pro
537 2781 651 2847 multis
680 2790 789 2846 taurea
818 2804 903 2846 unus
929 2782 1018 2846 locus
1047 2783 1137 2846 sulli-
1190 2789 1377 2865 repnpnante
1405 2784 1577 2863 scriptura,
1605 2786 1660 2848 sed
1673 2786 1782 2848 'etiarn
1804 2786 1914 2850 ceteris
1932 2785 2072 2850 eoeuaae
2094 2804 2165 2848 con·

161 2871 233 2935 ciet.
289 2869 413 2934 Paulus
455 2869 544 2933 euim
577 2868 617 2932 ad
652 2868 838 2945 Roruauos,
873 2870 979 2950 eapite
1013 2877 1136 2944 octavo,
1190 2873 1485 2947 sensaneonstrarn
1506 2870 1586 2932 illud
1607 2871 1642 2933 in
1669 2871 1806 2934 nantium
1821 2872 2005 2952 proterruit.
2051 2869 2166 2934 Fateor

161 2955 332 3020 Christum
368 2978 433 3018 mm
463 2955 558 3018 alitor
587 2957 621 3017 in
650 2953 744 3018 uobis
771 2975 869 3036 quam
899 2975 958 3035 per
986 2955 1138 3035 spiritum
1190 2956 1315 3034 peridem
1341 2954 1505 3020 reuerentior
1532 2960 1667 3019 veterum
1693 2959 1901 3021 mirrensionis
1921 2977 1990 3021 voce
2010 2958 2165 3022 interdurn

161 3063 258 3106 surim
287 3040 434 3104 habitare
464 3040 608 3105 disserit:
638 3062 702 3122 quo
732 3050 843 3102 tamen
872 3039 976 3116 illam,
1006 3037 1045 3102 do
1074 3060 1138 3121 qua
1189 3040 1291 3121 fuisse
1312 3062 1401 3105 usos:
1429 3062 1487 3104 rrae
1516 3043 1596 3121 qued
1624 3043 1742 3107 abolere
1764 3042 1871 3107 uellent
1893 3045 1927 3107 in
1950 3045 2087 3107 oeternis
2107 3045 2165 3125 sip

162 3149 249 3190 uarro
277 3148 383 3189 somno
411 3135 460 3189 est
483 3127 590 3190 tunnis
617 3135 650 3190 ot
677 3126 847 3208 sauguinis
875 3125 1137 3190 communionem
1190 3127 1242 3190 nis
1263 3125 1483 3205 substantiam,
1511 3129 1564 3192 sed
1586 3133 1620 3191 ut
1642 3129 1780 3192 docerent
1800 3149 1920 3209 panem
1949 3131 2096 3211 mysterio
2121 3128 2166 3194 di·

162 3234 229 3276 nou
258 3212 356 3284 tollit,
387 3211 444 3276 sed
472 3211 512 3276 ab
541 3233 606 3275 uuo
635 3213 754 3294 spiritu
785 3209 870 3276 ellici
892 3210 1000 3289 docet,
1029 3220 1066 3275 ut
1089 3221 1137 3274 to-
1190 3217 1293 3276 catum
1321 3213 1406 3296 lonpe
1439 3234 1460 3277 a
1487 3214 1612 3297 culpari
1640 3215 1776 3293 distare,
1810 3236 1846 3278 ao
1874 3216 1941 3278 iant
1966 3215 2069 3279 atium
2096 3235 2164 3279 esse

161 3308 232 3361 tum
262 3297 435 3361 Christum
465 3297 686 3379 possideamus
715 3306 748 3361 et
774 3297 953 3362 habeamus
974 3298 1015 3361 in
1044 3297 1137 3362 nobis
1198 3297 1321 3379 Ubique
1341 3306 1445 3362 autern
1464 3299 1547 3364 clare
1562 3298 1749 3381 praedicant
1769 3321 1881 3378 annes,
1903 3322 2031 3365 sacram
2048 3320 2165 3366 mam

161 3392 360 3448 usurientem.
1190 3384 1313 3448 duobus
1328 3385 1474 3466 partibus
1495 3391 1643 3464 constare,
1665 3392 1787 3450 terrena
1806 3390 1833 3450 et
1854 3387 1991 3466 eoelesti;
2020 3409 2059 3452 ae
2081 3394 2164 3453 utre

254 3474 299 3531 13.
353 3468 561 3533 Verecundius
586 3468 779 3547 Seleolastiei,
801 3489 878 3549 quos
899 3474 963 3533 tam
985 3469 1139 3534 barbarae
1190 3491 1265 3534 narn
1285 3472 1352 3534 sine
1371 3473 1575 3536 controversia
1601 3472 1841 3553 interpretantur
1860 3481 2033 3553 portentet
2054 3477 2163 3538 airuns

163 3554 206 3620 im
232 3555 333 3618 ietotis
350 3553 460 3620 horror
477 3556 588 3634 tmeseia
605 3554 685 3617 reiltil
703 3559 801 3618 laneca
823 3556 885 3636 ipsi
904 3577 1022 3637 quoque
1043 3576 1138 3636 piram
1193 3555 1278 3620 Certe
1299 3557 1452 3637 quidquid
1470 3560 1630 3640 parrioni,
1660 3558 1833 3623 vetustatis
1855 3561 2057 3640 patrocinio,
2085 3557 2162 3644 quod

160 3577 376 3705 militiaihus
389 3641 575 3722 paraestipiis
597 3640 714 3704 luriunt.
751 3640 827 3703 Nou
849 3641 1136 3724 circumscriptirc,
1190 3640 1331 3707 evidenti
1353 3643 1418 3707 Dei
1440 3644 1540 3708 verbo
1563 3665 1658 3725 saepo
1681 3664 1842 3727 opponere
1865 3645 2006 3723 audent,
2035 3648 2071 3711 in
2092 3668 2160 3712 eon·

161 3747 221 3791 nec
244 3727 406 3808 corporali
433 3726 529 3790 modo
550 3726 710 3791 contineri
739 3726 805 3791 illie
828 3726 1002 3791 Christum
1024 3748 1136 3792 couoc·
1189 3730 1350 3792 firmando
1372 3728 1434 3793 isto
1453 3729 1604 3812 dogmate
1622 3729 1755 3794 destitui
1771 3730 1885 3811 polone
1904 3737 1957 3795 est.
1992 3732 2065 3797 Nec
2082 3733 2161 3797 euim

161 3811 259 3889 dnrrt;
287 3811 343 3876 sed
374 3813 532 3877 rationem
562 3810 679 3876 deiude
701 3812 1010 3890 comminiscuntur,
1038 3833 1136 3895 quam
1189 3815 1236 3878 ita
1258 3814 1385 3896 pridem
1407 3818 1626 3898 excogitatum
1648 3817 1720 3892 fuit,
1744 3818 1931 3899 ignoratum
1958 3819 2087 3898 quidem
2105 3838 2162 3880 nort

160 3920 221 3962 nee
255 3899 317 3981 ipsi
353 3898 563 3981 intelligunt,
597 3921 657 3964 nco
688 3898 760 3963 aliis
793 3908 931 3980 possunt
963 3899 1135 3980 explicare,
1188 3899 1377 3964 melioribus
1398 3901 1463 3965 illis
1486 3900 1625 3966 sacculis
1646 3903 1748 3980 unda,
1777 3901 1895 3985 quibus
1925 3906 2041 3985 purior
2061 3904 2162 3967 adhue

161 4004 245 4065 quac
268 3995 378 4048 tamen
397 4007 434 4049 co
463 3984 592 4063 recidit,
622 3993 660 4048 ut
682 3984 834 4049 Christus
856 3984 892 4047 in
914 3985 1020 4065 specie
1042 3985 1136 4067 pauis
1189 3986 1322 4068 vigebat
1343 3986 1509 4070 religionis
1532 3987 1694 4066 doctrinm
1717 3990 1771 4052 sed
1792 4008 1889 4070 quum
1908 3990 1976 4053 iam
1999 3989 2160 4055 admodum

160 4089 258 4150 quam
286 4080 405 4133 vocitat
431 4082 617 4153 quaeratur.
668 4070 756 4151 Quid
785 4068 895 4134 enirn?
932 4091 1032 4152 quum
1060 4072 1136 4134 sub·
1189 4072 1353 4150 inquinata
1377 4078 1453 4137 esset
1476 4073 1532 4137 illo
1547 4075 1687 4153 puritas.
1732 4074 1836 4138 Nemo
1863 4083 1915 4141 est
1937 4083 2084 4141 veterum
2105 4075 2161 4156 qui

160 4156 315 4219 strurthmr
338 4157 433 4239 panis
455 4157 492 4219 iu
514 4157 685 4221 Christum
708 4155 855 4221 converti
877 4154 1000 4234 dieunt,
1024 4176 1135 4220 annon
1188 4177 1280 4221 saera
1309 4179 1427 4222 coenae
1455 4159 1604 4243 symbola
1631 4182 1698 4223 non
1725 4162 1868 4227 fateatur
1893 4158 2031 4228 disertis
2057 4161 2160 4226 serbis

160 4240 300 4324 affigunt
322 4240 480 4319 allndini,
503 4264 599 4325 quam
623 4242 689 4307 illio
719 4242 876 4324 reliquam
899 4241 1045 4306 faciunt?
1089 4244 1137 4305 At
1188 4263 1307 4324 panem
1325 4254 1359 4306 et
1381 4246 1495 4307 vinum
1515 4267 1600 4323 esse;
1622 4247 1692 4323 etsi,
1716 4252 1750 4309 ul
1766 4240 1883 4313 aa*
1897 4253 1952 4324 est,
1975 4250 2080 4313 variis
2100 4248 2161 4330 epi·

159 4328 206 4392 sio
240 4328 425 4393 aeut-inetur
452 4329 484 4392 in
514 4338 718 4393 sacramento
745 4339 783 4390 ut
812 4328 845 4391 in
874 4329 962 4393 coelo
994 4338 1134 4405 maneat
1188 4328 1289 4393 thetis
1310 4329 1367 4392 illa
1389 4330 1556 4394 interdum
1578 4331 1778 4414 insigniunt,
1808 4331 1849 4396 ad
1870 4333 2161 4400 commendandam

159 4413 327 4495 iuquiunt;
356 4436 416 4478 neo
445 4413 544 4478 aliam
572 4436 669 4496 quam
693 4412 894 4478 habitudinis
917 4416 1135 4495 praesentiam
1187 4415 1337 4499 mysterii
1364 4415 1565 4500 dignitatem.
1610 4418 1698 4481 Nam
1726 4417 1812 4500 quod
1833 4418 1960 4497 dieunt,
1988 4421 2027 4485 in
2055 4442 2162 4487 ocum·

159 4499 342 4563 statuimus.
387 4500 514 4564 Verum
542 4521 753 4582 quaeeunque
776 4499 923 4564 faciendo
945 4500 1018 4566 fuco
1040 4521 1135 4566 voea-
1188 4503 1333 4565 eratione
1354 4503 1427 4566 fieri
1449 4523 1602 4568 masuam
1629 4506 1891 4583 couversionem,
1921 4515 1960 4569 ut
1988 4508 2059 4572 iam
2080 4503 2164 4570 aliud

158 4585 237 4650 bula
258 4585 446 4661 obtendant,
469 4585 521 4650 hio
544 4587 690 4649 ouurium
708 4586 784 4649 linis
805 4594 864 4661 cst,
887 4606 945 4667 per
966 4606 1135 4652 eonsecra-
1188 4588 1231 4651 sit
1256 4609 1355 4670 quam
1379 4589 1474 4670 panis
1505 4599 1539 4652 et
1560 4590 1689 4668 vinum,
1718 4610 1824 4673 nuper
1850 4591 2009 4656 admonui
2037 4615 2076 4657 eo
2102 4614 2163 4657 nou

159 4672 281 4735 tionem
316 4670 487 4735 Christum
521 4673 592 4735 fieri
623 4672 678 4754 qui
712 4682 809 4736 tenua
864 4672 936 4735 auis
970 4683 1059 4748 erat,
1098 4682 1136 4735 ut
1187 4672 1382 4756 significare,
1401 4676 1436 4738 iu
1458 4675 1685 4758 nihilumipsa
1703 4677 1815 4760 redigi,
1839 4676 1988 4742 sedium
2012 4679 2078 4744 alio
2100 4679 2165 4743 loeo

159 4754 277 4820 deiude
306 4757 365 4820 sub
389 4757 446 4820 illo
470 4759 564 4840 petuis
586 4758 692 4821 oolorc
713 4757 815 4821 lateat
836 4692 999 4822 Christus.
1047 4757 1137 4837 Quod
2170 4765 2180 4777 '

158 4845 251 4907 etiain
280 4841 393 4907 ‹liserte
421 4846 596 4924 erpuinum
624 4864 674 4908 ens
703 4865 762 4906 non
786 4843 893 4923 pudet.
946 4844 1027 4906 Sunt
1052 4845 1134 4907 err-im

159 4926 331 4993 Lunthardi-
355 4929 491 5011 reram)
513 4950 625 5010 mrpus
648 4928 774 5007 Christi,
796 4929 878 5010 estod
906 4931 939 4993 in
960 4949 993 4993 se
1014 4929 1136 4995 visibile
1257 4930 1287 4982 li
1304 4933 1388 4983 verba
1412 4931 1486 5012 15⁷⁶·
1503 4930 1581 5013 ,15775
1600 4931 1675 4986 1⁶85·
1729 4933 1783 5015 ‚ll
1802 4934 1857 4987 ffic
1874 4937 1971 4990 ¹²5⁸·
1991 4937 2165 5005 &mer

1188 5000 2165 5188 ,tresenreuter-,eet

231 5197 258 5268 l)
279 5204 343 5254 ltisr.
364 5203 387 5255 ι).
408 5224 429 5255 r.
447 5201 506 5271 lup»
526 5205 714 5271 Bercugarius.
791 5202 820 5265 a)
841 5203 913 5255 Libr.
933 5205 959 5256 4.
980 5205 1049 5256 Dist.
1069 5204 1110 5256 12.
1188 5136 1614 5278 iiiiiiuellnlliolol’l'wmomisb
1623 5140 1873 5278 ww&
1892 5139 1970 5196 15η
1990 5143 2069 5200 ιὸὥ
2092 5144 2166 5200 lm

1186 4828 1390 4839 ᾗ.
