4672 5842
804 303 1069 372 INSTITU'PIO
1091 304 1197 371 Rue.
1219 303 1400 371 OHRIS'P.
1425 308 1517 369 1559.
2105 306 2171 367 968

157 312 224 376 ‘tet

160 522 251 567 mare
279 498 428 574 rubrum,
459 506 492 561 et
521 497 729 562 Pharaonem
759 499 866 579 ipsum
895 508 928 560 et
956 497 1137 580 Aegyptios
1188 495 1355 578 putatione
1377 492 1551 570 duntaxat3
1580 493 1657 575 quia
1684 514 1742 574 pro
1763 493 1860 557 iustis
1883 502 1916 556 et
1936 490 2169 556 innocentibus

162 588 279 660 hostes,
303 586 357 666 qui
380 605 400 647 a
421 593 514 666 tergo
536 583 602 647 illis
629 585 798 648 instabant
819 593 852 646 et
874 581 1052 647 cervicibus
1075 583 1137 644 im·
1190 603 1244 645 eos
1267 602 1328 645 sua
1349 578 1571 645 misericordia
1592 576 1755 644 Dominus
1779 579 1885 642 habet.

160 674 345 747 minabant,
373 669 555 733 submersit.
602 670 688 733 Nam
713 679 746 733 et
773 668 813 731 ad
837 669 924 734 hunc
945 667 1079 731 modum
1101 669 1138 730 in
1280 672 1325 729 ll.
1372 666 1523 730 Alterum
1545 673 1610 742 est,
1640 664 1726 746 quod
1754 665 1833 728 haec
1860 665 2060 745 perversitas
2083 685 2170 727 nun·

162 757 322 839 baptismo
344 755 516 837 pollicetur
534 757 625 821 nobis
644 764 677 818 et
695 755 771 819 dato
790 755 884 836 signo
906 751 1055 829 ostendit,
1077 775 1137 817 nos
1190 775 1288 836 quarn
1317 754 1351 816 in
1379 752 1473 816 nobis
1503 759 1623 826 cessat,
1658 748 1715 814 sed
1746 771 1847 814 noros
1875 750 2006 814 assidue
2039 751 2169 813 finctus

161 865 202 909 ex
224 843 367 926 Aegypti
397 842 601 922 captivitato,
631 840 691 905 hoc
711 851 760 904 est
784 862 801 904 e
823 841 947 922 peccati
970 840 1135 916 servitute,
1189 839 1284 921 parit,
1308 860 1347 902 ca
1369 839 1492 902 scilicet
1512 858 1596 917 quae
1619 841 1695 900 ante
1720 835 1950 917 descripsimus
1972 857 2075 919 opera
2098 857 2170 900 cau-

161 950 221 994 sua
245 929 365 992 virtute
387 927 520 991 eductos
542 943 575 991 ct
598 926 792 1002 vindicatos3
820 927 1025 990 submersum
1047 925 1137 988 Pha·
1189 926 1255 1002 nis;
1286 946 1351 988 non
1385 945 1478 988 secus
1506 934 1603 1003 atque
1630 923 1764 986 incensa
1793 923 1909 985 fornax
1937 924 2110 986 flammam
2137 938 2170 987 et

162 1035 295 1079 raonem
326 1022 490 1090 nostrum,
519 1013 550 1076 id
580 1021 630 1077 est
659 1012 837 1077 diabolum:
868 1033 1054 1094 quanquam
1077 1034 1136 1076 nee
1190 1011 1347 1075 scintillas
1375 1019 1531 1092 perpetuo
1555 1010 1659 1082 efflat,
1688 1020 1747 1070 aut
1768 1009 1931 1091 scaturigo
1953 1028 2076 1090 aquam
2099 1011 2170 1073 siue

163 1103 208 1165 sic
231 1100 332 1163 etiam
354 1119 505 1162 exercere
527 1121 586 1163 nos
613 1109 647 1161 et
668 1099 805 1181 fatigare
827 1098 963 1161 desinat.
1010 1099 1136 1161 Verum
1161 1128 1164 1179 1
1189 1099 1256 1161 fine
1286 1097 1398 1179 egerit.
1448 1095 1534 1159 Nam
1573 1095 1833 1175 concupiscentia
1861 1115 2030 1175 nunquam
2069 1096 2170 1177 plane

164 1196 201 1250 ut
225 1185 409 1268 Aegyptius
432 1183 486 1247 illc
508 1205 572 1248 non
596 1185 630 1247 in
653 1183 850 1266 profundum
871 1185 970 1247 maris
994 1183 1137 1248 deiectus
1162 1182 1164 1217 ¹
1188 1184 1224 1247 iu
1247 1181 1432 1245 hominibus
1449 1180 1564 1244 interit
1585 1192 1618 1243 et
1635 1180 1865 1262 exstinguitur,
1884 1179 1986 1245 donec
2002 1202 2066 1263 per
2083 1202 2170 1245 mor-

163 1275 278 1348 fucrat,
302 1270 410 1335 sedin
439 1270 532 1333 litore
561 1279 742 1352 prostratus
764 1268 901 1333 terribili
924 1281 1057 1350 aspectu
1080 1270 1137 1332 avl-

164 1360 228 1422 hue
250 1357 414 1420 Israelitas
438 1358 593 1432 terrebat,
624 1377 739 1420 nocere
768 1365 879 1418 tamen
907 1377 971 1418 non
994 1365 1135 1437 poterat:

164 1446 210 1509 ita
233 1444 285 1506 hic
307 1451 417 1505 noster
446 1440 552 1505 adhuc
574 1441 703 1523 quidem
726 1441 885 1516 minatur,
916 1461 1007 1504 anna
1029 1449 1138 1504 osteu-

165 1530 221 1605 dit,
245 1528 391 1603 sentitur,
414 1527 471 1590 scd
493 1529 623 1591 vincere
644 1548 711 1591 non
733 1536 847 1610 potest.
888 1527 928 1590 In
951 1527 1037 1590 nube
1060 1549 1138 1608 pur-

165 1614 306 1699 gationis
334 1613 518 1694 spunbolum
548 1614 620 1676 suit.
666 1614 751 1676 Nam
775 1621 811 1675 nt
834 1621 905 1674 tum
930 1612 1001 1675 illos
1023 1611 1138 1675 Domi-

166 1723 229 1764 nus
252 1698 401 1780 opposita
428 1699 513 1762 nube
535 1700 663 1780 operuit
685 1711 718 1762 et
740 1698 945 1781 refrigerium
968 1699 1137 1779 praestitit,

165 1807 207 1849 no
229 1782 476 1848 inclementiore
505 1785 582 1847 solis
608 1783 722 1847 ardore
745 1782 921 1848 deficerent
942 1790 974 1845 et
996 1786 1139 1848 tabesce-

163 1880 247 1947 rent,
271 1870 317 1934 ita
339 1869 371 1933 in
395 1870 557 1952 baptismo
586 1892 644 1934 nos
673 1870 797 1934 Christi
825 1870 985 1951 sanguine
1012 1880 1140 1952 opertos

165 1979 236 2022 esso
258 1965 290 2020 et
308 1965 468 2036 protectas
487 1958 703 2038 agnoscimus,
726 1978 767 2019 ne
787 1956 849 2018 Dei
869 1956 1034 2032 severitas,
1058 1977 1140 2037 qnae

165 2064 242 2108 vore
265 2050 314 2105 cst
336 2042 468 2105 flaruma
489 2041 711 2116 intolerabilis,
736 2041 827 2105 nobis
846 2041 1021 2105 incumbat.
1068 2041 1141 2105 Eat

164 2150 235 2193 vcro
253 2133 322 2191 turm
340 2127 501 2191 chaeream
518 2134 545 2191 et
556 2130 675 2207 parocia
692 2129 842 2209 copiatum
865 2128 929 2207 tait
945 2129 1142 2209 ascysterium:

165 2216 241 2296 qaia
274 2218 376 2276 watra
409 2235 469 2275 rien
497 2214 564 2276 alia
598 2219 641 2277 est
668 2214 784 2277 scitatis
812 2213 1031 2294 sclipieccadcc
1059 2215 1140 2276 ratio

164 2320 261 2382 quam
283 2300 318 2362 ia
346 2298 412 2362 illis
440 2300 560 2362 dachis·
580 2301 708 2382 pretiis
737 2299 838 2362 noluit
865 2298 955 2362 Deus
977 2301 1141 2379 utriusque

1190 1278 1256 1332 tem
1287 1289 1305 1331 c
1333 1288 1466 1349 corpore
1500 1266 1617 1329 mortis
1651 1266 1779 1329 liberati
1806 1266 1996 1348 semetipsos
2031 1288 2169 1348 prorsus

1190 1355 1349 1418 exuerint.
1402 1352 1593 1434 Baptismus
1620 1351 1750 1434 quidem
1782 1353 1943 1434 promittit
1970 1353 2067 1416 nobis
2094 1354 2169 1417 sub-

1191 1460 1336 1503 mersum
1363 1460 1433 1502 esse
1464 1447 1611 1501 nostrum
1637 1437 1845 1501 Pharaonem
1874 1447 1906 1501 ct
1933 1439 2062 1519 peccati
2084 1461 2170 1503 mor·

1191 1527 1415 1602 tilieutionem3
1439 1545 1504 1587 non
1528 1532 1637 1587 tamen
1660 1523 1707 1586 ita
1725 1534 1763 1586 ut
1785 1523 1925 1604 amplius
1946 1545 2013 1588 non
2038 1527 2090 1602 sit,
2114 1539 2171 1588 aut

1191 1612 1284 1675 nobis
1303 1611 1468 1692 negotium
1488 1630 1553 1673 non
1576 1610 1721 1684 facessat,
1746 1608 1802 1673 sed
1821 1618 1948 1673 tantum
1968 1632 2008 1673 ne
2028 1623 2168 1692 superet.

1192 1698 1278 1761 Nam
1299 1696 1455 1778 quamdin
1476 1697 1510 1758 in
1534 1696 1595 1760 hoc
1622 1717 1750 1759 carcerc
1777 1697 1920 1776 corporis
1942 1698 2047 1759 nostri
2069 1697 2171 1761 clausi

1193 1781 1358 1865 degemus,
1382 1782 1577 1848 habitabunt
1597 1781 1633 1843 in
1656 1781 1749 1844 nobis
1772 1782 1927 1863 reliquiae
1949 1784 2092 1863 peccati:
2116 1784 2170 1847 sed

1193 1871 1219 1932 si
1248 1870 1496 1950 promissionem
1534 1868 1569 1929 in
1599 1868 1760 1948 baptismo
1789 1866 1882 1930 uobis
1911 1888 1931 1930 a
1957 1866 2031 1931 Deo
2061 1868 2170 1932 datam

1192 1953 1256 2018 fide
1291 1964 1455 2028 tenemus,
1493 1975 1559 2017 non
1594 1952 1849 2017 dominabuntur
1879 1974 1938 2018 nec
1972 1956 2169 2036 regnabunt

1193 2042 1298 2104 Nemo
1321 2050 1430 2103 antem
1453 2061 1487 2102 se
1510 2038 1611 2115 fallat,
1634 2059 1729 2102 nemo
1752 2040 1813 2102 sibi
1836 2040 1870 2102 in
1888 2061 1947 2103 suo
1969 2040 2057 2104 malo
2079 2041 2171 2105 blan·

1194 2126 1318 2200 dietus,
1349 2147 1447 2207 quum
1480 2124 1571 2189 audit
1598 2137 1768 2206 peccatum
1790 2146 1918 2206 semper
1936 2126 1970 2189 in
1994 2127 2089 2191 nobis
2114 2127 2171 2190 ha-

1193 2213 1306 2275 bitare.
1352 2212 1425 2275 Non
1449 2213 1483 2274 in
1505 2212 1565 2275 hoc
1593 2209 1749 2274 dicuntur
1772 2212 1849 2285 ista,
1878 2222 1916 2274 ut
1937 2214 2082 2292 peccatis
2104 2215 2171 2277 suis

1194 2320 1307 2362 secure
1340 2297 1542 2360 indormierit
1568 2298 1623 2377 qai
1651 2296 1771 2376 alioqui
1800 2297 1878 2376 plus
1913 2299 1994 2362 satis
2021 2300 2171 2379 propensi

166 2391 281 2449 tessera
319 2389 449 2447 velitatus·
483 2389 610 2465 patres,
644 2406 720 2465 quos
753 2384 899 2449 licereolea
932 2385 1139 2465 adoptaverat,
1192 2389 1265 2446 aaut
1282 2385 1324 2447 cd
1341 2384 1534 2462 peccatelam
1541 2407 1550 2460 ,·
1573 2382 1630 2446 sed
1648 2391 1775 2445 tantum
1795 2404 1836 2446 nc
1855 2381 2024 2448 labascent
2046 2393 2080 2447 et¹
2102 2386 2170 2448 ani-

160 2473 300 2553 priaere.
1192 2491 1283 2533 mum
1317 2469 1552 2551 despondeant,
1587 2470 1642 2550 qui
1672 2491 1691 2532 a
1719 2488 1816 2533 carne
1844 2489 1904 2532 sua
1930 2470 2110 2533 titillantur
2139 2481 2171 2534 et

255 2561 300 2618 10.
346 2555 416 2618 lam
440 2556 647 2637 perspicuum
667 2568 716 2619 est
733 2576 829 2637 quam
853 2555 971 2618 l'alsum
994 2555 1037 2620 sit
1055 2555 1140 2636 quod
1192 2564 1394 2637 punguntur.
1446 2555 1554 2637 Magis
1584 2556 1727 2637 cogitent
1755 2576 1789 2618 se
1817 2555 1853 2617 in
1882 2556 1937 2618 via
1959 2554 2064 2620 adhuc
2088 2578 2169 2632 esse,

166 2640 345 2705 docuerunt
367 2642 492 2722 pridem
525 2642 690 2716 nonnulli,
725 2644 759 2704 ia
788 2662 848 2722 que
876 2642 935 2704 alii
957 2643 1140 2721 persistunt,
1193 2651 1225 2704 et
1252 2641 1393 2704 multum
1421 2663 1457 2705 se
1479 2640 1652 2722 profecisse
1674 2640 1825 2715 credant,
1847 2662 1946 2722 quum
1968 2662 1986 2704 e
2006 2661 2066 2704 sna
2088 2663 2169 2704 eon-

111 2732 114 2739 “
165 2749 223 2810 per
244 2727 442 2807 baptismum
467 2727 549 2790 solvi
571 2749 629 2790 nos
652 2736 685 2790 et
706 2727 804 2790 eximi
828 2728 867 2790 ab
895 2727 1045 2810 originali
1066 2749 1140 2809 peo-
1192 2728 1390 2807 cupiscentia
1423 2725 1660 2808 aliquantulum
1687 2727 1790 2790 minui
1824 2728 1860 2789 in
1893 2726 1957 2790 dies
1990 2727 2165 2803 senserint,

165 2823 245 2887 cate,
270 2822 303 2875 et
322 2835 341 2876 a
363 2813 569 2895 corruptione
592 2834 673 2894 quac
696 2812 735 2876 ab
758 2812 866 2876 Adam
893 2814 928 2875 in
952 2814 1141 2877 nniversam
1193 2812 1295 2877 donec
1324 2834 1361 2876 eo
1388 2813 1582 2894 pertigerint
1609 2832 1672 2894 quo
1700 2811 1855 2875 tendunt:
1883 2832 1995 2893 nempe
2023 2811 2065 2875 ad
2087 2812 2168 2875 ulti-

165 2898 386 2981 posteritutem
417 2908 596 2981 propagata
619 2909 682 2975 est,
711 2906 806 2981 atque
829 2900 863 2961 in
886 2897 1024 2963 eandem
1046 2900 1140 2963 iusti-
1193 2920 1285 2961 mum
1304 2899 1473 2962 interitum
1492 2899 1600 2963 carnis
1623 2920 1709 2972 suae,
1733 2900 1788 2979 qui
1806 2900 1841 2962 in
1859 2899 1954 2962 huius
1973 2898 2062 2961 vitae
2078 2918 2169 2960 mer-

166 2986 247 3047 tiam
266 2995 467 3065 naturaeque
486 2984 663 3066 puritatem
683 2984 811 3049 restitui
831 3005 928 3065 quam
947 2985 1143 3049 obtinuisset
1195 2983 1270 3049 talis
1295 2985 1428 3049 interitu
1457 2985 1651 3065 perficietur.
1698 2984 1821 3047 Interea
1844 2990 1872 3048 et
1897 2990 2017 3048 strantes
2045 2989 2170 3062 certare,

166 3069 284 3144 Adam,
304 3071 334 3132 si‘
351 3071 384 3133 in
402 3092 449 3146 ea,
473 3092 536 3151 qua
558 3071 700 3152 primum
719 3079 848 3134 creatus
868 3071 980 3148 fuerat,
1005 3071 1141 3153 integri·
1194 3075 1222 3134 et
1243 3072 1285 3135 ad
1297 3090 1500 3153 progressum
1521 3092 1553 3134 se
1574 3073 1725 3148 animare,
1748 3076 1777 3133 a
1796 3073 1840 3136 ad
1855 3070 1986 3150 plenam
2006 3070 2170 3134 victorum

167 3162 233 3218 tato
256 3156 406 3219 stetisset.
443 3156 522 3220 Tale
545 3158 633 3220 onim
657 3155 824 3220 doctorum
846 3177 950 3240 genus
971 3178 1143 3238 nunquam
1194 3157 1356 3220 stimulare
1384 3177 1446 3219 aaa
1473 3157 1624 3221 decimat.
1674 3157 1758 3219 Nam
1791 3163 1819 3220 ct
1852 3158 1906 3219 hoc
1932 3159 2036 3239 arogis
2064 3178 2171 3221 acuere

166 3239 242 3322 quid
256 3249 422 3323 peecatum
440 3242 607 3323 originale,
625 3242 703 3324 qnid
721 3243 846 3307 iustitia
864 3243 1040 3324 originalis,
1059 3264 1142 3324 quac
1195 3242 1278 3307 debet
1305 3262 1410 3306 eorum
1437 3248 1581 3321 coactas,
1609 3244 1691 3323 qued
1712 3243 1788 3319 sibi,
1812 3247 1981 3324 postquam
2007 3243 2066 3307 dia
2088 3244 2170 3306 eriri

168 3327 274 3409 gratia
302 3326 454 3408 baptismi
483 3337 582 3404 essct,
617 3340 828 3410 assequutum
855 3337 912 3392 est.
964 3329 1036 3393 lam
1064 3350 1142 3393 vero
1193 3328 1319 3410 faerird,
1342 3350 1403 3391 aon
1423 3348 1543 3409 param
1567 3329 1667 3394 adhuc
1685 3330 1797 3412 aequa
1817 3334 1936 3394 restare
1958 3330 2071 3393 videat.
2117 3327 2169 3393 Sic

168 3420 243 3475 ante
266 3411 467 3492 disputatum
491 3423 554 3489 cst,
583 3423 751 3495 peceatum
773 3414 930 3497 originale
953 3436 1023 3478 esse
1046 3424 1141 3478 natu·
1195 3413 1381 3479 habendum
1404 3424 1468 3478 est:
1500 3416 1702 3496 baptizamur
1730 3416 1764 3477 in
1794 3416 2079 3479 mortificationem
2102 3437 2168 3479 car·

169 3518 224 3560 rae
246 3505 376 3561 nostrae
405 3500 598 3579 praevitatem
622 3522 659 3563 ac
681 3500 939 3581 corruptionem,
970 3522 1052 3582 quac
1075 3501 1141 3582 pri-
1195 3503 1246 3565 nis
1275 3509 1419 3577 nostrae,
1451 3522 1534 3582 quae
1563 3523 1582 3564 a
1610 3501 1769 3583 baptismo
1797 3502 1830 3564 in
1859 3501 1954 3565 nobis
1989 3501 2166 3572 inchoatur,

167 3604 257 3646 mum
287 3603 358 3646 roos
380 3584 457 3648 facit
479 3606 536 3647 nos
562 3585 630 3648 irae
653 3586 729 3661 Dei,
759 3594 829 3648 tum
858 3587 957 3649 etiam
986 3606 1085 3668 opera
1106 3586 1141 3649 in
1194 3607 1290 3669 quam
1314 3586 2166 3669 quotidieprosequimur;perficich1rautemquum

167 3667 259 3732 nobis
277 3670 401 3750 profert
418 3690 499 3751 quae
518 3670 680 3752 scriptura
699 3680 792 3736 vocat
809 3693 907 3753 opera
925 3675 1032 3737 carnis
1051 3672 1140 3754 (eal.
1195 3695 1236 3736 ex
1259 3673 1320 3737 hae
1342 3674 1411 3736 vita
1432 3673 1647 3755 migrabimus
1670 3673 1710 3736 ad
1733 3672 1923 3736 Dominum.

169 3760 207 3830 ὁ,
246 3755 309 3836 la).
364 3756 457 3819 Ilaec
490 3760 601 3838 itaque
634 3756 698 3820 duo
737 3756 888 3821 distincte
922 3757 1139 3822 observanda:
1166 3822 1169 3846 Ι
1285 3763 1330 3821 12.
1376 3758 1441 3822 Hic
1471 3759 1552 3822 nihil
1582 3760 1670 3823 aliud
1699 3759 1835 3823 dicimus
1863 3780 1963 3840 quam
1986 3759 2074 3840 quod
2095 3780 2166 3840 apo-

167 3862 284 3922 nerupc
311 3840 397 3922 quod
424 3842 470 3906 sic
499 3844 648 3907 omnibus
677 3851 814 3907 naturae
843 3851 972 3907 nostrae
994 3842 1141 3924 partibus
1195 3844 1296 3908 stolus
1318 3845 1452 3919 Paulus,
1486 3847 1623 3926 septimo
1652 3845 1693 3908 ad
1716 3846 1883 3909 Romanos
1911 3846 2028 3926 capite,
2059 3846 2165 3910 claris·

169 3927 274 3990 vitiati
296 3928 519 4009 perversique,
548 3929 614 3993 iam
641 3930 681 3993 ob
703 3929 803 3992 talem
825 3926 986 3992 duntaxat
1007 3950 1142 4010 eorrup-
1194 3931 1275 3993 sime
1303 3931 1446 4012 exponit.
1496 3931 1674 4012 Postquam
1704 3933 1792 3995 enim
1815 3931 1854 3995 de
1877 3932 2025 4014 gratuita
2045 3932 2165 3995 iustitia

168 4012 289 4074 tionem
318 4010 462 4077 damnati
491 4015 607 4092 urente
635 4014 839 4095 convictique
866 4034 976 4078 eorarn
999 4014 1071 4078 Deo
1093 4028 1141 4078 te-
1194 4015 1435 4097 disputsverat,
1464 4017 1541 4098 quia
1567 4017 1716 4080 nonnulli
1749 4017 1842 4099 impii
1874 4017 1951 4081 inde
1984 4018 2165 4082 inferebant

167 4118 292 4175 ucnuvr,
316 4099 367 4163 cui
391 4098 471 4163 nihil
493 4110 542 4164 est
563 4112 730 4182 acceptum
749 4101 810 4164 nisi
830 4101 962 4177 iustitia,
985 4101 1141 4166 innocen·
1192 4100 1371 4165 vivendum
1394 4123 1464 4166 esse
1487 4123 1544 4184 pro
1567 4101 1710 4178 libidine,
1734 4105 1898 4185 quianon
1920 4124 2067 4167 essemus
2090 4124 2165 4184 epe-

167 4183 222 4257 tia,
245 4182 379 4264 puritas.
424 4187 532 4266 Atque
555 4186 634 4250 adeo
655 4188 794 4250 inl'antcs
817 4208 943 4269 quoquc
964 4189 1026 4269 ipsi
1048 4209 1141 4251 suam
1166 4194 1168 4252 l
1193 4209 1266 4250 rum
1306 4188 1432 4252 meritis
1466 4189 1588 4270 accepti
1617 4190 1703 4265 Deo,
1748 4190 1930 4271 subiungit,
1966 4211 2023 4254 eos
2056 4211 2165 4252 omnes

166 4291 276 4334 seeum
310 4269 552 4335 damnationem
587 4294 606 4335 a
632 4273 747 4335 matris
776 4283 869 4337 utero
898 4274 1056 4351 afferunt3
1086 4274 1141 4355 qui
1166 4280 1168 4331 Γ
1193 4274 1248 4355 qui
1270 4274 1394 4337 iustitia
1414 4273 1540 4338 Christi
1562 4275 1745 4338 induuntur
1772 4274 1869 4339 simul
1892 4275 2012 4356 spiritu
2034 4297 2165 4359 regene-

167 4357 298 4419 tumetsi
318 4378 396 4419 suae
419 4357 598 4439 iniquitatis
620 4360 745 4421 fructus
764 4359 912 4422 nondvun
933 4359 1139 4441 protulerint,
1193 4361 1273 4434 rari,
1301 4371 1333 4422 et
1355 4359 1452 4424 huius
1474 4362 1731 4443 regenerationis
1754 4384 1812 4425 nos
1835 4361 1969 4425 arrham
1993 4362 2114 4426 habere
2134 4363 2165 4424 in

166 4440 288 4505 habent
321 4452 431 4506 taruen
465 4444 499 4506 in
533 4464 567 4507 se
599 4443 760 4508 inclusum
793 4466 913 4507 semen.
970 4445 1041 4509 Imo
1074 4455 1142 4509 teta
1192 4446 1360 4527 baptismo.
1398 4447 1486 4510 Hinc
1509 4448 1660 4511 hortatur
1682 4447 1803 4525 fideles,
1827 4470 1867 4513 ne
1890 4446 2075 4511 dominium
2096 4469 2165 4530 pec-

166 4546 280 4591 oorum
313 4537 431 4592 nutura
468 4528 629 4610 quoddam
662 4539 711 4593 est
743 4531 866 4610 peccati
904 4551 1029 4608 semon;
1068 4532 1141 4595 ideo
1193 4542 1265 4595 cato
1292 4531 1484 4613 permittant
1512 4535 1547 4596 in
1575 4534 1642 4597 suis
1671 4533 1834 4598 membris.
1879 4533 1951 4597 Iam
1970 4535 2051 4615 quia
2072 4554 2166 4598 novo-

167 4634 232 4676 non
265 4613 375 4677 odiosa
409 4621 442 4676 et
474 4615 698 4679 abominabilis
726 4616 798 4679 Deo
831 4636 901 4678 esse
928 4638 994 4679 non
1024 4626 1139 4698 potest.
1192 4624 1244 4680 rat
1265 4638 1394 4698 semper
1416 4616 1538 4701 aliquid
1560 4640 1630 4683 esse
1653 4621 1853 4684 infirmitatis
1881 4621 1916 4682 in
1939 4619 2106 4697 fidelibus;
2127 4641 2166 4682 ne

167 4697 263 4763 Hanc
286 4699 528 4764 damnationem
550 4701 711 4765 sublatam
730 4709 799 4765 eta
821 4723 856 4765 so
878 4701 1047 4783 depulsam
1070 4724 1141 4767 esse
1191 4714 1363 4785 propterea
1390 4704 1620 4782 delicerentnr,
1651 4705 1761 4770 adiicit
1787 4707 2058 4785 consolationem,
2087 4704 2167 4789 qnod

167 4785 247 4849 certi
266 4807 325 4868 per
343 4784 540 4867 baptismum
558 4786 669 4851 fideles
687 4789 780 4861 fiunt,
799 4787 929 4870 qnando
947 4787 999 4872 (ut
1016 4787 1141 4853 dictum
1192 4811 1258 4852 non
1281 4792 1348 4854 sint
1370 4791 1432 4855 sub
1455 4792 1535 4875 lege.
1582 4791 1669 4872 Quia
1690 4793 1811 4856 iterum
1829 4792 1934 4856 videri
1957 4800 2098 4875 poterat,
2122 4795 2167 4855 in·

166 4869 242 4949 fuit)
271 4871 434 4935 Dominus
463 4874 523 4936 hoc
555 4873 647 4956 signo
674 4873 767 4938 nobis
793 4873 979 4955 pollicetur,
1009 4874 1140 4955 plenam
1193 4875 1352 4941 solescere
1380 4899 1474 4960 posse
1496 4878 1721 4954 Christianos,
1750 4900 1787 4942 eo
1814 4878 1900 4961 quod
1926 4900 1993 4942 non
2022 4879 2091 4942 sint
2112 4878 2167 4943 sub

167 4955 367 5052 solidamque
385 4958 609 5023 remissionem
627 4959 745 5023 factam
764 4979 843 5033 esse,
866 4971 899 5024 et
920 4960 1035 5043 cnlpae
1055 4983 1140 5043 quac
1191 4961 1268 5045 iugo
1289 4963 1381 5046 legis,
1404 4971 1525 5029 tractat
1545 4965 1651 5047 qualis
1673 4965 1716 5030 sit
1736 4964 1795 5028 illa
1818 4964 1994 5048 abrogatis,
2019 4975 2053 5030 et
2074 4963 2169 5030 simd

167 5041 357 5121 lmputundu
386 5043 478 5108 nobis
505 5052 589 5119 orat,
624 5053 658 5109 et
683 5065 807 5127 poenae
832 5067 914 5127 quae
941 5047 981 5111 ob
1010 5047 1140 5130 eulpam
1214 5049 1264 5111 uis
1287 5048 1330 5113 sit
1350 5048 1432 5134 legis
1454 5070 1543 5128 usus,
1566 5071 1665 5132 quam
1692 5051 1916 5133 quaestionem
1937 5052 2006 5115 iam
2028 5051 2168 5117 secunde

167 5123 298 5223 luenda:
323 5128 480 5192 iustitiam
502 5151 627 5211 quoque
649 5130 907 5213 apprehendunt,
930 5131 986 5196 sed
1009 5133 1140 5214 qualem
1192 5068 1370 5199 distulerat.
1416 5134 1556 5199 Summa
1577 5144 1641 5211 est,
1671 5158 1731 5202 nos
1754 5160 1824 5202 esse
1846 5138 2000 5202 liberatos
2024 5160 2045 5202 a
2064 5140 2169 5237 rigore

164 5231 201 5274 in
222 5210 283 5278 hac
304 5214 374 5277 vita
395 5214 542 5279 obtinere
560 5216 702 5298 populus
719 5215 783 5280 Dei
804 5224 919 5300 potest,
942 5239 1061 5301 nempe
1077 5220 1139 5282 im-
1191 5218 1273 5302 legis
1295 5231 1333 5283 ut
1354 5219 1487 5285 Christo
1509 5220 1751 5288 cohaereamus.
1796 5224 1898 5307 Legis
1926 5245 2005 5288 vora
2027 5226 2169 5292 officium
