4672 5842
167 307 251 368 1085
507 304 596 369 LIB.
619 304 679 369 IV.
725 305 790 370 DE
813 305 1049 373 EXTERNIS
1072 306 1238 372 Manna
1261 308 1325 373 AD
1349 253 1578 374 sanum.
1624 308 1722 374 CAP.
1746 309 1843 375 XIX.
2085 316 2166 379 1086

164 493 227 558 tati
249 493 396 558 serviret.
443 491 541 559 Soleo
563 493 720 559 eiusmodi
745 500 821 559 vota
844 494 1008 577 appellare
1028 496 1145 560 carita
1198 494 1259 559 hoc
1276 491 1413 559 tradunt
1439 496 1654 576 confessione,
1675 498 1861 580 primitivae
1883 498 2036 564 ecclesiae
2058 501 2169 585 incog-

164 580 224 657 tis,
247 602 314 644 non
342 580 484 661 pietatis:
514 579 575 645 hoc
602 586 667 657 est,
690 601 757 644 non
785 587 934 662 suscepta
956 582 998 646 ad
1019 581 1145 646 cultum
1197 581 1259 644 niti
1281 582 1422 658 fuerunt,
1445 591 1479 646 et
1500 582 1613 647 multis
1634 592 1747 664 postea
1765 583 1860 648 annis
1881 585 2065 668 excogitati.
2107 585 2168 652 Sa-

163 665 306 747 aliqnem
330 666 412 745 Dei,
438 665 494 730 sed
519 663 560 730 ad
584 665 787 730 tolerandam
818 667 1024 731 infirmorum
1056 667 1145 730 rudi·
1197 675 1365 732 eramenta
1393 675 1517 746 autem,
1541 690 1641 750 quum
1663 669 1727 733 Dei
1748 669 1996 752 promissionem
2024 673 2169 738 contine·

163 757 281 828 tatem3
303 750 578 833 quemadmodum
600 753 669 833 ipse
691 752 751 829 ait,
774 750 906 818 Iudaeis
928 775 963 818 se
984 751 1144 819 Iudaeum
1197 759 1268 830 ant,
1298 774 1402 834 neque
1424 754 1463 818 ab
1486 754 1625 837 angelis,
1653 776 1757 837 neque
1780 756 1820 819 ab
1843 755 2045 836 hominibus,
2071 757 2170 822 seda

162 838 301 915 factum,
325 847 385 902 etc.
430 838 521 920 Ergo
544 838 605 900 hoc
621 837 701 918 fecit,
724 839 894 917 equalem
921 840 1030 918 semel,
1054 844 1145 919 atque
1196 835 1269 902 Deo
1292 837 1361 902 solo
1383 839 1510 903 institui
1533 840 1659 918 debent,
1683 841 1775 906 cuius
1796 841 1894 906 unius
1917 852 1967 906 est
1984 844 2169 924 promissio-

162 924 208 987 cd
220 924 308 988 droco
327 929 456 1006 tenrpas,
473 930 511 987 ut
521 923 652 988 Iudaeis
665 945 700 989 se
716 926 867 1004 morspec
878 925 1144 990 accommodaret.
1196 944 1273 987 nem
1296 924 1381 988 darc.

163 1009 227 1073 Isti
259 1030 359 1091 quum
398 1010 640 1075 Nazaraeorum
684 1011 928 1091 purificationes
961 1011 1051 1075 nullo
1082 1033 1144 1075 usu
1283 1013 1332 1073 28.
1379 1008 1566 1092 Supersunt
1590 1019 1657 1076 tres
1685 1011 1830 1091 ordines,
1849 1033 1928 1094 quos
1950 1015 2089 1079 maiores
2111 1036 2169 1079 vo-

162 1095 288 1159 imitari
311 1094 435 1174 volunt,
457 1094 533 1177 quid
554 1093 644 1159 aliud
666 1116 763 1176 quam
786 1095 927 1160 alterum
947 1095 1144 1161 iudaismum
1196 1102 1280 1159 cant.
1325 1096 1379 1160 Ex
1407 1096 1522 1177 quibus
1550 1096 1814 1177 subdiaconatus,
1843 1107 1881 1161 ut
1907 1100 2013 1177 aiunt,
2035 1101 2071 1164 in
2093 1122 2169 1164 eum

163 1181 305 1264 erigunt,
334 1182 409 1244 dam
436 1187 563 1245 veterem
580 1201 750 1262 perperam
784 1181 941 1246 malac
976 1183 1142 1263 affectant?
1195 1203 1370 1245 numerum
1392 1182 1572 1247 translatus
1594 1189 1651 1261 est,
1671 1204 1712 1247 ex
1729 1205 1792 1265 quo
1814 1184 1911 1248 turba
1927 1184 1984 1249 illa
2003 1185 2169 1250 minorum

162 1266 288 1331 Eadem
311 1267 470 1349 religione
488 1266 660 1331 decretalis
682 1266 740 1330 illa
762 1267 898 1349 epistola
910 1268 935 1351 ¹)
965 1270 1143 1351 composita
1194 1267 1356 1349 pullulare
1378 1269 1489 1350 coepit.
1536 1267 1624 1348 Quia
1645 1275 1754 1333 autem
1776 1267 1930 1334 videntur
1956 1291 2016 1353 pro
2044 1270 2097 1337 his
2119 1278 2168 1337 tc-

163 1360 223 1430 ost,
246 1373 328 1434 quae
351 1353 503 1434 prohibet
533 1353 673 1430 clericis,
696 1352 790 1416 iuxta
811 1354 995 1436 apostolum
1012 1354 1044 1438 (l
1066 1353 1141 1418 Cor.
1196 1354 1387 1418 stimonium
1415 1353 1535 1418 habere
1558 1374 1578 1417 a
1598 1355 1697 1419 verbo
1725 1355 1804 1432 Dei,
1827 1376 1935 1421 sacros
1957 1356 2088 1422 ordines
2109 1357 2168 1422 ho-

165 1442 215 1518 11,
235 1437 280 1521 4),
305 1460 346 1502 nc
369 1460 495 1503 comam
516 1439 676 1516 nutriant,
700 1438 757 1503 sod
779 1439 885 1503 instar
907 1440 1064 1521 sphaerae
1088 1463 1142 1505 ra-
1195 1440 1284 1502 noris
1306 1459 1403 1505 causa
1422 1439 1632 1521 peculiariter
1653 1442 1832 1505 nominant.
1879 1438 1946 1505 Sed
1969 1462 2065 1524 quam
2087 1443 2168 1507 obli·

164 1522 260 1602 dant3
289 1526 381 1607 quasi
417 1525 596 1607 apostolus,
630 1523 750 1589 docens
777 1524 855 1606 quid
884 1527 964 1591 viris
991 1525 1142 1591 omnibus
1195 1545 1257 1606 quo
1279 1526 1412 1589 Domini
1445 1525 1605 1590 institutis
1626 1527 1662 1589 in
1685 1533 1892 1608 praetextum
1914 1548 2008 1590 suum
2031 1528 2167 1593 abutan-

165 1609 317 1675 decorum
340 1612 384 1674 sit
405 1611 445 1674 de
469 1611 639 1693 sphaerica
667 1611 859 1675 clericorum
887 1632 1002 1676 rasura
1024 1612 1142 1676 sollici·
1194 1616 1265 1689 tur,
1298 1609 1474 1676 videndum
1507 1620 1564 1676 est.
1615 1612 1815 1696 Incipiemus
1847 1619 1956 1676 autem
1984 1612 2025 1677 ab
2053 1612 2167 1678 ordine

162 1703 219 1761 tus
240 1696 346 1760 hierit.
387 1697 477 1760 Hinc
497 1696 635 1760 lectores
656 1703 811 1778 reputent
832 1697 937 1779 qualis
959 1697 1025 1762 sint
1047 1720 1141 1762 ener-
1194 1696 1388 1780 presbyterii
1410 1697 1479 1761 sive
1501 1698 1680 1764 sacerdotii.
1720 1698 1784 1762 His
1806 1699 1893 1762 enim
1915 1697 2041 1763 duobus
2061 1701 2168 1762 nomi-

162 1781 237 1865 giae
256 1802 293 1846 ac
310 1782 480 1865 dignitatis
498 1782 562 1846 alia
579 1803 662 1864 quae
684 1789 866 1864 sequuntur
883 1785 1050 1866 mysteria,
1069 1785 1141 1866 qui·
1193 1780 1290 1846 nibus
1311 1804 1379 1847 rem
1402 1804 1503 1847 unam
1527 1785 1720 1866 significant,
1744 1805 1781 1848 ao
1803 1784 1850 1848 sic
1869 1783 2036 1866 appellant
2053 1804 2108 1848 eos
2125 1783 2168 1848 ad

162 1869 225 1933 bus
248 1866 322 1932 talis
345 1873 396 1932 est
416 1870 591 1950 ingressus.
1194 1888 1274 1950 quos
1295 1868 1458 1951 pertinere
1481 1869 1573 1933 aiunt
1594 1870 1790 1935 sacrificium
1817 1871 1960 1951 corporis
1983 1878 2015 1933 et
2036 1870 2168 1952 sangoi-

251 1957 301 2018 27.
334 1953 431 2018 Unde
448 1955 607 2037 originem
620 1953 772 2018 habuerit
789 1954 981 2019 clericorum
995 1962 1139 2034 tonsura,
1193 1954 1245 2018 nis
1267 1953 1392 2018 Christi
1414 1954 1451 2017 in
1473 1954 1568 2018 altari
1598 1956 1770 2035 conficere,
1798 1956 1959 2020 orationes
1987 1955 2166 2037 concipere,

163 2039 292 2105 abunde
314 2039 367 2104 vel
388 2062 430 2103 ex
448 2061 513 2104 uno
535 2039 759 2122 Augustinol)
782 2046 916 2105 constat.
951 2039 1062 2120 Quum
1084 2041 1140 2106 illo
1194 2059 1231 2104 ac
1252 2039 1442 2104 benedicere
1469 2039 1554 2105 dona
1575 2041 1647 2106 Dei
1691 2041 1806 2124 Itaque
1827 2042 1864 2105 in
1885 2041 2087 2105 ordinatione
2108 2062 2166 2123 pa·

163 2125 291 2191 saeculo
313 2125 469 2207 capillum
485 2147 552 2189 non
575 2125 701 2189 alerent
721 2125 786 2190 nisi
808 2125 946 2205 delicati,
966 2133 1000 2190 et
1016 2128 1073 2210 qui
1090 2128 1140 2191 ni·
1192 2132 1304 2191 tanam
1334 2146 1407 2189 cum
1436 2126 1551 2191 hostiis
1583 2126 1761 2209 accipiunt,
1790 2128 1826 2191 in
1856 2126 2003 2212 symbola
2032 2126 2167 2192 collatae

163 2218 269 2277 torem
301 2211 562 2294 elegantiamque
590 2233 657 2275 non
680 2211 759 2276 satis
783 2212 911 2275 virilem
934 2213 1139 2293 affectabant,
1193 2212 1255 2276 sibi
1275 2212 1444 2294 potcstatis
1466 2211 1640 2293 placabiles
1660 2213 1733 2277 Deo
1755 2213 1878 2278 hostias
1901 2212 2073 2289 offerendi,
2096 2233 2167 2277 ma·

163 2295 339 2363 videbatur
365 2318 525 2362 essenon
548 2295 625 2361 boni
651 2297 793 2378 exempli
814 2298 842 2362 si
864 2297 989 2362 clericis
1011 2297 1044 2362 id
1067 2321 1140 2381 per·
1192 2318 1319 2379 nusque
1348 2297 1414 2361 illis
1435 2299 1659 2381 inungrmtur3
1682 2319 1745 2380 quc
1763 2298 1910 2383 symbolo
1934 2298 2092 2363 docentur
2109 2297 2166 2361 da·

161 2384 355 2447 mitteretur.
401 2382 604 2447 Iubebantur
625 2402 703 2466 ergo
721 2383 830 2448 clerici
854 2384 906 2448 vel
928 2383 1064 2449 tondere
1086 2406 1139 2451 ca·
1192 2390 1259 2446 tam
1282 2384 1343 2448 sibi
1365 2404 1435 2448 esse
1457 2382 1668 2474 cquseorandi
1697 2391 1901 2467 potestatem.
1946 2381 2014 2448 Sed
2034 2383 2075 2447 de
2095 2403 2166 2449 cae·

162 2476 233 2552 put,
250 2469 304 2534 vel
321 2468 445 2545 radere,
468 2489 510 2532 ne
532 2489 630 2550 quam
649 2469 848 2534 effoeminati
871 2469 977 2534 cultus
999 2471 1139 2552 speciem
1192 2470 1346 2534 remoniis
1367 2477 1489 2551 postca.
1524 2470 1577 2534 De
1595 2491 1631 2534 rc
1648 2470 1720 2552 ipsa
1737 2468 1821 2536 dico:
1846 2470 1927 2535 adeo
1948 2470 2078 2534 nullum
2097 2469 2166 2552 api-

163 2575 243 2639 prae
270 2576 305 2619 se
330 2555 462 2619 ferrent.
507 2554 601 2619 Adeo
624 2561 737 2618 autem
764 2555 798 2618 id
828 2555 966 2638 vulgare
995 2563 1079 2633 erat,
1102 2563 1141 2620 ut
1192 2576 1263 2621 cem
1291 2554 1379 2619 babet
1400 2576 1419 2619 a
1440 2553 1540 2620 verbo
1568 2556 1633 2620 Dei
1660 2557 1742 2637 qaod
1769 2555 1944 2635 obtocdact,
1962 2563 2000 2620 ut
2021 2577 2086 2620 non
2108 2576 2165 2637 po·

162 2641 317 2706 monachi
349 2640 496 2724 quidam,
531 2661 594 2722 quo
621 2641 728 2723 magis
761 2662 853 2706 suam
890 2642 1139 2707 sanctimoniam
1191 2642 1317 2705 tuerint
1335 2641 1513 2724 improbius
1530 2640 1676 2705 ordinem
1692 2663 1712 2705 a
1728 2640 1800 2705 Deo
1817 2641 1958 2724 positum
1975 2639 2162 2723 depravare.

162 2727 297 2792 notabili
320 2727 538 2809 distincteque
556 2724 597 2790 ab
615 2726 688 2790 aliis
710 2727 827 2791 habitu
848 2727 1066 2806 venditarent,
1085 2748 1140 2794 eo·
1190 2727 1358 2810 Principio
1385 2726 1517 2809 quidem
1539 2748 1598 2809 pro
1621 2728 1765 2792 confesso
1787 2748 1857 2792 esse
1881 2726 1975 2791 debet
2003 2725 2106 2810 (quod
2127 2727 2165 2791 dc

162 2833 250 2877 mam
273 2812 491 2878 demitterent.
527 2811 640 2892 Quum
661 2833 740 2877 vero
761 2820 875 2895 postea
896 2834 948 2877 res
970 2813 1011 2876 ad
1033 2814 1139 2879 crines
1191 2814 1291 2876 massa
1313 2813 1428 2893 papali
1443 2813 1614 2877 ,tractando
1646 2813 1857 2897 asseruimus)
1886 2813 2025 2877 iniurios
2053 2831 2165 2879 omncs

161 2898 326 2978 rediisset,
355 2905 389 2963 et
414 2897 456 2963 ad
489 2898 770 2964 christianismum
802 2897 993 2964 accederent
1025 2907 1139 2984 gentes
1192 2921 1262 2964 esse
1289 2898 1438 2975 Christo,
1467 2899 1523 2980 qui
1550 2919 1584 2963 se
1607 2897 1789 2964 sacerdotes
1823 2898 2005 2980 appellant,
2023 2896 2065 2962 ad
2086 2897 2176 2962 offe.

162 2985 337 3068 quaedam,
360 3005 443 3066 quae
465 3005 594 3066 semper
626 2993 772 3048 comatae
793 2985 936 3063 fuerant,
958 2992 996 3049 ut
1018 2985 1137 3065 Gallia,
1191 2985 1327 3050 rendam
1346 2984 1537 3067 placationis
1559 2984 1709 3048 hostiam.
1744 2982 1950 3049 Constitutus
1966 2983 2022 3047 ille
2040 2990 2073 3048 et
2090 3003 2166 3047 oon·

163 3069 351 3150 Germania,
373 3069 505 3152 Anglia,
525 3069 704 3135 verisimile
722 3077 772 3134 est
790 3069 922 3135 clericos
944 3071 1064 3154 ubique
1086 3093 1139 3136 ra·
1191 3078 1336 3136 sacratus
1358 3075 1492 3219 epatre
1514 3068 1664 3135 sacerdos
1686 3089 1762 3134 cum
1783 3068 1992 3135 iureiurando
2013 3069 2091 3147 ruit,
2114 3088 2165 3133 se-

162 3156 243 3222 sissc
262 3163 368 3239 caput,
396 3176 439 3220 ne
457 3176 566 3220 comae
590 3163 820 3221 ornamentum
840 3156 1029 3221 viderentur
1041 3157 1139 3223 affec-
1192 3156 1335 3222 cundum
1357 3178 1394 3220 or
1417 3157 1504 3220 inem
1525 3154 1752 3234 Melchisedec,
1775 3154 1865 3220 nullo
1886 3156 1962 3234 fine,
1980 3153 2071 3219 nullo
2093 3174 2166 3220 suc·

163 3249 242 3305 tare.
272 3241 419 3306 Tandem
441 3243 642 3324 corruptiore
660 3241 796 3320 racemo,
821 3262 921 3324 quum
942 3244 1051 3325 prisca
1069 3263 1139 3308 om·
1191 3263 1318 3308 cessere
1340 3241 1443 3327 (Psal.
1465 3245 1534 3320 110,
1554 3247 1590 3321 43
1612 3241 1714 3306 Hebr.
1735 3245 1763 3320 5,
1784 3246 1802 3304 6
1821 3246 1854 3305 et
1873 3245 1901 3317 7,
1924 3239 1967 3324 3).
2012 3239 2165 3305 Hostiam

164 3326 221 3390 nia
247 3328 401 3391 instituta
421 3327 475 3392 vel
496 3328 628 3392 inversa
654 3327 776 3406 forent,
799 3327 854 3393 vel
876 3328 911 3392 in
934 3330 1138 3412 superstitio·
1191 3328 1291 3394 semel
1309 3327 1428 3392 obtulit
1444 3334 1596 3392 aeternae
1616 3327 1811 3410 expiationis
1829 3332 1863 3391 ct
1878 3325 2149 3391 reconciliationis
2154 3347 2163 3405 ;

164 3432 240 3475 nem
273 3411 541 3496 degenerassent,
576 3414 653 3497 quia
678 3414 713 3479 in
740 3434 855 3478 rasura
885 3414 1025 3480 clericali
1053 3415 1138 3479 nihil
1189 3415 1402 3479 nuncetiam
1428 3413 1650 3478 sanctuarium
1672 3412 1754 3478 coeli
1775 3413 1958 3496 ingressus,
1990 3409 2166 3477 intercedit

163 3498 340 3562 cernebant
371 3519 488 3564 causae
521 3498 641 3583 (neque
675 3500 764 3564 enim
790 3499 967 3583 quidquam
994 3502 1138 3565 retinue-
1190 3521 1250 3583 pro
1272 3501 1373 3565 nobis.
1409 3500 1451 3564 In
1471 3501 1541 3582 ipso
1563 3520 1676 3564 omnes
1698 3520 1812 3564 sumus
1834 3498 2025 3575 sacerdotes,
2049 3494 2106 3563 sed
2122 3494 2165 3560 ad

163 3587 241 3648 rant
271 3591 402 3667 practer
436 3585 569 3650 stultam
601 3586 846 3669 imitationem),
875 3584 917 3649 ad
943 3588 1138 3671 mysterium
1190 3586 1304 3650 laudes
1331 3594 1364 3650 et
1390 3587 1571 3670 gratiarum
1603 3586 1761 3665 actiones,
1788 3583 1829 3649 ad
1855 3605 1917 3649 nos
1947 3582 2085 3665 deniquo
2105 3602 2164 3647 no-

163 3669 398 3752 oonlugerunt;
432 3670 517 3752 quod
540 3693 628 3736 nunc
650 3671 874 3754 superstitiose
902 3672 997 3737 nobis
1027 3673 1138 3737 obtru-
1191 3679 1322 3754 straque
1343 3671 1416 3735 Deo
1437 3671 1612 3736 offerenda.
1656 3671 1711 3735 Illi
1732 3672 1791 3736 uni
1813 3670 1980 3752 singulare
2006 3669 2082 3745 fixit,
2105 3687 2165 3731 sua

163 3753 246 3819 dunt
276 3776 336 3837 pro
365 3757 561 3821 sacramenti
594 3757 646 3821 sui
673 3758 911 3840 approbatione.
963 3756 1137 3842 Ostiarii⁸)
1191 3757 1353 3823 oblatione
1370 3758 1480 3822 Deum
1497 3757 1626 3840 placare
1644 3765 1678 3821 et
1693 3762 1829 3840 peccata
1845 3756 1985 3840 expiare.
2008 3752 2049 3816 Id
2063 3772 2164 3833 quum

161 3842 199 3905 in
217 3842 465 3906 consecratione·
494 3842 601 3907 claves
631 3843 746 3924 templi
774 3844 953 3926 accipiunt,
984 3864 1047 3926 quo
1076 3843 1137 3909 sibi
1191 3843 1251 3909 sibi
1273 3844 1329 3907 isti
1347 3852 1522 3926 usurpent,
1555 3842 1634 3926 quid
1655 3848 1816 3924 superest,
1838 3839 1902 3903 nisi
1923 3858 2035 3902 eorum
2057 3855 2163 3901 sacer·
2228 3895 2232 3901 .

162 3926 315 3992 mandari
332 3926 511 3993 custodiam
526 3927 729 4010 intelligant;
748 3930 893 4009 lectores,
913 3949 1005 3994 sacra
1022 3928 1136 4011 biblia;
1191 3929 1315 3995 dotium
1347 3930 1487 4013 impium
1514 3949 1585 3993 esse
1613 3948 1650 3992 ac
1679 3922 1895 4007 sacrilegum?
1940 3922 2040 3987 Certe
2065 3921 2163 3987 nimis

163 4014 360 4092 exorcistae,
394 4012 551 4078 formulas
585 4014 859 4092 exorcismorum,
890 4015 1009 4098 quibus
1037 4038 1137 4101 super
1189 4016 1330 4100 improbi
1358 4023 1445 4094 sunt,
1476 4013 1555 4077 dum
1583 4011 1778 4075 sacramenti
1806 4007 1903 4072 titulo
1921 4008 2080 4093 insignire
2104 4029 2163 4073 au-

164 4119 403 4183 cnergumenos
429 4106 463 4162 et
484 4099 733 4165 catechumenos
760 4108 910 4181 utantur3
939 4103 1092 4187 acolythi,
1107 4104 1136 4188 ⁴)
1190 4100 1276 4167 dent.
1322 4100 1491 4182 Quantum
1514 4096 1556 4161 ad
1578 4117 1694 4162 verum
1722 4093 1917 4179 presbyterii
1939 4115 2060 4160 munus
2086 4095 2162 4159 atti-

165 4206 273 4251 cereos
291 4192 325 4249 et
342 4183 518 4250 urceolum.
552 4185 607 4248 En
625 4188 848 4252 caeremoniae
870 4187 986 4270 quibus
1005 4189 1046 4274 (si
1065 4190 1137 4254 Deo
1189 4198 1261 4266 net,
1289 4185 1375 4269 quod
1404 4205 1460 4248 ore
1491 4181 1619 4247 Christi
1639 4179 1732 4246 nobis
1753 4187 1805 4246 est
1824 4179 2101 4259 commendatum,
2121 4179 2162 4243 li-

164 4269 284 4355 placet)
305 4278 433 4336 tantum
454 4271 540 4335 inest
560 4290 698 4335 arcanae
719 4273 850 4338 virtutis
869 4281 907 4338 ut
923 4297 994 4340 esse
1012 4276 1138 4357 possint
1189 4275 1304 4339 beuter
1331 4292 1368 4335 eo
1396 4270 1466 4334 loco
1495 4267 1607 4333 habea.
1651 4267 1725 4332 Illic
1752 4267 1840 4332 enim
1872 4265 2075 4332 caeremonia
2101 4272 2161 4343 est,

165 4360 289 4440 gratiae
317 4356 490 4421 invisibilis
517 4375 585 4419 non
606 4355 703 4419 modo
725 4359 820 4440 signa
841 4380 878 4425 ac
899 4366 1057 4437 tesserae,
1081 4360 1138 4425 sed
1189 4361 1332 4442 primum
1349 4377 1390 4420 ex
1408 4355 1579 4438 scripturis
1601 4361 1740 4436 sumpta,
1759 4351 1875 4418 deinde
1892 4373 1990 4435 quam
2007 4372 2073 4416 non
2090 4369 2162 4416 esse

166 4443 264 4507 etiam
286 4464 409 4508 causae.
454 4441 527 4507 Hoc
549 4441 637 4505 enim
658 4441 837 4507 secundum
859 4465 954 4508 suam
976 4445 1138 4510 definitio-
1189 4446 1322 4508 inanem
1339 4462 1400 4507 nec
1417 4461 1668 4525 supervacuam,
1687 4438 1744 4505 sed
1761 4437 1856 4503 fidele
1884 4436 2062 4520 spiritualis
2086 4457 2162 4520 gra·

165 4547 243 4592 nem
268 4529 450 4611 postulant,
479 4548 579 4610 quum
601 4528 688 4591 inter
716 4537 919 4594 sacramenta
945 4532 1059 4597 heberi
1080 4552 1138 4597 vo-
1189 4531 1255 4593 tiae
1288 4527 1486 4613 symbolum,
1524 4532 1667 4591 testatur
1701 4525 1828 4592 Paulus
1861 4522 1894 4608 (l
1925 4525 2008 4588 [lim.
2033 4528 2068 4600 t,
2096 4519 2160 4606 14).

164 4612 249 4676 lunt.
291 4615 433 4693 Verum,
457 4623 494 4678 ut
515 4614 628 4696 paucis
661 4612 843 4692 absolvam,
867 4614 939 4681 dico
961 4615 1138 4682 absurdum
1190 4614 1287 4697 Quod
1309 4619 1421 4679 autem
1443 4613 1578 4678 tertium
1598 4613 1634 4675 in
1657 4631 1793 4675 numero
1808 4630 1883 4673 non
1903 4609 2012 4692 posui,
2035 4628 2073 4673 eo
2094 4607 2161 4672 fao-

167 4719 239 4764 esse
260 4699 346 4779 quod
365 4703 401 4765 in
424 4699 543 4765 scholis
565 4707 599 4763 et
620 4699 797 4764 canonibus
817 4701 961 4767 minores
983 4703 1063 4767 istos
1085 4722 1139 4767 or·
1190 4709 1262 4766 tum
1289 4709 1352 4779 est,
1380 4699 1466 4783 quod
1493 4719 1561 4763 non
1588 4695 1791 4762 ordinarium
1821 4714 1882 4760 nec
1914 4714 2086 4760 commune
2112 4699 2163 4758 est

167 4782 262 4849 dines
284 4795 487 4852 sacramenta
507 4786 632 4851 faciunt
638 4809 646 4863 ;
668 4784 806 4868 quando,
829 4807 941 4850 eorum
963 4788 1062 4851 etiam
1084 4789 1139 4871 qui
1192 4788 1279 4871 apud
1301 4806 1413 4851 omnes
1435 4785 1557 4862 fideles,
1580 4783 1637 4848 sed
1659 4781 1701 4847 ad
1722 4789 1844 4847 certam
1865 4780 2066 4846 functionem
2088 4799 2161 4876 spo-

1192 4873 1282 4938 cialis
1303 4873 1395 4936 ritus.
1433 4871 1559 4936 Verum
1580 4890 1682 4952 quum
1703 4868 1756 4931 hic
1774 4866 1879 4931 honor
1900 4866 2077 4931 christiano
2099 4885 2161 4928 nn-

317 5026 321 5043 ,
1190 4959 1325 5023 nisterio
1354 4958 1524 5036 tribuitur,
1547 4975 1612 5020 non
1635 4960 1686 5019 est
1705 4960 1877 5036 propteroa
1902 4951 1988 5035 quod
2015 4947 2161 5034 superbi-

426 5092 432 5102 .
500 5095 506 5107 .
1192 5051 1251 5110 ant
1270 5042 1421 5126 papistiei
1443 5040 1634 5108 sacerdotes.
1669 5037 1845 5123 Evangelii
1861 5038 1950 5102 enim
1967 5037 2018 5102 sui
2035 5056 2072 5101 ao
2088 5056 2161 5120 my·

165 5089 609 5215 sarmatas
633 5092 1139 5231 212)tauricana:
1191 5131 1364 5195 aaa
1383 5128 1620 5211 dispensatores
1642 5124 1787 5191 aaa
1803 5124 1899 5189 aaa
1916 5122 2076 5201 oasa,

164 5227 208 5283 at
226 5247 248 5283 a
267 5229 291 5282 8.
355 5227 387 5292 4)
408 5227 461 5282 Sic.
556 5271 562 5290 ,
608 5203 616 5229 '
1191 5215 1392 5282 victimarios
1416 5213 1616 5296 inaugurari.
1659 5210 1855 5277 Mandatum
1883 5206 2159 5291 depraedicando
