4672 5842
119 292 185 355 rea
496 293 587 357 nm.
608 293 653 358 Π.
698 294 762 359 en
784 291 1074 362 eoemmous
1095 260 1182 361 nsi
1198 294 1544 363 sunsusrosrs.
1590 297 1689 364 aar.
1713 299 1754 363 v.
2067 306 2132 373 au

119 482 159 546 in
180 489 336 566 promptu
359 502 393 547 se
415 482 512 547 offert
533 483 716 566 religiosius
738 484 976 566 quaerentibus.
1013 485 1101 552 Doc-
1154 484 1317 567 quendam
1332 486 1462 550 excitat
1494 486 1642 569 Utroque
1660 508 1868 553 manussuee
1885 489 2135 577 efficaciampro

121 569 211 633 trina
232 576 321 634 certe
344 579 378 631 et
399 570 584 633 exhortatio
606 577 640 633 et
660 569 843 652 obiurgatio
862 580 1022 652 quantum
1043 592 1102 653 per
1155 571 1407 654 dispensationis
1419 592 1498 637 suae
1517 571 1613 637 modo
1629 575 1759 638 exserit.
1793 574 1942 639 Verbum
1952 576 2041 642 idem
2053 577 2136 646 dum

122 676 159 719 se
180 655 325 719 efficiant
352 652 394 718 ad
421 657 568 719 uminum
593 653 837 719 immutandum
863 655 987 721 indicat
1013 658 1102 722 Pau·
1154 656 1300 739 reprobis
1318 657 1468 735 destinat,
1491 660 1553 722 etsi
1570 680 1637 722 non
1653 660 1689 722 in
1706 681 1819 723 eorum
1836 664 2080 743 correctionem,
2098 666 2135 731 in

120 741 185 819 lus,
208 740 289 804 dum
322 741 434 805 scribit
462 741 494 824 (1
518 739 591 806 Cer.
612 745 641 819 3,
663 739 712 825 7),
747 761 852 823 neque
885 744 940 823 qui
973 743 1103 825 plantat
1155 742 1256 806 alium
1267 751 1379 808 tamen
1398 764 1494 807 asum
1508 744 1619 809 valere
1634 744 1726 809 facit:
1749 766 1812 827 quo
1832 746 1866 809 in
1885 767 2039 828 praesens
2056 771 2134 816 oon·

121 847 195 892 esse
212 826 345 909 aliquid,
368 847 476 909 neque
493 828 549 909 qni
568 828 665 909 rigat,
688 826 745 890 sed
763 828 954 906 Dominum,
977 830 1032 911 qui
1050 829 1102 892 in·
1155 829 1310 894 scientiae
1322 830 1508 894 testimonio
1517 842 1708 912 urgeantur,
1721 841 1753 895 et
1764 832 1797 896 in
1808 830 1918 896 iudicii
1930 831 2016 897 diem
2027 837 2134 920 magis

122 922 328 978 crementum
351 911 415 989 dat,
438 912 545 976 solum
567 912 742 978 efficaciter
764 932 869 995 agere.
917 912 970 978 Sic
992 913 1103 980 Mosae
1154 913 1336 979 reddantur
1352 915 1599 981 inexcusabiles.
1648 915 1701 979 Sic
1724 915 1881 995 Christus,
1903 922 2045 999 quamvis
2058 944 2134 1003 pro-

123 1019 225 1064 severe
259 999 400 1062 videmus
428 998 503 1081 lepis
525 1003 693 1079 praecepto
721 1000 857 1076 sancire,
891 1004 920 1064 et
935 1000 1103 1081 propbetas
1154 1001 1274 1064 aaatiet
1295 1002 1446 1065 aemiaem
1470 1002 1562 1065 adse
1579 1002 1764 1066 eeuireaisi
1784 1009 1984 1084 qaempoter
2001 1008 2134 1073 trauerit

123 1085 238 1149 ocrim
255 1085 383 1163 instare,
406 1085 570 1148 etmiaari
587 1084 874 1167 transgressoribus,
893 1106 990 1166 wem
1000 1091 1103 1151 merea
1157 1086 1285 1170 (Ioann.
1300 1090 1328 1163 t,
1342 1090 1383 1148 44
1402 1095 1436 1151 et
1453 1088 1519 1169 45),
1538 1092 1566 1151 et
1584 1088 1688 1152 elaeae
1705 1088 1809 1152 vestire
1825 1095 1991 1170 postqum
2007 1113 2028 1155 a
2040 1099 2133 1173 patre

119 1170 283 1253 fateantur
311 1176 384 1234 tuac
411 1190 521 1251 sapere
547 1170 672 1234 demam
698 1169 849 1249 homiues,
882 1171 936 1235 abi
960 1192 1012 1237 cer
1033 1172 1103 1239 illis
1156 1173 1316 1238 auderint
1337 1178 1366 1236 et
1389 1173 1568 1250 didicerint,
1587 1194 1648 1238 aaa
1667 1179 1769 1237 tamea
1788 1176 1856 1255 epse
1872 1173 2002 1241 ceree
2019 1199 2135 1245 aarum

48 1310 59 1319 .
121 1256 219 1321 datar
250 1256 294 1320 od
331 1256 581 1339 intelligendam,-
613 1257 782 1337 prumiam
816 1255 880 1321 Dei
917 1278 996 1340 opta
1028 1279 1101 1336 esse,
1155 1257 1287 1341 aeplipit,
1310 1258 1364 1322 sed
1385 1278 1453 1323 voce
1473 1279 1534 1323 saa
1556 1259 1661 1324 sedule
1683 1260 1809 1339 irridet,
1827 1281 1904 1341 qaas
1926 1262 2011 1327 iratas
2028 1286 2049 1327 a
2070 1266 2135 1346 spi-

121 1344 217 1408 cerda
238 1342 462 1419 manicatae,
486 1347 592 1423 etpro
609 1341 744 1423 lapideis
760 1342 839 1407 dare
859 1362 988 1421 caraea,
1008 1345 1102 1428 apem
1154 1345 1221 1408 rita
1256 1348 1360 1408 sartae
1392 1345 1493 1408 doceri
1520 1364 1639 1412 measse
1674 1351 1718 1409 est
1744 1350 1779 1409 at
1814 1346 1938 1428 aliquid
1958 1349 2134 1430 usaue.

121 1449 215 1493 mam
236 1427 403 1493 inscribere
420 1427 605 1507 asadiam
626 1427 756 1508 deaiqaae
775 1429 903 1494 animas
919 1431 1101 1509 iaaoeaade,
1153 1430 1253 1510 Apud
1279 1429 1422 1511 reprobes
1451 1431 1592 1494 admonet
1623 1429 1748 1495 Paulas
1783 1431 1818 1514 (2
1838 1430 1912 1497 Cor.
1932 1436 1961 1510 2,
1990 1434 2044 1519 16)
2072 1456 2134 1501 aaa

120 1517 224 1599 sacac
244 1521 279 1579 at
300 1513 413 1595 africae
434 1515 475 1579 st
495 1513 644 1579 asana.
1154 1516 1284 1580 otiosae
1305 1536 1369 1580 esse
1397 1516 1584 1595 doctrinam,
1612 1517 1689 1596 qaia
1716 1516 1783 1582 illis
1811 1518 1886 1582 odor
1906 1523 1951 1582 est
1967 1523 2077 1586 mortis
2097 1522 2134 1587 ia

208 1605 238 1664 5.
284 1599 452 1680 Quorsum
480 1621 558 1682 ergo
580 1599 846 1665 exhortationes?
873 1622 993 1684 nempe
1015 1603 1043 1665 si
1062 1602 1101 1667 ab
1153 1606 1288 1679 ruortaa,
1311 1602 1421 1666 mara
1443 1606 1545 1666 tamea
1567 1603 1640 1667 eder
1661 1602 1737 1667 Dee.

119 1687 232 1769 impiis
259 1687 422 1751 obstinato
450 1684 547 1751 cerda
576 1691 780 1766 memtaatar,
813 1687 847 1750 in
875 1688 1101 1752 testimoninm
1241 1692 1269 1751 6.
1314 1687 1356 1751 Ιιι
1378 1687 1593 1770 congerendis
1616 1689 1798 1771 scripturae
1820 1688 2017 1756 testimoniis
2035 1692 2132 1759 valde

120 1773 188 1838 illis
208 1773 340 1838 futurae
367 1777 460 1848 sunt,
490 1770 549 1835 ubi
571 1770 611 1835 ad
633 1771 769 1835 Domini
796 1771 942 1836 tribunal
963 1780 1101 1837 ventum
1154 1781 1232 1838 sunt
1257 1772 1425 1852 laboriosi3
1458 1773 1555 1856 idque
1584 1773 1698 1838 sedule
1730 1773 1869 1851 faciunt,
1897 1782 1949 1852 ut,
1977 1777 2132 1858 qnoniam

124 1860 239 1938 tuerit3
271 1859 351 1941 quin
381 1859 480 1922 etiam
506 1858 573 1921 iam
596 1879 684 1922 nunc
712 1857 846 1922 illorum
867 1858 1101 1924 conscientiam
1176 1857 1298 1924 endere
1326 1868 1510 1942 nequeunt,
1539 1880 1677 1924 numero
1706 1859 1822 1924 saltem
1849 1882 1909 1924 nes
1938 1859 2129 1929 adobruunt

124 1945 303 2012 verberant
325 1964 363 2009 ac
379 1943 516 2022 feriunt;
539 1943 631 2025 quia,
650 1956 816 2025 utcunque
834 1944 971 2008 irrideat
981 1951 1102 2026 preter·
1153 1881 1222 2010 ξοά
1244 1943 1518 2027 quemadmodum
1539 1945 1575 2008 in
1597 1945 1738 2027 proeliis,
1768 1946 1824 2011 ubi
1846 1945 1888 2009 ad
1910 1967 2028 2012 manus
2049 1970 2131 2014 ven·

124 2032 277 2097 sissimus
313 2031 460 2111 quisque,
499 2028 685 2111 improbare
731 2037 842 2094 tamen
878 2032 946 2094 non
1006 2038 1099 2096 otest.
1153 2038 1225 2095 tum
1253 2039 1321 2110 cst,
1343 2030 1483 2097 imbellis
1505 2031 1696 2110 multitudo,
1724 2031 1964 2114 quantumlibet
1991 2055 2130 2117 pompae

125 2115 192 2184 Sed
212 2116 292 2199 quid
309 2116 407 2182 faciat
424 2117 520 2180 miser
537 2114 708 2192 Ῐιιιιιιιιιιοιο,
731 2117 862 2196 inquies,
881 2137 970 2199 quan
994 2137 1101 2182 ocer-
1152 2125 1185 2180 et
1202 2117 1428 2181 ostentationis
1451 2117 1583 2196 habeat,
1607 2118 1720 2198 paucis
1742 2116 1859 2181 ictibus
1882 2119 2031 2199 protinus
2053 2119 2131 2184 fun-

124 2201 174 2269 dis
195 2202 365 2280 mollities,
393 2221 478 2284 quae
506 2200 548 2265 ad
569 2198 787 2266 obedientiam
815 2203 999 2268 necmsaria
1020 2211 1100 2284 erat,
1154 2201 1242 2266 ditur
1280 2223 1318 2268 ae
1349 2203 1500 2286 fugatur,
1535 2204 1582 2267 ita
1614 2201 1709 2268 nobis
1741 2202 1931 2268 facillimum
1964 2205 2026 2268 erit
2057 2205 2131 2273 illos

122 2289 172 2353 illi
193 2286 396 2373 denegatur?
424 2287 497 2351 Imo
519 2286 596 2370 quid
619 2287 864 2371 tergiversatur,
886 2310 988 2371 quum
1011 2288 1101 2354 duri·
1153 2308 1227 2352 cum
1256 2309 1316 2352 sua
1343 2289 1441 2353 turba
1469 2287 1624 2354 disiieere.
1671 2287 1759 2368 Quia
1788 2289 1877 2352 enim
1908 2290 1943 2353 in
1972 2291 2130 2372 paucissi-

122 2376 202 2440 tiem
229 2373 312 2439 nulli
341 2373 405 2438 nisi
439 2371 502 2437 sibi
529 2373 593 2454 ipsi
626 2373 790 2455 imputare
820 2373 938 2456 queat?
982 2375 1100 2458 Itaque
1152 2395 1224 2438 mos
1246 2394 1359 2457 scopes
1372 2383 1492 2439 coeunt
1513 2374 1574 2439 loci
1596 2395 1719 2454 omnes,
1738 2374 1858 2456 quibus
1878 2372 2053 2443 adversum
2071 2398 2131 2443 nos

123 2459 224 2544 impii,
247 2461 389 2525 libenter
416 2480 471 2524 eas
499 2457 631 2523 eludere
659 2459 768 2541 parati
796 2460 824 2523 si
845 2459 957 2537 liceat,
986 2462 1098 2541 velint,
1153 2460 1348 2538 abutuntur,
1383 2460 1439 2524 uhi
1471 2461 1506 2524 in
1539 2481 1615 2525 suas
1643 2461 1763 2526 classes
1797 2458 1966 2525 distributi
1996 2462 2129 2542 fixerint,

29 2550 36 2559 '
123 2547 239 2624 nolint,
261 2565 375 2612 aarum
406 2547 527 2611 virtute
543 2549 793 2626 maturaretur.
837 2545 1020 2629 Praecipua
1042 2567 1100 2612 au·
1152 2544 1373 2628 compluribus
1407 2566 1473 2610 una
1512 2547 1723 2628 responsione
1761 2546 1840 2611 satis
1861 2546 1957 2624 fieti·
1990 2548 2130 2632 singulis
2212 2615 2219 2626 ,

121 2640 190 2697 tem
211 2632 338 2697 utilitas
365 2653 444 2714 erga
470 2629 584 2695 fideles
612 2628 848 2710 consideranda
875 2638 938 2696 est:
970 2633 1006 2697 in
1028 2634 1100 2715 qui·
1152 2630 1367 2696 dissolvendis
1399 2631 1588 2697 incumbere
1621 2653 1753 2698 necesse
1782 2653 1847 2696 non
1882 2633 1952 2698 erit.
1996 2633 2130 2700 Praeci-

121 2717 182 2784 bus
203 2725 243 2783 nt
264 2719 377 2783 emnia
397 2738 456 2799 per
477 2716 629 2799 spiritum
652 2738 748 2781 suum
767 2717 836 2800 agit
857 2716 1030 2798 Dominus,
1054 2719 1100 2782 ita
1150 2739 1256 2800 puum
1278 2717 1378 2782 robur
1395 2717 1504 2782 locant
1522 2719 1557 2781 in
1574 2719 1772 2801 praeceptis:
1792 2737 1875 2800 quae
1892 2728 2011 2800 putant
2026 2719 2129 2785 facul·

123 2803 216 2870 verbi
238 2805 288 2869 sui
311 2805 569 2869 instrumentum
596 2823 664 2866 nen
686 2803 933 2885 praetermittit,
963 2812 996 2869 et
1016 2802 1099 2868 illud
1150 2803 1273 2868 tatibus
1294 2802 1416 2869 nostris
1438 2803 1484 2866 sic
1506 2800 1723 2888 attemperata
1744 2824 1824 2880 esse,
1847 2809 1885 2866 ιιι
1905 2803 2065 2887 quidquid
2087 2806 2128 2871 ab

124 2890 231 2972 ipsum
252 2911 321 2954 non
349 2890 418 2955 sine
445 2889 589 2954 efficacia
616 2899 763 2971 usurpat.
809 2887 885 2955 Stet
913 2910 991 2974 ergo
1013 2889 1100 2973 quod
1151 2889 1217 2953 illis
1241 2888 1329 2972 exigi
1351 2889 1528 2972 probatum
1550 2889 1610 2966 sit,
1634 2888 1686 2954 his
1708 2883 1878 2972 praestari
1899 2910 1993 2971 posse
2015 2909 2129 2957 neees-

123 2997 239 3041 verum
268 2983 334 3055 est,
363 2984 466 3039 totam
493 2974 624 3058 piorum
651 2974 809 3040 virtutem
837 2975 872 3038 in
900 2975 966 3040 Dei
992 2977 1100 3060 gratia
1151 2976 1236 3040 sarie
1258 2982 1484 3057 consequatur.
1527 2975 1619 3059 Ergo
1640 2975 1771 3058 singula
1800 2983 2005 3056 percurrunt,
2034 2984 2068 3040 et
2085 2997 2128 3041 ex

123 3063 219 3127 sitam
252 3084 338 3140 esse,
370 3062 541 3127 amedera
571 3059 653 3126 ailad
681 3060 849 3143 prophetoe
877 3062 949 3146 (Ea.
973 3065 1021 3139 ll,
1043 3062 1098 3146 19)
1150 3061 1215 3127 illis
1238 3061 1358 3126 virium
1380 3070 1570 3126 nostrarum
1587 3060 1722 3125 modum
1733 3061 1923 3125 metiuntur.
1947 3061 2126 3141 Autenim,

122 3148 255 3213 dictam:
287 3148 366 3214 dabo
394 3149 463 3214 iilis
494 3167 545 3211 cer
578 3166 692 3211 teocam
720 3153 755 3211 at
780 3149 816 3212 ia
844 3147 911 3212 illis
937 3147 1099 3213 ambulent.
1149 3147 1320 3229 inquiunt,
1362 3145 1473 3211 illudit
1505 3146 1598 3212 nobis
1624 3147 1733 3225 Deus,
1774 3166 1877 3229 quum
1909 3147 2125 3226 sanctitatem,

123 3234 390 3316 disputaremus,
420 3256 479 3300 our
505 3232 573 3296 iam
599 3231 818 3298 admonentur
846 3235 943 3298 officii
966 3235 1031 3313 sui,
1061 3254 1099 3299 ao
1150 3233 1316 3316 pietatem,
1335 3231 1562 3307 obedientiam,
1581 3233 1773 3311 castitatem,
1799 3231 2014 3309 dilectimem,
2032 3254 2127 3297 man-

122 3342 190 3385 nen
212 3321 321 3403 potins
343 3320 500 3384 sinuntur
522 3318 657 3402 spiritns
680 3319 870 3384 directioni?
905 3341 964 3384 cur
984 3320 1098 3385 horta-
1150 3318 1357 3383 suetudinem
1385 3319 1540 3400 imperat;
1575 3341 1676 3401 quum
1703 3315 1962 3396 immunditiam,
1993 3317 2127 3382 idolola-

120 3405 268 3470 tienihus
297 3404 529 3482 sollicitantur,
563 3405 694 3487 quando
726 3405 881 3471 festinare
907 3407 1012 3490 magis
1039 3428 1098 3471 ne-
1150 3406 1258 3482 triam,
1281 3402 1529 3487 impudicitiam,
1552 3405 1645 3482 iram,
1675 3403 1836 3487 rapinam,
1860 3403 2064 3485 superbiam,
2095 3412 2127 3468 et

121 3497 253 3574 queunt
273 3511 372 3572 quam
390 3492 453 3554 fert
470 3491 604 3573 spiritus
622 3491 789 3556 incitatio?
814 3513 873 3557 cur
895 3492 1098 3576 castigantur
1151 3490 1271 3556 similia
1292 3489 1470 3568 interdicit;
1494 3497 1551 3554 aut
1572 3510 1611 3554 ea
1632 3498 1763 3554 tantum
1775 3490 1920 3571 requirit,
1942 3510 2027 3570 quae
2048 3498 2128 3554 sunt

122 3579 151 3643 si
175 3575 305 3658 quando
328 3576 420 3640 avia
437 3576 651 3656 deflexerunt,
673 3576 806 3659 quande
825 3577 1008 3642 neccssaria
1027 3598 1098 3643 car·
1148 3577 1185 3641 in
1206 3584 1319 3640 nostra
1344 3583 1514 3658 potestate.
1558 3575 1663 3640 Perre
1691 3575 1801 3639 emnia
1833 3575 1901 3639 fere
1927 3595 2010 3657 quae
2033 3596 2128 3641 accu-

119 3664 174 3727 nis
201 3661 393 3726 infirmitate
421 3661 506 3744 lapsi
531 3663 628 3726 sunt?
675 3661 840 3742 Ohemo,
875 3664 948 3746 quis
978 3686 1013 3728 es
1040 3664 1118 3747 qui¹
1149 3661 1280 3727 mulant
1300 3672 1489 3744 praecepta,
1519 3661 1555 3725 in
1582 3671 1649 3727 tres
1677 3661 1800 3743 species
1819 3660 2020 3759 distinguere
2042 3661 2126 3726 licet

115 3749 228 3832 legem
249 3748 398 3830 imponas
420 3747 512 3811 Deo?
557 3746 595 3814 Si
622 3749 665 3813 ad
692 3750 913 3832 recipiendam
940 3750 1027 3814 hanc
1048 3750 1097 3832 ip-
1149 3748 1227 3812 Alia
1254 3748 1394 3829 primam
1419 3747 1461 3811 ad
1482 3746 1593 3812 Deum
1615 3747 1859 3813 conversionem
1881 3754 2033 3829 exrgunt3
2063 3745 2128 3811 alia

120 3856 192 3900 sam
221 3835 377 3918 gratim,
411 3853 475 3915 qua
502 3834 540 3896 fit
568 3842 606 3898 ut
633 3834 812 3900 hortationi
836 3843 1005 3920 pareatur,
1039 3857 1098 3918 por
1150 3832 1346 3917 simpliciter
1380 3831 1420 3898 de
1453 3833 1535 3916 legis
1571 3831 1797 3898 observatione
1829 3832 2024 3913 loquuntur;
2063 3830 2128 3897 alia

120 3920 342 3986 hortationem
372 3918 445 3985 vult
466 3937 527 3982 nes
549 3921 752 4002 praeparari,
780 3921 859 4004 qnid
888 3920 989 3988 habes
1011 3920 1099 4004 quod
1148 3940 1360 4003 perseverare
1386 3920 1421 3982 in
1444 3928 1575 4001 recepta
1601 3919 1667 3983 Dei
1688 3920 1794 4002 gratia
1815 3917 1937 3981 iubent.
1982 3917 2035 3983 De
2057 3938 2127 3981 om-

122 4007 157 4071 in
178 4028 217 4071 ea
238 4005 427 4071 oeconomia
447 4003 597 4068 mordeas
620 4005 671 4070 vel
692 4007 848 4091 sugilles?
873 4006 911 4074 Si
934 4007 1017 4072 nihil
1039 4029 1096 4072 ox·
1149 4006 1246 4071 nibus
1267 4005 1302 4071 in
1330 4026 1449 4088 genere
1476 4003 1691 4082 disseramus,
1725 4012 1795 4068 tum
1824 4002 2058 4068 descendemus
2086 4003 2129 4068 ad

121 4092 324 4157 hortationes
345 4089 680 4175 reprehensionesque
708 4092 796 4175 apud
817 4095 888 4177 pios
910 4093 999 4159 aliud
1020 4114 1097 4176 pro-
1149 4093 1271 4157 formas
1298 4092 1393 4174 ipsas.
1442 4091 1627 4155 Hominum
1655 4089 1828 4154 facultates
1856 4087 1898 4153 ad
1928 4088 2058 4155 divinae
2080 4089 2127 4154 le-

120 4179 265 4257 ficerent,
289 4178 353 4243 nisi
371 4185 409 4242 ιιι
425 4175 551 4260 peccati
569 4175 813 4260 redarguerent,
832 4189 942 4245 essent
964 4201 1002 4246 ee
1025 4180 1096 4263 ipso
1149 4179 1200 4261 gis
1219 4185 1394 4262 praecepta
1416 4176 1602 4255 extendere,
1625 4175 1762 4259 vulgare
1792 4174 1826 4238 id
1848 4173 1980 4257 quidem
2000 4174 2125 4239 iamdiu

121 4262 324 4347 reputandae
341 4285 409 4329 non
428 4283 563 4346 prorsus
581 4262 721 4328 inutiles.
743 4264 842 4331 Nune
859 4288 961 4348 quum
978 4275 1097 4350 agente
1149 4285 1219 4329 esse
1237 4264 1352 4346 eoepit,
1376 4270 1409 4326 et
1426 4261 1618 4327 nonnullam
1646 4260 1788 4345 speeiem
1808 4259 1922 4339 habet;
1951 4257 2008 4326 sed
2030 4281 2050 4322 a
2068 4281 2126 4322 ru·

120 4351 213 4415 intus
245 4351 363 4432 spiritu
397 4349 439 4414 ad
471 4346 744 4412 inflammandum
781 4351 858 4416 boni
889 4352 1095 4429 desiderium,
1149 4348 1283 4415 dissime
1304 4349 1386 4433 legis
1413 4349 1599 4432 ignorantia
1627 4347 1757 4430 prodiit.
1802 4347 1888 4411 Nam
1915 4345 1971 4427 qui
1993 4365 2052 4426 pro
2074 4345 2125 4407 in-

121 4435 161 4500 ad
192 4434 432 4502 discritiondum
459 4441 638 4516 torperem,
674 4433 714 4497 ad
730 4437 951 4505 ,eximendam
976 4437 1096 4521 iniqui-
1148 4437 1240 4520 genti
1258 4435 1386 4518 piaculo
1404 4434 1539 4514 ducunt,
1562 4435 1591 4499 si
1609 4432 1738 4499 dicatur
1759 4432 1841 4514 legis
1863 4429 2125 4495 observationem

120 4523 198 4586 tatis
228 4521 431 4604 voluptatem
454 4527 488 4585 et
509 4527 707 4585 venenatam
735 4521 956 4599 dulcedinem,
983 4532 1097 4589 centra
1149 4542 1219 4589 esse
1250 4520 1500 4602 impossibilem,
1541 4519 1741 4584 validissime
1774 4517 1897 4583 seilicet
1929 4524 2125 4597 argumente

121 4619 246 4687 autem,
281 4607 322 4673 ad
352 4606 464 4672 odium
494 4606 706 4687 taediumque
738 4609 960 4688 generandum
994 4609 1096 4692 pluri-
1147 4607 1319 4683 insistunt,
1338 4606 1461 4671 frustra
1491 4605 1571 4670 alius
1594 4605 1705 4669 datam
1728 4604 1798 4668 esse
1819 4602 1935 4684 legem.
1979 4597 2125 4665 Perinde

120 4714 212 4757 mum
233 4692 376 4772 valeant,
398 4693 472 4776 quis
494 4692 614 4757 audeat
641 4694 825 4774 superfluas
847 4694 1013 4759 cavillari?
1057 4691 1096 4760 Si
1147 4693 1235 4757 enim
1246 4691 1424 4774 lequuntur
1435 4712 1472 4756 ao
1483 4692 1512 4754 si
1523 4684 1819 4772 nusquamPahlns
1830 4686 1870 4751 dc
1881 4685 1954 4770 lege
1967 4685 2125 4768 loquutus

121 4781 194 4861 quis
222 4778 393 4845 clariorem
421 4778 584 4843 desiderat
605 4779 865 4860 responsionem,
894 4781 940 4843 sie
960 4778 1093 4845 habeat:
1148 4786 1242 4845 esset.
1288 4777 1378 4858 Quid
1399 4778 1500 4854 enim,
1530 4795 1665 4859 quaese,
1696 4776 1760 4839 ista
1777 4771 1840 4838 sibi
1861 4772 1993 4850 volunt,
2017 4770 2126 4854 legam

119 4865 269 4930 bifariam
296 4866 389 4931 Dens
417 4865 453 4928 in
481 4862 591 4930 electis
614 4866 681 4929 suis
703 4873 872 4947 operatur:
906 4866 1009 4945 intus,
1148 4873 1280 4948 propter
1313 4863 1588 4947 transgressiones
1615 4860 1757 4945 positam
1777 4880 1862 4924 »esse
1891 4858 1981 4934 (Gal.
2004 4861 2123 4938 3,19;

119 4952 288 5034 spiritum
308 4961 404 5017 extra
428 4950 660 5034 perverbum.
706 4949 848 5034 Spiritu,
871 4957 1000 5017 mentes
1020 4887 1097 5016 diii
1148 4973 1206 5034 per
1233 4950 1342 5034 legem
1371 4971 1441 5016 esse
1469 4949 1689 5032 cognitionem
1715 4946 1841 5030 peceati
1873 4944 1984 5031 (Rem
2005 4947 2033 5023 3,
2053 4947 2124 5024 20;

119 5037 285 5119 minando,
309 5037 409 5104 cerda
429 5037 466 5101 in
487 5035 631 5102 iustitiae
653 5058 798 5103 amorem
820 5040 1010 5120 cultumque
1030 5038 1096 5102 fer·
1147 5037 1254 5121 legem
1283 5041 1454 5119 peceatum
1483 5035 1610 5101 efficere
1640 5031 1730 5115 (ibid.
1751 5038 1781 5112 7,
1801 5032 1851 5117 7);
1881 5031 2125 5115 subingressum

119 5123 250 5202 mando,
273 5145 394 5190 novam
414 5142 470 5190 eos
491 5129 677 5187 creaturam
693 5123 779 5188 facit.
813 5125 934 5205 Verbo,
958 5123 999 5189 ad
1017 5144 1096 5189 ean·
1148 5144 1218 5188 esse
1240 5129 1278 5186 ut
1308 5120 1491 5187 abundaret
1518 5120 1674 5186 delictum
1700 5118 1812 5205 (Rern
1832 5123 1861 5198 5,
1881 5115 1959 5201 20)?
2004 5117 2060 5180 An
2082 5113 2125 5181 ad

120 5208 197 5274 dem
221 5211 468 5279 renovationem
490 5207 719 5291 expetendam,
747 5211 985 5293 quaerendam,
1008 5229 1095 5277 asse·
1148 5215 1278 5275 nostras
1301 5208 1388 5274 vires
1408 5206 1616 5273 limitandum
1636 5206 1746 5286 hrisse,
1766 5227 1809 5270 ne
1826 5205 1949 5269 frustra
1967 5198 2123 5267 daretur?
