4672 5842
173 295 255 357 1055
820 285 1084 354 INSTI'PUTIO
1102 285 1208 349 R-EL.
1232 282 1412 350 CHRIST.
1434 288 1527 351 1559.
2108 286 2179 346 toto

172 479 270 545 aetati
293 498 371 541 suae
394 476 649 557 congruentibus
673 475 712 540 dc
735 476 897 558 spirituali
915 477 978 540 Dei
1002 477 1090 540 cultu
1113 476 1147 538 in
1171 478 1174 565 j
1199 474 1285 538 facit.
1333 473 1416 554 Quis
1438 475 1527 538 enim
1549 476 1670 558 cogitet
1691 496 1726 537 se
1748 484 1852 538 morte
1875 472 2004 538 Christi
2033 472 2176 556 redemp-

170 572 274 631 totum
309 561 418 626 orbem
459 561 672 642 propagando
708 563 887 626 vaticinari.
946 562 1053 642 Quam
1087 583 1147 625 nos
1199 568 1269 623 tum
1288 580 1366 636 csse,
1391 560 1445 624 ubi
1469 581 1587 627 novam
1610 562 1643 623 in
1667 561 1768 624 missa
1794 559 2061 641 redemptionem
2094 560 2176 623 vide·

169 650 233 714 illis
261 649 455 713 solutionem
479 646 603 710 «lamus.
637 648 748 711 Huius
771 658 881 710 tamen
904 650 950 711 rei
974 650 1050 730 quia
1072 669 1146 729 pas·
1171 656 1173 679 ¹
1199 645 1265 707 rit?
1312 644 1395 725 Quis
1417 658 1550 729 peccata
1570 647 1631 710 sibi
1650 647 1788 709 remissa
1810 645 1965 723 confidat,
1986 644 2045 708 ubi
2063 667 2175 709 novam

169 738 231 801 sim
254 733 350 798 obvia
371 733 521 814 exempla
544 746 730 810 occurrunt,
754 755 819 797 non
842 757 897 797 cro
919 736 952 797 iu
975 755 1146 798 1111111111-
1171 742 1173 799 f
1199 732 1424 796 remissionem
1459 732 1599 796 viderit?
1656 732 1770 814 Neque
1807 731 1924 795 evadet
1958 733 2017 813 qui
2052 731 2174 807 dixerit,

169 823 257 885 tione
280 820 418 902 longiori
441 819 606 883 sollicitus.
652 818 852 900 Quanquam
878 821 913 883 in
935 819 996 884 hoc
1019 842 1146 902 quoquo
1171 870 1173 881 .
1200 838 1265 879 non
1285 817 1348 880 alia
1364 842 1463 882 causa
1483 840 1542 881 nos
1560 827 1765 900 pcccatorum
1785 818 2011 882 remissionem
2030 818 2071 879 in
2085 819 2176 883 missa

168 908 288 971 misere
308 905 563 981 hallucinantur,
588 903 673 985 quod
696 905 822 968 nullum
842 915 1024 987 agnoscunt
1047 906 1146 969 sacri-
1199 903 1360 979 obtinere,
1384 905 1447 967 nisi
1470 904 1547 985 quia
1569 914 1674 967 morto
1698 904 1822 968 Christi
1846 905 1912 967 iam
1936 905 2104 985 acquisita
2125 922 2174 970 est.

168 993 279 1057 ficium
313 992 376 1054 nisi
405 990 591 1054 missorium
599 1015 606 1067 ;
640 1012 740 1072 quum
770 1012 905 1055 revera
935 1013 1024 1056 nunc
1046 992 1146 1054 sacri-
1170 1040 1173 1073 z
1198 988 2176 1072 Δ11111111111111111111111111111111111111,111111111111

169 1082 269 1144 licent
291 1077 435 1141 Domino
464 1075 592 1149 11111111,
615 1076 826 1140 otmundum
849 1078 989 1140 offerant
1011 1077 1146 1141 oblatio·
1171 1114 1173 1135 .
1199 1073 1331 1138 Christo
1353 1075 1540 1157 redemptos
1562 1098 1648 1153 csse,
1667 1084 1704 1139 111
1721 1097 1780 1139 nos
1799 1076 1861 1157 ipsi
1878 1076 2100 1154 redimamus;
2121 1076 2175 1140 hu·

169 1187 256 1241 nem,
279 1163 320 1226 de
343 1185 407 1244 qua
430 1183 504 1225 mox
528 1160 662 1225 dicetur.
1171 1162 1173 1171 '
1198 1160 1337 1223 iusmodi
1368 1162 1455 1224 enim
1485 1183 1504 1225 a
1533 1176 1666 1225 satanae
1694 1162 1853 1225 ministris
1891 1161 2045 1226 doctrina
2073 1183 2176 1245 sparsa

257 1255 284 1312 5.
321 1249 417 1312 Nunc
434 1247 594 1312 descendo
613 1248 654 1311 ad
675 1249 790 1312 tertias
810 1250 928 1313 missae
951 1262 1070 1331 partes
1090 1247 1145 1311 ubi
1199 1254 1263 1319 est,
1294 1256 1326 1308 ct
1347 1246 1445 1311 talem
1468 1246 1564 1311 hodie
1587 1246 1792 1324 clamoribus,
1815 1249 1916 1325 ferro,
1940 1248 2013 1330 igni
2039 1254 2174 1313 menan.

171 1333 402 1418 explicandum
425 1343 474 1396 est
495 1334 654 1414 quomodo
688 1357 799 1397 veram
823 1346 856 1397 et
878 1357 976 1398 unam
1005 1344 1145 1398 mortem
1171 1336 1173 1383 l
1200 1332 1267 1394 Nos
1290 1354 1389 1412 quum
1413 1332 1584 1397 Christ-um
1611 1334 1756 1414 patri'in
1780 1333 1880 1405 missa
1908 1334 2098 1410 offerimus,
2119 1336 2175 1400 hoc

169 1421 294 1487 Christi
317 1419 476 1495 obliteret,
500 1429 595 1483 1111
620 1419 789 1483 hominum
813 1422 969 1501 memoria
992 1420 1144 1484 excutiat.
1170 1434 1173 1489 ζ
1198 1417 1371 1482 oblationis
1394 1439 1490 1499 opere
1514 1419 1641 1500 assequi
1659 1427 1867 1501 peccatorum
1896 1420 2128 1484 remissionem
2146 1435 2175 1486 et

168 1509 256 1572 Nam
288 1514 325 1568 ut
358 1504 445 1567 inter
477 1505 625 1569 homines
666 1508 851 1569 testamenti
890 1507 1093 1570 confirmatio
1127 1504 1173 1581 al
1199 1504 1372 1585 participes
1394 1505 1465 1568 ficri
1488 1505 1646 1585 passionis
1669 1504 1803 1568 Christi.
1838 1502 1928 1585 Quid
1949 1508 2019 1567 iam
2038 1507 2173 1588 passioni

169 1602 274 1657 morto
295 1591 460 1653 testatoris
483 1590 611 1673 pendet,
633 1592 681 1655 ita
699 1592 797 1655 etiam
817 1600 1060 1667 testamentarii,
1081 1613 1146 1673 quo
1170 1600 1173 1647 t
1199 1588 1324 1653 Christi
1343 1602 1500 1672 superest,
1523 1590 1586 1654 nisi
1609 1597 1646 1654 ut
1663 1592 1707 1654 sit
1727 1590 1914 1673 exemplum
1933 1591 2171 1674 redemptionis,

168 1700 228 1742 nos
251 1682 458 1758 pcccatorum
481 1677 671 1741 remissione
689 1686 722 1740 et
743 1686 877 1741 aeterna
898 1677 1023 1741 iustitia
1045 1676 1145 1740 dona·
1170 1676 1173 1773 ]
1198 1673 1433 1755 quodiscamus
1447 1677 1551 1740 1111111
1570 1698 1640 1743 osse
1660 1674 1902 1758 redemptores?
1934 1676 2088 1742 Christus
2105 1680 2170 1761 ipse,

169 1765 225 1840 vit,
249 1771 354 1825 morte
377 1782 437 1826 sua
456 1763 661 1827 confirmavit
682 1763 845 1826 Dominus
867 1776 987 1827 noster.
1020 1763 1062 1826 In
1086 1763 1146 1826 hoc
1170 1784 1173 1849 1
1198 1761 1273 1824 dura
1295 1762 1330 1823 in
1352 1782 1443 1825 11111
1461 1762 1568 1825 venae
1587 1763 1736 1843 fiduciam
1759 1763 1906 1844 11119111,
1930 1784 1994 1827 noa
2020 1764 2172 1830 1111111111-

169 1856 366 1914 testamento
388 1847 444 1929 qui
465 1849 594 1912 variare
622 1848 800 1930 quidquam
827 1858 885 1912 aut
907 1851 1064 1913 innovare
1086 1870 1145 1911 au·
1171 1854 1173 1905 l
1198 1847 1317 1927 re'pmlos
1338 1849 1373 1910 ia
1394 1849 1512 1912 actione
1528 1849 1588 1911 illc
1605 1849 1740 1926 haerere,
1759 1849 1813 1913 ced
1831 1849 1951 1931 ableget
1968 1870 2022 1914 eos
2042 1851 2085 1914 ad
2100 1872 2172 1915 mor·

169 1935 256 2012 dent,
276 1942 415 1997 mortem
434 1934 503 1997 eius
521 1934 694 2016 abnegant,
713 1943 747 1998 et
764 1942 920 2016 tanquam
938 1935 1060 1999 nullius
1077 1955 1146 1997 mo-
1171 1956 1173 1989 ε
1197 1933 1240 1995 tis
1266 1933 1475 2013 sacrificiorum
1509 1953 1633 1999 menam
1667 1939 1896 1999 mercamentum
1923 1935 1972 1999 cel
2001 1938 2174 2001 1111111111

169 2020 274 2084 menti
296 2019 429 2083 habent.
475 2017 563 2100 Quid
584 2040 662 2085 vcro
686 2029 736 2085 est
758 2021 858 2085 missa
880 2021 945 2085 nisi
967 2042 1090 2085 novum
1113 2027 1145 2084 et
1171 2004 1174 2103 l
1199 2017 1249 2101 (ct
1272 2019 1359 2100 malco
1381 2019 1564 2103 loquamur)
1592 2041 1656 2084 esse
1685 2021 1883 2101 sirmificam,
1911 2041 1951 2083 esc
1970 2041 2034 2102 qeto
2060 2023 2174 2089 discesti

169 2127 303 2190 prorsus
332 2105 497 2169 diversum
525 2105 784 2170 testamentum?
830 2104 921 2186 Quid
947 2106 1057 2169 enim?
1087 2128 1145 2169 an·
1171 2120 1173 2179 ξ
1199 2104 1357 2168 uictimam
1378 2107 1587 2186 mpietricmi,
1609 2127 1673 2186 qua
1689 2107 1871 2186 placeamus
1888 2111 1956 2171 erat·
1977 2107 2086 2187 Deus,
2108 2123 2174 2174 aete

168 2214 237 2256 non
268 2190 416 2274 singulae
443 2192 563 2255 missae
591 2213 710 2256 novam
739 2204 946 2273 peecatorum
981 2192 1145 2257 remissio·
1171 2186 1173 2291 l
1199 2190 1264 2253 nisi
1281 2191 1373 2254 111111
1394 2192 1501 2271 offerri
1523 2192 1672 2256 debuisse.
1713 2192 1821 2273 Neque
1841 2194 1925 2257 enim
1947 2192 2071 2273 sufficit
2094 2193 2173 2260 Cart

170 2298 262 2357 11111,
287 2298 405 2340 novam
432 2277 575 2340 iustitiae
602 2279 845 2359 acquisitionem
872 2279 1085 2360 promittunt,
1110 2287 1147 2341 ut
1198 2280 1280 2339 stam
1302 2280 1402 2340 tenere
1429 2277 1555 2340 ciream
1583 2298 1648 2341 csse
1671 2279 1842 2354 victimam,
1865 2279 1932 2342 nisi
1955 2285 1983 2343 et
2004 2281 2102 2345 urtica
2122 2283 2173 2346 a»

170 2365 236 2428 iam
254 2369 302 2427 tot
323 2363 391 2426 sint
412 2369 608 2426 testamenta
641 2372 718 2445 quot
739 2363 879 2428 missae?
925 2365 1046 2427 Veniat
1068 2385 1145 2446 crgo
1198 2362 1323 2425 molatio
1345 2362 1476 2440 accedat,
1499 2368 1534 2426 ut
1552 2364 1631 2443 fides
1650 2369 1757 2428 nostra
1778 2365 1863 2428 11111
1885 2366 1955 2429 cius
1976 2365 2081 2446 affixo
2097 2368 2145 2432 sa

170 2470 302 2512 rursum
324 2446 486 2527 Christus,
510 2449 666 2513 etaltera
687 2456 793 2513 morte
815 2471 938 2513 novum
960 2450 1021 2515 hoe
1044 2459 1145 2513 testa
1286 2452 1313 2510 7.
1359 2447 1413 2511 Ad
1435 2448 1620 2512 coronidem
1646 2471 1733 2514 nunc
1757 2444 1865 2514 venio:
1895 2472 2017 2533 nempe
2051 2475 2172 2519 sacram

170 2540 335 2612 mentum,
368 2534 420 2597 vel
454 2535 562 2616 petius
600 2535 738 2598 infinitis
776 2537 935 2600 mortibus
971 2536 1146 2599 innumera
1198 2553 1343 2610 coenam,
1366 2535 1400 2596 in
1423 2556 1488 2615 qua
1509 2535 1672 2599 Dominus
1696 2535 1858 2617 passionis
1880 2556 1961 2600 suae
1982 2541 2173 2604 memoriam

170 2622 346 2685 missarum
369 2627 564 2684 testamenta
586 2629 658 2684 rata
679 2621 785 2684 faciat.
821 2622 944 2686 ilnnon
966 2622 1066 2704 igitur
1089 2643 1145 2685 re·
1170 2624 1173 2745 ,
1197 2618 1396 2700 insculptam
1418 2621 1656 2702 formatamque
1688 2621 1880 2703 reliquerat,
1904 2630 2012 2687 erecta
2032 2626 2173 2691 missae

170 2728 243 2769 rum
266 2706 425 2788 principio
449 2705 533 2783 disi,
558 2706 689 2770 unicam
711 2713 744 2771 et
766 2727 879 2771 veram
909 2706 1034 2771 Christi
1057 2728 1145 2770 mor·
1170 2760 1172 2777 ,
1198 2703 1304 2768 medio
1333 2703 1511 2784 sublatam,
1542 2705 1709 2771 inductam
1737 2717 1771 2770 et
1799 2707 2009 2788 deperditam.
2058 2709 2169 2792 Siqui-

170 2801 237 2856 tem
266 2792 434 2857 obliterari
462 2813 521 2877 por
547 2791 684 2857 missas?
729 2790 833 2872 Quid,
857 2792 941 2875 quod
964 2815 1001 2857 eo
1024 2793 1145 2857 directe
1198 2790 1272 2853 dem
1294 2809 1395 2855 coena
1416 2791 1489 2874 ipsa
1516 2791 1638 2856 donum
1665 2793 1730 2857 Dei
1752 2800 1816 2871 est,
1839 2792 2020 2875 quodcum
2047 2798 2172 2879 gratia·

170 2884 295 2961 spectat
316 2878 425 2954 missa,
450 2886 488 2942 ut
509 2900 656 2955 rursum,
680 2879 707 2941 si
729 2879 801 2942 fieri
822 2878 939 2961 possit,
963 2878 1146 2943 trucidetur
1197 2897 1271 2940 rum
1293 2878 1421 2941 actione
1450 2877 1676 2960 accipiendum
1698 2886 1777 2943 erat
1824 2878 2034 2946 Sacrificium
2053 2883 2172 2948 missae

170 2963 344 3029 Christus?
390 2964 476 3027 Nam
505 2964 559 3027 ubi
588 2972 820 3029 testamentum
845 2975 910 3040 est,
934 2965 1039 3047 inquit
1067 2985 1145 3046 apo·
1169 2964 1172 3077 Ι
1197 2962 1340 3045 pretium
1361 2963 1434 3027 Deo
1455 2985 1629 3028 numerare
1651 2965 1802 3048 fingitur,
1822 2964 1911 3047 quod
1933 2968 2003 3049 ipsc
2024 2968 2059 3032 in
2080 2969 2172 3034 satis·

170 3050 274 3114 stolus
297 3049 413 3133 (Hebr.
433 3054 468 3127 9,
495 3050 724 3132 1111111111
751 3051 916 3115 testatoris
944 3050 1145 3116 intercedere
1196 3048 1369 3112 factionem
1392 3050 1536 3132 accipiat
1582 3048 1755 3130 Quantum
1776 3052 1916 3116 interest
1937 3054 2026 3118 inter
2048 3054 2126 3120 dare
2141 3064 2172 3120 ct

170 3135 238 3199 illic
260 3156 392 3200 necesse
410 3144 478 3199 est:
500 3137 601 3200 missa
618 3157 740 3200 novum
760 3135 887 3200 Christi
909 3143 1145 3201 testamentum
1198 3134 1359 3216 accipere,
1388 3143 1518 3199 tantum
1547 3157 1566 3199 a
1594 3143 1799 3200 sacramento
1826 3158 1947 3203 coenae
1980 3141 2172 3206 sacrificinm

169 3242 248 3304 prae
271 3243 305 3285 se
327 3221 405 3298 fert;
427 3223 498 3286 cius
518 3243 596 3304 crgo
616 3230 756 3286 mortem
773 3222 924 3304 postulat
958 3223 1143 3299 Praeterea,
1197 3219 1315 3284 differt.
1361 3222 1470 3303 Atque
1493 3221 1574 3286 hacc
1596 3221 1727 3304 quidem
1749 3223 1936 3288 miserrima
1957 3224 2105 3293 hominis
2126 3228 2171 3292 in·

170 3307 312 3372 hostiam
347 3328 428 3388 quae
456 3309 592 3371 offertur
625 3307 728 3387 occidi
757 3317 790 3372 et
817 3308 981 3372 immolari
1013 3329 1144 3373 neeesse
1197 3304 1364 3388 gratitudo
1386 3315 1445 3384 est,
1469 3305 1557 3388 quod
1578 3308 1634 3372 ubi
1657 3308 1862 3391 agnoscenda
1879 3317 1952 3374 arat
1971 3311 2105 3380 divinae
2118 3310 2171 3379 bo·

171 3400 227 3457 est.
274 3390 489 3457 sichaeus
518 3393 654 3476 singulis
682 3394 791 3459 missis
819 3396 1035 3472 sacrificatur,
1070 3416 1144 3458 eum
1197 3392 1309 3456 nitatis
1331 3391 1466 3475 largitas
1488 3393 1680 3475 gratiaeque
1698 3393 1854 3478 agendae,
1873 3395 1910 3458 in
1928 3418 1967 3461 eo
1984 3398 2101 3464 Deum
2115 3396 2171 3466 nti

171 3477 309 3560 singulis
332 3480 507 3542 momentis
528 3477 618 3542 mille
640 3480 675 3541 in
699 3480 780 3543 locis
802 3480 978 3545 crudeliter
1005 3481 1144 3545 interfici
1197 3477 1376 3541 debitorem
1413 3478 1498 3542 facit.
1555 3476 1808 3545 Sacramentum
1852 3483 2087 3565 promittebat,
2117 3504 2182 3551 aar

170 3570 306 3646 oportet.
351 3562 427 3628 Non
447 3563 480 3626 id
502 3585 612 3628 rneum
634 3576 697 3641 est,
720 3565 777 3630 sed
807 3567 942 3648 apostoli
970 3587 1145 3650 argumen-
1169 3550 1172 3645 l
1198 3562 1324 3628 Christi
1345 3572 1450 3628 morte
1472 3585 1540 3627 non
1562 3566 1663 3630 semel
1686 3565 1850 3630 duntaxat
1877 3568 2054 3636 restitutos
2074 3572 2109 3636 in
2128 3572 2168 3638 ri·

170 3658 257 3714 tum:
282 3649 310 3712 si
333 3669 464 3714 necesse
494 3649 663 3715 habuisset
690 3652 808 3716 offerre
836 3654 966 3735 saepius
993 3653 1145 3734 semetip·
1197 3656 1274 3727 tam,
1298 3647 1355 3714 sed
1377 3649 1507 3714 assidue
1530 3651 1699 3729 vivificari,
1722 3655 1798 3732 quia
1815 3660 1893 3719 tunc
1912 3675 2029 3721 omncs
2047 3666 2168 3724 11111111

170 3757 256 3813 sum,
287 3736 469 3817 oportuisse
504 3736 598 3800 illum
632 3738 820 3819 frequenter
851 3741 920 3820 pati
949 3739 989 3803 ab
1020 3738 1146 3821 origine
1197 3736 1314 3799 salutis
1331 3737 1460 3799 numeri
1476 3736 1601 3818 impleti
1619 3738 1693 3802 sint.
1721 3737 1845 3803 Missae
1862 3741 2067 3808 sacrificium
2084 3745 2167 3829 longe

169 3820 284 3885 mundi
312 3821 403 3906 (ibid.
423 3846 453 3886 v.
477 3822 542 3906 26).
593 3823 715 3887 Fateor
742 3846 812 3888 esse
841 3824 905 3889 illis
927 3825 963 3888 in
990 3831 1145 3906 promptu
1197 3821 1296 3885 aliam
1318 3821 1517 3886 cantilenam
1539 3824 1641 3887 canit:
1665 3822 1835 3888 Christum
1857 3834 2011 3908 oportere
2033 3829 2168 3912 quotidie

171 3929 362 3988 responsum
384 3928 448 3989 quo
470 3930 530 3973 nos
551 3909 651 3973 etiam
671 3910 853 3975 calumniae
875 3917 999 3975 notant.
1041 3910 1146 3972 Aiunt
1197 3907 1390 3984 sacrificari,
1419 3917 1456 3971 ut
1485 3907 1608 3989 aliquid
1636 3910 1729 3973 nobis
1761 3912 1955 3976 commodet
2009 3914 2167 3981 Coenaia

171 3992 258 4057 enim
282 3994 343 4057 sibi
365 3994 460 4059 obiici
482 3994 568 4077 quod
589 4017 649 4060 nec
668 3996 844 4078 cogitarint
867 4018 1019 4079 unquam,
1043 4015 1080 4060 ac
1103 4017 1145 4059 ne
1195 3992 1325 4075 publico
1350 3993 1503 4059 ecclesiae
1530 4003 1624 4058 coetu
1657 3995 1884 4061 distribuenda
1906 4008 1997 4080 erat,
2026 4023 2089 4084 quo
2114 4021 2168 4066 nos

170 4077 296 4161 possint
318 4078 457 4160 quidem.
491 4080 559 4145 Nos
581 4102 658 4145 uero
677 4083 806 4160 scimus,
830 4090 968 4147 mortem
987 4102 1024 4146 ac
1043 4082 1145 4145 vitam
1198 4079 1238 4142 de
1260 4081 1487 4143 communione
1515 4078 1645 4145 doceret
1674 4103 1739 4163 qua
1765 4102 1879 4146 omnes
1909 4086 2121 4152 cohaeremus
2136 4089 2168 4150 111

170 4163 295 4235 Christi
318 4186 523 4248 nequaquam
544 4167 579 4230 in
597 4188 711 4230 eorum
729 4189 929 4233 mannasse.
963 4168 1019 4232 An
1037 4168 1145 4250 ipsum
1198 4163 1332 4229 Christo
1349 4166 1436 4229 Iesu.
1482 4165 1578 4230 Hanc
1600 4169 1869 4232 communitatem
1892 4170 2049 4239 dissolvit
2066 4193 2104 4238 ac
2124 4171 2168 4237 di·

168 4251 352 4316 interficere
374 4252 559 4329 instituant,
578 4274 646 4316 non
663 4255 855 4335 respicimus
861 4279 869 4334 ;
890 4260 1019 4319 tantum
1037 4261 1144 4317 osten·
1197 4250 1317 4315 strahit
1349 4252 1467 4315 missae
1502 4253 1706 4317 sacrificium.
1757 4255 1938 4337 Postquam
1969 4260 2059 4323 enim
2082 4278 2167 4325 orror

170 4337 247 4402 dere
275 4338 406 4401 animus
433 4345 497 4415 111,
528 4339 623 4420 quale
651 4339 830 4404 absurdrnn
863 4349 1081 4422 consequatur
1103 4361 1144 4403 ex
1196 4336 1351 4415 invaluit,
1381 4344 1530 4418 oportere
1564 4359 1635 4403 esse
1668 4340 1851 4406 sacerdotes
1878 4342 1935 4424 qui
1964 4365 2027 4427 pro
2055 4338 2174 4431 papirii<

169 4423 268 4506 impio
289 4445 326 4488 ac
344 4423 480 4488 scelesto
503 4445 617 4487 eorum
640 4424 800 4508 (11111111.
852 4424 950 4507 Quod
971 4427 1081 4509 ipsum
1103 4446 1145 4489 ex
1197 4423 1433 4500 sacrificarent,
1457 4424 1551 4505 quasi
1568 4425 1713 4508 relegata
1730 4435 1816 4491 esset
1837 4426 1879 4491 ad
1900 4449 1959 4492 eos
1982 4452 2099 4511 cocus,
2112 4424 2172 4497 'as

168 4531 224 4574 ore
247 4509 385 4592 apostoli
407 4507 603 4592 demonstro.
651 4510 829 4575 Reclamant
859 4513 969 4576 cartica
990 4512 1072 4591 licet,
1095 4532 1146 4577 sa»
1197 4509 1252 4572 siit
1269 4509 1363 4572 iuxta
1380 4508 1516 4573 Domini
1533 4509 1726 4575 mandatum
1749 4511 1896 4577 fidelium
1914 4516 2077 4584 eeclesias
2091 4536 2169 4587 wm-

168 4596 321 4676 crificc'em
342 4594 397 4659 boc
417 4616 482 4660 esse
505 4593 677 4676 ἀναίματον,
699 4597 812 4679 119111
830 4619 868 4661 ee
885 4598 1046 4662 tremitum
1064 4599 1146 4662 erbi-
1197 4596 1365 4660 municari.
1426 4594 1547 4661 Aditus
1580 4597 1689 4663 missis
1729 4599 1865 4680 privatis
1901 4608 1954 4664 est
1987 4605 2168 4685 patefactus.

169 4684 231 4746 trio
253 4681 397 4763 pendere,
420 4687 454 4745 at
474 4682 632 4761 sacrificia
659 4688 806 4747 naturam
835 4689 965 4763 enatent,
994 4684 1070 4764 quie
1091 4683 1146 4747 boc
1197 4702 1279 4763 quae
1301 4681 1671 4748 excommunicationem
1693 4683 1858 4766 quandam
1880 4689 1991 4771 magis
2021 4692 2170 4756 retonat

168 4768 258 4832 modo
287 4768 454 4833 emwidcret
487 4788 580 4832 sacra
608 4773 635 4832 et
667 4769 858 4834 insaciabilis
890 4770 955 4836 Dei
984 4770 1145 4833 1111111111.
1197 4788 1296 4847 quam
1333 4769 1601 4832 communitatem
1633 4769 1726 4834 illam
1754 4791 1774 4834 a
1799 4769 1946 4837 Domino
1974 4776 2170 4852 institam

176 4852 977 4936 1111111111111111111111111111111111111111
1004 4855 1144 4937 apostoli,
1197 4874 1298 4933 quum
1320 4853 1533 4930 sacrificulus,
1568 4877 1663 4920 suam
1691 4856 1858 4921 victimam
1886 4862 2029 4925 seorsim
2050 4870 2172 4931 1111111·
2212 4890 2214 4937 !

168 4941 291 5019 requiri
312 4941 480 5023 1111111111
501 4942 680 5022 effusiorem
701 4961 739 5005 ac
760 4942 840 5005 desit
860 4942 984 5006 ablatio.
1198 4960 1271 5016 rus,
1302 4961 1336 5004 se
1359 4962 1379 5004 a
1406 4947 1474 5004 toto
1501 4938 1649 5006 fidelium
1675 4943 1794 5025 populo
1828 4955 1991 5030 segreget
2043 4950 2173 5019 Mis-n
2212 4996 2214 5019 ;

257 5031 284 5088 6.
330 5026 404 5089 Iam
420 5038 575 5108 quartum
594 5027 712 5092 missae
729 5049 849 5093 munus
870 5028 1088 5105 tractandum,
1106 5032 1146 5090 111
1197 5025 1360 5106 privatam
1382 5047 1470 5104 voco,
1494 5049 1536 5091 ne
1554 5028 1628 5109 quis
1649 5027 1792 5106 fallatur,
1815 5031 2114 5117 ubicunquenulls
2132 5040 2174 5111 εὐ,
2212 5030 2214 5049 '

170 5107 293 5174 scilicet
314 5112 456 5177 fructum
478 5113 533 5193 qui
556 5133 573 5176 c
595 5123 701 5177 morte
724 5113 849 5179 Christi
872 5114 914 5179 ad
931 5135 991 5180 nos
1008 5113 1146 5191 redibat,
1197 5111 1284 5174 inter
1311 5111 1424 5177 fideles
1453 5112 1633 5179 dominicae
1657 5134 1777 5180 coenae
1798 5117 2025 5201 participatio,
2056 5116 2175 5191 etiami
2211 5106 2214 5117 ¹

168 5193 263 5261 nobis
288 5197 480 5280 praeripiat,
504 5197 582 5262 dum
605 5221 646 5262 ne
676 5220 889 5283 agnoscamus
911 5209 945 5265 et
966 5201 1146 5285 cogitemus
1198 5195 1279 5262 alius
1300 5219 1421 5281 magna
1444 5199 1615 5264 hominum
1635 5201 1813 5266 multitudo
1834 5203 1976 5270 intersit
