4672 5842
235 328 295 389 591
881 318 1146 386 msuuuu'sso
1168 319 1273 384 REL.
1295 316 1476 385 OERIST.
1500 324 1592 384 1559.
2176 321 2240 385 592

234 515 281 578 ita
313 513 433 589 dicam,
466 510 754 574 manumissionem
785 511 988 591 assequimur
1020 530 1122 591 quum
1152 530 1210 591 per
1262 519 1357 592 grata
1387 509 1519 587 1155555,
1554 508 1611 573 555
1638 509 1914 576 benedictionibus
1940 511 2053 588 etiam,
2082 529 2167 593 quae
2198 531 2239 575 ex

233 598 332 664 fidem
357 594 614 662 miscricordiam
629 595 693 659 Dei
715 595 902 660 1511511515
924 594 1208 677 apprehendimus,
1261 603 1356 676 pacto
1378 593 1580 659 debebantur
1601 595 1681 678 legis
1703 616 1781 661 suae
1804 597 2037 673 observationi,
2063 616 2240 679 prosequa-

234 705 298 768 qua
320 685 425 748 securi
448 683 591 765 certique
613 680 780 745 reddimur
803 680 843 746 de
864 691 1072 764 peccatorum
1094 681 1209 744 remis·
1262 688 1326 744 tur.
1371 682 1493 744 Fateor
1522 701 1599 764 ergo
1628 681 1773 746 55511551
1797 683 1950 765 55551555
1971 681 2123 765 5555551,
2158 703 2241 765 quae

234 771 332 848 sione,
355 792 494 851 quorum
516 790 614 832 sensu
637 767 804 850 pungebat
824 787 883 831 nos
904 767 959 831 lox
976 789 1013 831 ae
1030 765 1208 830 mordebat
1262 767 1407 831 iustitiae
1429 775 1463 831 et
1484 767 1668 832 sanctitatis
1690 769 1870 833 cultoribus
1892 770 1926 832 in
1948 768 2020 851 lege
2042 789 2102 832 sua
2123 767 2241 832 Domi·

321 859 349 919 2.
395 857 469 920 Hac
490 855 617 918 ratione
645 862 786 935 atquae
814 854 849 916 15
874 853 947 936 lege
974 851 1067 916 nobis
1094 852 1210 916 offere·
1261 874 1324 916 nus
1352 853 1515 934 promisit:
1550 874 1666 917 verum
1695 856 1729 918 in
1763 854 1825 919 555
1852 855 2066 919 retributione
2094 853 2242 920 conside·

232 942 354 1008 bantur
375 941 606 1025 promissiones
628 939 810 1003 inefficaces
837 939 944 1004 155555
971 959 1084 1003 omnes
1109 949 1142 1002 et
1166 939 1210 1002 ir·
1262 937 1366 1002 55555
1388 960 1516 1020 5515551
1535 947 1585 1003 cst
1595 960 1702 1013 causa,
1725 961 1809 1022 quae
1830 942 1971 1024 gratiam
1994 940 2147 1023 operibus
2163 959 2241 1004 con·

232 1029 332 1107 ritae,
362 1029 424 1092 nisi
446 1027 510 1092 Dei
530 1026 658 1090 bonitas
685 1045 744 1106 per
766 1024 973 1108 evangelium
995 1033 1207 1089 succurreret.
1262 1023 1359 1089 511151.
1404 1025 1489 1088 Ε515
1512 1045 1608 1106 55515
1631 1026 1794 1107 triplicem
1814 1047 1885 1091 csse
1907 1026 2081 1091 cernimus.
2126 1026 2242 1090 Prima

232 1114 326 1179 Haec
348 1115 438 1179 enim
463 1111 617 1188 conditio,
651 1118 689 1173 ut
715 1109 821 1193 legem
850 1111 1072 1194 perficiamus,
1100 1131 1119 1173 5
1146 1131 1210 1191 5115
1262 1119 1326 1188 555,
1351 1109 1436 1192 5555
1458 1111 1550 1174 1)555
1573 1131 1686 1175 averso
1710 1133 1917 1176 aservorum
1937 1133 2071 1176 suorum
2088 1113 2242 1195 operibus

233 1199 510 1283 155555555555,
545 1208 578 1260 et
606 1216 711 1277 aqna
729 1195 861 1260 demum
883 1195 1098 1279 praestandae
1120 1205 1206 1271 sunt,
1261 1196 1391 1273 intuitu,
1415 1217 1498 1278 quac
1522 1196 1674 1276 probrum
1696 1199 1800 1281 magis
1818 1197 2065 1280 quamdaudem
2082 1205 2242 1280 perpetuo

208 1294 402 1368 ‘nunquam
429 1283 626 1367 implebitur.
672 1280 729 1346 Sic
755 1292 866 1346 autem
893 1281 1072 1364 opitulatur
1093 1282 1209 1345 Domi·
1262 1294 1438 1359 merentur,
1461 1282 1549 1364 ipsos
1570 1283 1606 1345 in
1624 1281 1757 1347 Ohristo
1774 1283 2007 1366 complectitur,
2030 1303 2068 1346 ac
2089 1283 2157 1348 sola
2174 1282 2241 1348 555

233 1394 311 1448 nus,
339 1392 404 1436 non
433 1378 561 1453 partem
588 1368 733 1432 iustitiae
761 1368 798 1430 15
820 1367 970 1450 55511555
993 1368 1086 1432 55515
1108 1367 1209 1431 relin-
1261 1367 1489 1446 intercedente,
1513 1369 1596 1432 citra
1607 1389 1743 1450 operum
1754 1369 1945 1448 subsidium,
1963 1369 2151 1435 reconciliat
2166 1370 2240 1434 sibi.

254 1452 1121 1538 115555,555115515155515551555515511111515555;
1151 1453 1208 1518 sed
1265 1453 1388 1529 Altera,
1412 1453 1499 1537 quod
1521 1474 1628 1536 opera,
1652 1476 1716 1518 non
1740 1456 1912 1520 aestimata
1933 1476 2047 1519 eorum
2068 1454 2241 1538 dignitate,

233 1478 312 1607 dum
341 1543 476 1607 unicum
504 1540 674 1605 Christum
707 1561 766 1623 pro
801 1541 943 1615 iustitiae
971 1539 1208 1622 complemento
1261 1547 1400 1621 paterna
1427 1538 1632 1622 benignitate
1659 1547 1755 1622 atquo
1783 1541 1988 1625 indulgentia
2015 1541 2080 1605 huo
2107 1541 2242 1606 honoris

232 1630 387 1711 assignat.
433 1628 519 1691 Nam
540 1626 706 1708 apostolus
729 1625 818 1709 (Gal.
843 1630 877 1703 2,
901 1625 963 1711 lo),
986 1626 1151 1707 praelatus
1174 1646 1209 1688 se
1262 1624 1380 1690 attollit
1406 1633 1443 1689 ut
1472 1625 1608 1690 alicuius
1636 1627 1732 1708 pretii
1759 1627 1886 1691 habeat.
1932 1628 2058 1706 Tertia,
2088 1627 2175 1709 quod
2202 1649 2242 1692 ea

233 1713 376 1796 aliosque
405 1712 558 1790 Iudaeos,
592 1712 731 1777 scientes
759 1711 845 1793 quod
878 1733 919 1776 ex
946 1708 1029 1794 legis
1057 1710 1209 1792 operibns
1262 1711 1334 1793 ipsa
1351 1731 1425 1774 cum
1446 1712 1543 1776 15515
1560 1712 1704 1794 suscipit,
1723 1733 1790 1776 555
1808 1713 1969 1795 imputata
1985 1714 2240 1796 imperfectione,

232 1822 297 1865 non
316 1800 511 1864 iustificetur
528 1798 637 1875 homo,
656 1798 692 1860 in
709 1798 820 1862 Iesum
832 1796 1005 1863 (1115151551
1023 1795 1207 1873 credidisse,
1262 1816 1326 1878 qua
1348 1797 1457 1859 omnia
1479 1797 1663 1878 inquinata,
1692 1800 1834 1880 peccatis
1862 1800 1968 1883 magis
1989 1819 2089 1880 quam
2109 1800 2241 1863 virtuti·

232 1886 393 1951 rationem
416 1883 562 1959 subiicit,
592 1904 657 1947 non
685 1892 722 1947 55
743 1883 979 1947 adiuvarentur
1001 1883 1042 1947 ad
1064 1882 1209 1946 iustitiae
1261 1884 1323 1946 bus
1346 1882 1546 1947 accensenda
1568 1882 1686 1965 alioqui
1708 1884 1822 1948 forent
1869 1886 1977 1967 Atque
2005 1884 2083 1948 11155
2105 1893 2242 1969 apparet

232 1992 395 2036 summam
414 1992 456 2035 51
479 1969 543 2034 555
561 1968 700 2047 Christi3
723 1968 780 2034 scd
801 1978 841 2032 ut
861 1968 918 2033 1115
942 1969 1208 2043 15551555155151,
1262 1980 1463 2051 quantopere
1491 1968 1595 2033 delusi
1623 1970 1690 2032 5151
1718 1970 1898 2052 sophistae,
1927 1971 1983 2052 qui
2009 1970 2095 2035 belle
2122 1992 2158 2035 se
2184 1972 2242 2036 ab·

232 2079 297 2122 non
326 2080 367 2122 ex
394 2056 546 2139 operibus
574 2056 664 2138 legis.
711 2055 748 2119 Si
776 2055 889 2120 fidelos
919 2054 1033 2138 alege
1055 2055 1089 2117 in
1111 2052 1210 2118 fidem
1262 2052 1362 2119 surda
1383 2054 1494 2118 515515
1515 2055 1657 2119 evasisse
1679 2065 1839 2137 putarunt
1860 2077 1963 2138 quum
1985 2056 2147 2135 dicerent,
2175 2078 2242 2122 non

231 2142 425 2226 demigrant,
449 2143 542 2206 utin
564 2141 626 2206 hac
647 2141 806 2204 1555151551
828 2141 1009 2215 151551551,
1032 2161 1130 2222 55515
1153 2140 1210 2204 ab·
1262 2140 1439 2203 intrinseca
1460 2162 1521 2204 sua
1540 2140 1684 2205 bonitate
1706 2141 1816 2206 valere
1838 2163 1937 2225 opera
1959 2141 2000 2206 ad
2024 2141 2164 2207 salutem
2187 2143 2242 2207 de·

231 2251 301 2294 esse
324 2230 365 2293 ab
387 2229 445 2292 illa
466 2226 594 2303 vident,
622 2236 710 2291 certe
738 2227 881 2291 iustitiae
901 2226 984 2309 legis
1006 2225 1207 2290 renuntiant
1264 2224 1470 2302 merendam,
1500 2225 1557 2291 sed
1579 2248 1620 2290 ex
1643 2228 1730 2309 pacti
1751 2229 1876 2292 ratione
1883 2251 1892 2305 ;
1920 2229 1997 2311 quia
2017 2228 2183 2293 Dominus
2202 2229 2242 2293 11-

231 2314 346 2396 Itaquo
368 2314 544 2396 amplificet
565 2334 655 2377 5555
676 2313 732 2394 551
754 2312 843 2377 15155
864 2312 1104 2389 retributiones,
1127 2332 1210 2394 quae
1263 2310 1433 2376 5515111515
1461 2333 1521 2376 555
1548 2313 1635 2376 15511
1662 2314 1855 2378 5555515115
1906 2314 2009 2396 Atqui
2037 2335 2103 2378 non
2132 2316 2242 2380 obser·

231 2399 314 2484 legis
347 2401 588 2465 observatorem
620 2420 754 2463 manere
786 2397 954 2476 dicuntur;
987 2396 1083 2462 modo
1112 2397 1210 2462 simul
1264 2397 1387 2462 vabant
1407 2397 1549 2475 15151151,
1573 2420 1655 2480 quae
1677 2400 1845 2463 meritoria
1866 2420 1964 2482 opera
1986 2421 2057 2464 esse
2078 2400 2251 2479 volebant·

232 2486 482 2563 animadvertat,
504 2493 617 2549 nostra
637 2486 800 2567 pravitate
818 2484 890 2548 fieri
911 2506 953 2547 ne
974 2484 1116 2548 fructum
1133 2482 1211 2547 inde
1263 2491 1424 2565 quantum
1451 2483 1603 2548 abessent
1630 2505 1649 2546 a
1669 2485 1921 2567 promissionum
1950 2485 2150 2566 conditione,
2178 2487 2242 2552 nisi

232 2571 339 2637 ullum
360 2572 550 2647 sentiamus,
574 2570 677 2635 donec
699 2569 937 2634 5555151555
959 2569 1120 2633 iustitiam
1141 2569 1211 2634 155·
1264 2575 1298 2632 51
1318 2569 1504 2633 1555155555
1535 2570 1604 2633 5515
1624 2569 1689 2633 555
1711 2570 1867 2648 5555115,
1895 2579 1930 2635 51
1955 2582 2164 2654 peccatorum
2189 2595 2241 2637 re-

232 2659 337 2723 rimus
359 2656 477 2740 adepti.
513 2654 570 2721 Sic
589 2655 707 2735 David,
730 2656 787 2721 ubi
809 2655 1033 2719 retributionis
1050 2655 1210 2730 meminit,
1262 2655 1383 2734 missio,
1406 2674 1585 2737 perquam
1607 2676 1627 2717 a
1647 2655 1785 2721 maculis
1807 2656 1892 2721 5555
1914 2678 2041 2740 555555
2062 2678 2160 2739 opera
2181 2659 2240 2722 ab·

232 2765 331 2828 quum
357 2743 566 2826 praeparavit
592 2744 696 2806 servis
723 2743 793 2806 suis
820 2741 1001 2818 Dominus,
1031 2741 1142 2805 statim
1169 2739 1211 2803 ad
1263 2742 1364 2824 stergi
1387 2761 1518 2805 necesse
1541 2740 1678 2818 habent,
1708 2742 1925 2823 praecederet.
1970 2744 2083 2825 Itaque
2109 2763 2152 2807 51
2178 2745 2240 2807 tri-

231 2839 441 2914 peccatorum
479 2829 733 2910 recognitionem
773 2825 959 2904 descendit,
999 2826 1117 2907 quibus
1154 2825 1212 2889 illa
1262 2826 1323 2891 bus
1346 2825 1475 2890 divinae
1495 2825 1700 2892 liberalitatis
1718 2829 1832 2905 causis,
1856 2829 1975 2911 quibus
1995 2830 2033 2893 fit
2053 2837 2091 2892 ut
2108 2838 2241 2912 accepta

232 2916 430 2980 exinanitur.
475 2914 608 2979 Psalmo
637 2915 736 2977 etiam
769 2917 824 2987 19,
852 2916 899 2975 12.
929 2912 1104 2994 magnifice
1128 2912 1209 2994 legis
1235 2908 1239 3001 1
1263 2913 1330 2976 5151
1347 2912 1493 2977 55511551
1511 2933 1617 2994 opera,
1641 2933 1741 2977 unam
1760 2925 1891 2978 tantum
1910 2913 2125 2994 annotabant3
2148 2915 2239 2995 duas,

232 3001 390 3066 beneficia
407 2999 624 3081 depraedicat,
644 2999 702 3064 sed
719 3000 873 3064 contiuno
892 2998 1070 3062 exclamat:
1091 2997 1210 3061 delicta
1235 3004 1238 3077 1
1263 3007 1296 3060 51
1315 3019 1370 3062 eas
1392 2998 1524 3080 quidem
1546 3000 1746 3081 praecipuas,
1770 3001 2027 3082 supprimebant

232 3087 305 3169 quis
322 3086 505 3168 intelliget?
529 3085 570 3149 ab
592 3085 726 3150 occultis
746 3085 828 3149 meis
845 3082 970 3148 munda
987 3081 1207 3147 mcDominei
1235 3080 1238 3087 ’
1348 3089 1377 3146 4.
1429 3082 1544 3148 (litant
1575 3085 1666 3148 Petri
1699 3087 1896 3150 sententiam
1929 3107 2028 3169 quam
2060 3087 2172 3152 Lucas
2205 3089 2240 3151 in

231 3170 372 3236 Prorsus
390 3170 444 3234 hio
461 3171 551 3236 locus
569 3192 643 3234 oum
662 3173 827 3253 superiore
845 3170 1009 3253 congruit.
1033 3167 1089 3232 ubi
1107 3190 1209 3251 quum
1262 3169 1440 3253 5555110,
1461 3173 1510 3234 34.
1531 3169 1587 3255 35)
1610 3172 1739 3236 recitat:
1764 3172 1800 3233 in
1817 3173 1956 3236 veritate
1975 3194 2046 3238 com
2089 3173 2240 3256 5155555

232 3255 369 3322 dixisset
391 3256 492 3328 (Psal.
518 3260 573 3332 25,
602 3255 789 3339 1115111),
820 3264 953 3321 cunctus
982 3255 1052 3318 vias
1073 3254 1209 3319 Domini
1261 3276 1328 3320 nou
1360 3255 1403 3320 sit
1435 3275 1651 3337 personarum
1683 3268 1834 3340 acceptor
1861 3258 1970 3333 Deus;
2012 3256 2016 3263 '
2089 3260 2126 3324 in
2153 3263 2240 3325 omni

231 3343 410 3409 bonitatem
438 3351 471 3406 et
497 3342 672 3405 veritatem
700 3341 893 3405 timentibus
915 3360 1007 3417 eum,
1038 3341 1208 3421 subnectit,
1261 3349 1374 3426 gente,
1403 3342 1753 3424 55115511155511515,
1781 3352 1933 3426 acceptus
1960 3344 2087 3408 5511111.
2132 3347 2240 3429 Atque

231 3436 506 3511 5155151555155
530 3436 638 3505 tunm,
662 3426 821 3504 Domine,
850 3426 1077 3509 propitiaberis
1099 3428 1209 3509 pravi·
1262 3428 1353 3503 hinc,
1382 3425 1467 3510 quod
1491 3429 1625 3492 minime
1647 3428 1784 3493 dubium
1806 3451 1877 3494 esse
1898 3428 2043 3505 videtur,
2072 3432 2238 3516 colligrmt,

233 3515 294 3579 tati
316 3533 424 3591 meae;
446 3513 552 3576 515155
573 3520 623 3577 est
643 3513 738 3577 onim.
774 3510 831 3577 Sic
854 3518 888 3575 et
904 3533 963 3576 nos
980 3533 1210 3597 recognoscere
1262 3514 1289 3578 si
1312 3514 1409 3578 rectis
1432 3512 1548 3578 studiis
1570 3514 1721 3578 conciliat
1744 3515 1805 3580 sibi
1827 3515 1925 3579 homo
1946 3516 2074 3594 Deum,
2101 3539 2169 3582 non
2190 3538 2239 3582 sc-

233 3598 405 3675 debemus,
429 3599 613 3680 expositam
634 3596 765 3680 quidem
788 3619 858 3663 esse
880 3599 973 3663 nobis
994 3599 1029 3661 in
1050 3599 1122 3682 lege
1144 3598 1210 3663 Dei
1262 3599 1325 3664 lius
1346 3620 1416 3664 esse
1438 3599 1500 3662 Dei
1523 3600 1718 3664 beneficium
1747 3600 1833 3683 quod
1855 3600 1993 3665 salutem
2017 3604 2237 3685 consequitur;

231 3685 500 3763 benevolentiam,
524 3686 552 3748 si
573 3685 726 3767 operibus
747 3705 821 3749 eum
838 3683 999 3748 demereri
1018 3684 1129 3765 liceat;
1152 3685 1210 3750 sed
1262 3685 1327 3748 imo
1355 3686 1402 3750 sio
1429 3706 1488 3768 pro
1516 3707 1576 3749 sua
1604 3685 1827 3750 misericordia
1849 3688 1959 3751 Deum
1980 3690 2142 3770 peccatori
2165 3710 2237 3753 555-

231 3771 364 3837 illcrum
387 3771 503 3836 morito
524 3792 695 3852 nunquam
717 3769 758 3835 ad
780 3791 841 3835 555
860 3772 1041 3852 pervenire.
1263 3792 1403 3850 currere,
1424 3781 1461 3835 ut
1478 3772 1630 3853 operibns
1648 3771 1690 3836 ad
1707 3772 1964 3839 misericordiam
1984 3775 2141 3839 flectatur.
2169 3773 2238 3838 Vc·

319 3861 347 3921 3.
393 3854 484 3938 Quid
510 3855 611 3940 ergo?
640 3877 683 3921 an
712 3855 807 3921 datae
828 3866 919 3934 51155,
950 3865 987 3920 51
1010 3858 1080 3922 5155
1102 3859 1211 3922 fructu
1263 3877 1338 3920 rum
1363 3858 1542 3939 scripturus
1577 3857 1669 3921 nullo
1696 3857 1793 3922 modo
1822 3859 1997 3923 conciliare
2023 3859 2138 3941 possis,
2173 3860 2238 3923 nisi

233 3940 486 4008 evanescerent?
520 3943 594 4007 Iam
615 3964 721 4025 nuper
743 3951 880 4007 testatus
903 3963 978 4007 sum
996 3965 1060 4007 non
1083 3965 1154 4008 esse
1176 3942 1210 4006 id
1264 3941 1428 4025 duplicem
1456 3942 1597 4006 hominis
1624 3942 1711 4026 apud
1738 3945 1848 4008 Deum
1882 3945 2100 4027 acceptionem
2127 3942 2238 4009 obser-

232 4049 324 4093 meae
346 4030 536 4092 sententiae.
570 4027 654 4094 Dico
675 4051 754 4094 sane
776 4030 953 4094 efficaciam
975 4050 1070 4093 suam
1092 4028 1134 4092 ad
1151 4051 1211 4094 nos
1236 4044 1239 4101 1
1264 4047 1330 4092 ves.
1376 4027 1493 4108 Qualis
1515 4030 1603 4093 enim
1626 4039 1744 4094 natura
1765 4040 1815 4095 est
1836 4030 1942 4110 homo,
1963 4029 2046 4093 nihil
2067 4030 2103 4092 in
2126 4051 2165 4093 eo
2186 4053 2240 4095 re-

231 4135 299 4179 555
318 4114 472 4196 proferre,
490 4114 646 4197 quamdiu
666 4115 708 4179 ad
725 4136 862 4197 opernm
880 4115 999 4179 merita
1016 4116 1210 4196 respiciunt;
1236 4106 1239 4205 1
1263 4115 1462 4196 5511511555,
1486 4134 1549 4195 555
1572 4114 1613 4178 ad
1631 4115 1886 4182 misericordiam
1904 4115 2085 4194 inclinetur,
2107 4127 2241 4198 praeter

253 4221 334 4265 aare
357 4200 384 4264 si
407 4201 441 4263 15
464 4222 498 4264 55
520 4200 784 4279 5555155155151,
812 4197 1050 4282 quodammodo
1078 4199 1209 4264 aboleri.
1236 4210 1239 4239 ³
1264 4200 1395 4263 unicam
1422 4201 1598 4264 miseriam.
1642 4200 1778 4266 Nudum
1806 4224 1884 4285 ergo
1913 4214 1947 4267 et
1972 4222 2112 4286 egenum
2134 4206 2240 4269 omnis

231 4221 289 4353 die
317 4285 518 4368 praeclaram
545 4285 636 4349 111551
663 4287 910 4368 promissionem
940 4284 1062 4368 (Lavit.
1086 4289 1139 4364 18,
1160 4286 1208 4368 5):
1263 4285 1349 4363 boni,
1372 4287 1460 4349 55151
1482 4298 1597 4351 555115
1614 4287 1776 4352 malorum
1794 4309 1913 4372 genere
1931 4288 2088 4353 refertum
2108 4298 2142 4353 et
2163 4311 2239 4354 one·

231 4372 306 4439 dedi
328 4372 420 4436 vobis
438 4371 522 4435 bona
539 4382 720 4453 praecepta,
743 4392 826 4453 quae
847 4371 903 4452 qui
925 4370 1045 4448 fecerit,
1068 4372 1158 4436 vivet
1174 4373 1210 4436 in
1263 4382 1371 4434 ratum
1394 4371 1560 4436 hominem
1582 4374 1609 4437 si
1632 4385 1759 4439 constat
1780 4395 1860 4453 esse,
1883 4374 1939 4439 ubi
1958 4376 2104 4457 primum
2125 4395 2147 4438 a
2167 4374 2239 4440 Deo

231 4459 326 4543 ipsis,
356 4457 479 4522 nullius
507 4459 664 4521 momenti
690 4477 760 4520 esse
786 4455 953 4538 apostolus
981 4454 1076 4521 docet
1097 4458 1208 4540 (Rom.
1235 4454 1238 4543 1
1262 4458 1453 4540 suscipitur:
1483 4478 1581 4540 quam
1609 4460 1650 4523 ob
1677 4458 1801 4537 dotem,
1824 4481 1957 4542 quaeso,
1987 4460 2126 4545 dignum
2147 4461 2240 4525 illurn

235 4550 283 4624 10,
304 4545 338 4629 5)
372 4545 399 4609 51
422 4545 519 4607 inea
540 4544 746 4620 resistamus,
774 4563 835 4607 nec
863 4541 929 4623 pilo
964 4541 1038 4623 plus
1059 4545 1209 4626 prolirtu-
1262 4542 1393 4608 coelesti
1424 4547 1593 4609 vocatione
1626 4543 1791 4610 dicemus?
1835 4546 1992 4612 Facessat
2027 4569 2106 4631 ergo
2132 4548 2239 4612 inanis

230 4653 303 4697 1551
329 4651 428 4713 55551
456 4631 484 4694 51
506 4627 584 4707 5515
605 4639 792 4706 narrasset,
822 4630 898 4710 quia
924 4650 966 4693 ne
993 4631 1209 4696 sanctissimis
1262 4631 1452 4694 meritorum
1463 4630 1661 4714 imaginatio,
1675 4632 1730 4695 ubi
1741 4633 1920 4715 gratuitam
1931 4633 2137 4699 clementiam
2147 4634 2240 4697 Dens

231 4717 364 4801 quidem
386 4716 451 4780 Dei
474 4718 577 4780 servis
600 4716 771 4800 compotit;
798 4717 854 4797 qui
881 4714 994 4797 procul
1016 4735 1130 4780 omnes
1153 4717 1209 4780 ab·
1261 4714 1508 4780 tamovidenter
1522 4717 1737 4783 commendat.
1759 4718 1846 4782 Nam
1859 4718 1945 4799 quod
1955 4719 2079 4784 ibidem
2088 4719 2241 4784 Cornelio

231 4814 350 4869 sunta
371 4802 454 4885 legis
475 4802 722 4886 complemento,
745 4802 856 4866 multis
879 4822 956 4866 vero
978 4803 1209 4886 transgressio·
1263 4802 1372 4885 angeli
1395 4823 1473 4866 voce
1501 4802 1636 4880 dicitur,
1664 4804 1827 4868 orationes
1856 4806 1926 4869 eius
1955 4814 1989 4869 et
2016 4805 2239 4889 eleemosynas

233 4888 331 4951 nibus
354 4896 430 4951 sunt
448 4889 645 4953 5115515555.
678 4888 747 4955 Sed
764 4886 843 4951 dum
861 4888 1092 4970 promissiones
1109 4910 1209 4953 evan·
1233 4906 1237 4999 1
1262 4886 1447 4953 ascendisse
1469 4889 1504 4951 in
1525 4889 1588 4952 Dei
1611 4904 1836 4970 conspectum,
1866 4892 2006 4972 pessime
2029 4892 2239 4974 detorquetur

233 4972 355 5055 gelioae
388 4972 644 5053 substituuntur,
676 4997 760 5059 quae
792 4976 971 5058 gratuitam
1002 4986 1210 5056 peecatorum
1234 5004 1237 5057 ;
1262 4975 1303 5039 55
1337 4975 1393 5052 115,
1426 4975 1616 5056 praeparari
1650 4975 1817 5039 hominem
1850 4975 1892 5040 55
1923 4977 2145 5060 recipiendam
2175 4977 2240 5042 Dei

233 5059 458 5122 remissionem
481 5057 689 5140 denuntiant,
718 5083 783 5126 non
805 5061 951 5126 efficiunt
972 5059 1067 5125 modo
1090 5075 1126 5125 ut
1147 5062 1208 5144 ipsi
1233 5068 1237 5141 1
1262 5059 1403 5144 gratiam
1434 5059 1593 5124 bonorum
1621 5060 1897 5142 5555551515515.
1942 5062 2016 5127 Iam
2048 5065 2140 5128 enim
2174 5063 2239 5146 spi·

232 5143 306 5208 Deo
329 5144 452 5226 accepti
474 5145 591 5221 simus,
619 5146 676 5209 555
704 5157 740 5210 51
769 5146 920 5227 55511555
940 5167 1068 5229 quoque
1089 5146 1209 5211 nostris
1234 5146 1237 5219 1
1261 5147 1327 5209 1115
1350 5145 1530 5228 sapientiae
1559 5145 1779 5234 illuminatum
1804 5147 1904 5215 fuisse
1926 5147 2118 5215 Cornelium
2146 5171 2239 5233 opor-

232 5231 275 5296 sit
297 5253 358 5296 sua
379 5229 496 5314 gratia.
543 5231 658 5313 Neque
679 5231 740 5296 hoc
762 5242 906 5310 tantum,
931 5243 968 5295 ut
987 5251 1027 5296 55
1046 5231 1208 5329 Dominus
1233 5232 1237 5288 Ι
1262 5231 1340 5307 11111,
1363 5231 1419 5312 551
1441 5252 1519 5294 1515
1540 5230 1716 5313 sapientia,
1739 5234 1856 5299 timore
1877 5235 2002 5302 sedicet
2023 5238 2088 5302 Dei
2110 5233 2240 5319 praedi·
