4672 5842
214 309 280 373 roe
711 374 718 384 ,
861 298 1126 366 memnone
1147 299 1251 387 aaa
1274 295 1454 366 eumen.
1482 301 1572 363 isse.
1663 376 1671 390 ,
2151 297 2214 363 sco

211 498 343 577 mque
381 490 582 554 hierarchiae
609 489 706 567 illius,
741 510 839 572 quam
876 498 1032 571 perpetuo
1065 488 1099 551 in
1132 509 1187 553 ore
1239 487 1370 553 decreta
1397 507 1439 552 ne
1465 508 1558 552 secus
1580 487 1639 551 fiat
1664 486 1869 552 severissime
1890 486 2078 569 prohibent;
2106 509 2158 565 ae,
2187 488 2217 552 si

211 579 341 654 habent,
365 577 541 658 imaginem
563 577 604 639 ob
631 576 740 642 oculos
761 595 882 658 ponere
903 594 1020 655 operae
1045 574 1188 655 pretium
1239 574 1362 639 factum
1383 573 1436 650 sit,
1458 570 1571 637 iubent
1591 593 1662 638 esse
1683 572 1824 636 irritum.
1869 570 1907 637 Si
1928 573 2009 637 haec
2031 593 2110 637 vera
2127 583 2215 650 sunt,

211 673 269 744 est,
292 683 425 728 aecum
445 661 511 740 illo,
534 682 632 743 quem
660 661 905 744 descripsimus,
928 660 1052 741 primae
1073 681 1111 724 ac
1132 681 1188 724 ve-
1239 659 1331 723 nulla
1358 658 1462 737 hodie,
1494 678 1599 740 neque
1632 657 1743 722 divino
1764 679 1869 741 neque
1892 659 2107 724 eeclesiastico
2133 659 2216 737 iure,

210 750 291 816 teris
309 749 463 814 ecclesiae
480 748 641 813 conferre:
664 769 726 830 quo
746 769 788 811 er
805 746 1045 828 comparatione
1064 745 1189 810 eluceat
1239 746 1394 811 canonica
1426 745 1539 810 electio
1565 745 1601 807 in
1628 752 1695 808 toto
1727 752 1849 826 papatu
1881 753 2036 828 superest
2086 745 2218 809 Verum

211 835 340 920 qualem
372 833 542 899 eeclesiam
574 833 717 898 habeant
743 832 800 914 qui
826 831 889 895 hoc
921 830 989 895 solo
1021 831 1117 896 titulo
1146 830 1187 895 ad
1239 832 1367 896 etiamsi
1392 831 1476 895 nihil
1503 830 1592 894 aliud
1616 830 1696 895 mali
1720 830 1818 909 foret,
1846 832 1902 913 qui
1928 841 2039 895 tamen
2067 830 2129 897 hoc
2157 853 2217 895 ex·

212 943 272 987 nos
289 919 473 1005 gravandus
490 920 543 985 vel
560 921 667 1002 potius
684 916 865 983 obruendos
882 917 1048 982 ferociunt
1084 917 1186 981 Prae-
1239 938 1353 982 cusare
1373 925 1527 1000 poterunt
1547 915 1633 998 qnod
1654 918 1701 981 ita
1721 916 1933 998 spoliaverint
1949 937 2007 981 suo
2025 917 2095 981 inre
2113 916 2220 983 eccle·

210 1013 278 1074 stat
298 1014 406 1071 autem
430 1028 450 1070 a
470 1006 637 1071 vocatione
658 1005 809 1085 incipere,
832 1010 870 1066 ιιι
890 1001 1058 1067 videamus
1076 1004 1132 1085 qui
1154 1012 1188 1068 et
1239 1002 1344 1067 siam?
1378 1004 1481 1085 Atqui
1501 1003 1557 1079 ita,
1580 1004 1743 1085 inquiunt,
1765 1002 1917 1086 exigebat
1939 1011 2122 1085 temporum
2144 1024 2218 1067 cor-

211 1093 323 1178 quales
346 1102 379 1157 et
400 1113 465 1172 qna
485 1092 611 1155 ratione
632 1101 791 1154 vocentur
813 1088 935 1154 adhoc
957 1089 1184 1154 ministerium.
1239 1089 1355 1171 ruptio,
1378 1097 1416 1153 nt
1436 1088 1590 1172 quoniam
1612 1088 1699 1171 apud
1716 1088 1843 1171 plebem
1861 1098 1894 1152 et
1990 1090 2122 1152 'natm
2139 1089 2217 1171 plus

210 1179 296 1244 Tum
326 1175 442 1242 deinde
469 1174 745 1242 considerabimus
770 1195 869 1257 qnam
898 1173 1038 1239 fideliter
1065 1195 1186 1238 munus
1238 1174 1392 1240 valebant
1425 1173 1500 1238 odia
1531 1183 1565 1238 et
1596 1173 1705 1238 sardia
1735 1174 1771 1237 in
1804 1109 2016 1239 assumiffiss
2044 1174 2216 1258 episeopis,

210 1285 308 1330 suum
340 1262 506 1346 impleant.
561 1261 722 1326 Dabimus
755 1270 864 1325 autem
902 1261 1045 1342 primum
1077 1260 1185 1325 locum
1238 1282 1337 1343 quam
1370 1268 1496 1326 rectum
1526 1281 1705 1342 sanumque
1737 1259 1909 1336 iudicium,
1943 1261 2013 1324 eius
2046 1261 2094 1324 rei
2128 1259 2217 1324 arbi·

209 1350 383 1433 episcopis:
405 1349 523 1430 quibus
544 1349 671 1411 utinam
691 1347 753 1412 hoc
774 1346 892 1410 honori
914 1367 984 1409 esse
1005 1353 1123 1429 posset,
1149 1347 1185 1409 in
1236 1347 1338 1409 trium
1359 1346 1473 1429 paucis
1495 1344 1684 1411 deferretur.
1718 1347 1835 1410 Fuerit
1853 1367 1931 1411 sane
1949 1345 2010 1411 hoc
2028 1353 2217 1411 erasmum

210 1435 274 1502 hae
296 1435 512 1516 disputatione
533 1434 676 1514 primurn
704 1443 816 1498 tenere
842 1430 999 1496 ordinem
1045 1430 1112 1496 Sed
1133 1453 1185 1495 res
1235 1432 1314 1496 mali
1336 1433 1371 1496 in
1391 1430 1488 1497 rebus
1505 1431 1681 1514 deploratis
1703 1431 1893 1497 remedium.
1925 1431 2050 1496 Verum
2070 1432 2126 1496 ubi
2146 1452 2218 1496 me·

209 1521 283 1605 ipsa
304 1542 369 1584 non
391 1520 514 1601 patitur
534 1538 588 1581 me
609 1518 662 1583 vel
683 1518 800 1583 leviter
822 1519 983 1601 attingere
1004 1517 1065 1581 hoe
1087 1538 1185 1600 argu-
1237 1516 1343 1583 dicina
1371 1516 1484 1583 morbo
1509 1518 1578 1600 ipso
1606 1519 1776 1583 nocentior
1803 1540 1844 1601 ap
1868 1517 1970 1595 aruit,
2004 1538 2063 1581 cur
2090 1538 2156 1581 non
2183 1527 2216 1582 et

209 1614 356 1672 mentum
377 1605 448 1669 sine
469 1625 596 1669 summo
623 1605 768 1686 ipsorum
795 1603 958 1668 dedecore.
1003 1604 1048 1667 Et
1075 1613 1185 1667 tamen
1236 1624 1320 1667 novo
1337 1604 1414 1669 huic
1431 1603 1518 1668 malo
1536 1602 1761 1670 succurritur?
1791 1601 1817 1669 S
1876 1613 1935 1680 est,
1954 1602 2115 1684 inquiunt,
2133 1604 2216 1687 ipsis

208 1693 387 1757 meminere
415 1691 449 1753 in
477 1710 541 1773 quo
570 1691 683 1772 scripti
710 1711 829 1773 genere
857 1711 944 1754 nunc
971 1709 1096 1767 verser;
1124 1710 1184 1754 nec
1235 1690 1398 1755 canonicis
1416 1698 1530 1754 exacte
1547 1690 1783 1772 praescriptum
1800 1687 1878 1771 qnid
1896 1691 1986 1772 sequi
2004 1690 2040 1752 in
2058 1689 2215 1755 electione

64 1829 72 1839 .
206 1778 387 1843 orationem
404 1797 521 1852 meam,
539 1797 624 1857 quae
642 1774 683 1839 ad
701 1776 881 1857 simplicem
899 1774 1080 1839 doctrinam
1099 1794 1184 1839 oom-
1236 1774 1382 1841 debeant
1428 1775 1495 1841 Sed
1517 1796 1560 1839 an
1583 1776 1770 1840 dubitemus
1791 1776 1871 1858 quin
1899 1774 2112 1840 sanctissimis
2132 1774 2214 1859 legi·

265 1871 312 1927 rte
334 1883 404 1927 esse
427 1860 531 1938 debet,
553 1861 640 1925 ultra
662 1883 738 1926 suas
761 1870 865 1926 metas
892 1860 1040 1925 diffluere
1067 1861 1182 1943 patiar.
1236 1862 1297 1926 bus
1319 1861 1397 1925 olim
1415 1862 1506 1944 plebs
1528 1883 1563 1927 se
1581 1862 1719 1945 astringi
1736 1861 1944 1944 intelligeret,
1968 1881 2070 1943 quum
2089 1859 2215 1926 videret

207 1883 276 2016 biii
294 1957 404 2012 tamen
425 1946 620 2029 respoudeat
635 1946 718 2010 mihi
735 1947 896 2029 quispiam
914 1968 1026 2010 eorum
1046 1947 1101 2028 qui
1119 1967 1185 2009 non
1236 1947 1299 2012 sibi
1319 1947 1467 2031 regulam
1489 1970 1507 2012 e
1529 1947 1628 2012 verbo
1650 1948 1714 2012 Dei
1736 1947 1945 2029 propositam,
1969 1946 2048 2011 dum
2066 1946 2107 2010 ad
2129 1948 2216 2030 epis·

207 2054 341 2120 prorsus
363 2034 503 2098 frontem
525 2032 753 2115 perdiderunt,
780 2033 892 2114 quales
918 2030 1015 2096 hodie
1042 2032 1184 2115 episcopi
1236 2053 1353 2116 pocum
1383 2033 1570 2117 eligendum
1598 2032 1809 2098 conveniret?
1864 2030 2036 2115 Siquidem
2063 2032 2120 2096 illa
2148 2055 2217 2098 una

207 2122 329 2204 pmsim
352 2118 523 2203 eligantur.
569 2117 657 2183 Sane
679 2138 817 2183 examen
839 2116 953 2182 haberi
976 2116 1016 2181 de
1038 2116 1186 2182 doctrina
1236 2140 1301 2184 vox
1322 2119 1395 2197 Dei,
1418 2141 1482 2202 qua
1503 2119 1658 2184 describit
1678 2140 1790 2183 veram
1811 2118 1953 2202 episcopi
1974 2118 2125 2200 effigiem,
2146 2140 2217 2183 me·

207 2207 305 2273 nimis
338 2206 519 2270 obsoletum
547 2213 604 2269 est
655 2202 751 2284 Quod
781 2206 808 2268 si
836 2205 910 2287 quis
942 2203 1083 2268 habetur
1110 2203 1184 2268 doc·
1237 2205 1301 2269 rito
1318 2205 1422 2287 pluris
1439 2204 1660 2270 essedebebat
1676 2225 1775 2287 quam
1792 2205 1940 2269 infinitae
1961 2225 2125 2270 canonum
2142 2225 2217 2290 my·

208 2294 314 2358 trinae
343 2292 522 2374 respectus,
555 2290 819 2355 iurisconsultum
853 2290 993 2373 aliquem
1026 2288 1183 2374 deligunt,
1236 2290 1352 2356 riades.
1403 2289 1470 2356 Sed
1498 2291 1711 2355 nihilominus
1738 2291 1879 2372 pessimo
1908 2290 2028 2355 affectu
2060 2310 2158 2355 oorru
2183 2300 2217 2356 ta

208 2377 266 2461 qui
286 2378 323 2440 in
344 2378 413 2441 foro
435 2377 540 2459 magis
562 2375 690 2458 litigare
721 2377 849 2440 noverit
875 2397 971 2458 quam
993 2377 1029 2440 in
1049 2375 1185 2441 ecclesia
1236 2377 1363 2442 nullam
1385 2376 1525 2443 habebat
1545 2377 1629 2461 legis
1650 2384 1709 2441 aut
1734 2377 1908 2459 aequitatis
1935 2377 2106 2440 rationem
2158 2313 2217 2441 Sic

210 2463 403 2530 condonari.
448 2462 520 2526 Hoc
545 2469 686 2539 constat,
716 2471 889 2527 acentum
911 2461 1006 2526 annis
1027 2461 1086 2525 vix
1107 2482 1184 2526 een·
1237 2461 1341 2539 hodie,
1364 2463 1426 2527 etsi
1449 2464 1589 2545 optimae
1611 2463 1751 2544 scriptae
1776 2470 1856 2527 sunt
1874 2462 1978 2544 leges,
2006 2469 2143 2526 manent
2165 2470 2216 2527 ta·

210 2550 364 2615 tesimmn
397 2569 557 2631 quemque
584 2547 684 2612 titisse
716 2548 856 2613 electum
883 2547 940 2630 qui
969 2566 1080 2611 sacrae
1110 2545 1184 2611 doc·
1235 2570 1313 2613 men
1335 2549 1369 2612 in
1391 2548 1514 2614 chartis
1535 2548 1689 2631 sepultae.
1726 2548 1864 2612 Interim
1887 2547 2124 2631 utplurimum
2144 2569 2216 2612 mo-

208 2634 317 2700 trinae
348 2633 469 2716 aliquid
501 2640 636 2698 teneret.
688 2632 918 2715 Superioribus
951 2633 1089 2697 saeculis
1118 2653 1184 2696 non
1235 2634 1327 2699 ribus
1348 2644 1516 2717 receptum
1537 2643 1596 2712 est,
1620 2642 1660 2712 et,
1683 2635 1776 2716 qnasi
1798 2635 1925 2698 ratione
1947 2634 2013 2710 fiat,
2035 2633 2132 2696 etiam
2154 2654 2213 2714 ap-

207 2717 281 2789 idco
299 2741 405 2803 parco,
428 2718 514 2801 quod
536 2718 639 2783 multo
656 2719 793 2784 meliora
811 2719 942 2797 fuerint,
964 2717 1021 2784 sed
1038 2718 1123 2801 quod
1144 2717 1184 2782 de
1236 2720 1418 2804 probatum,
1441 2728 1478 2784 ut
1498 2720 1625 2798 ebriosi,
1648 2727 1851 2797 scortatores,
1876 2719 2006 2784 aleones
2026 2718 2145 2800 passim
2167 2717 2212 2780 ad

207 2807 372 2890 praesenti
397 2804 495 2870 modo
523 2804 660 2871 eeclesia
686 2806 779 2870 nobis
806 2806 953 2887 quaestio
981 2812 1038 2868 est.
1084 2802 1123 2869 Si
1143 2802 1184 2867 de
1236 2806 1325 2872 hunc
1347 2806 1505 2871 honorem
1527 2814 1789 2888 promoveantur,
1810 2826 1929 2888 parum
1951 2804 2035 2881 dieo,
2061 2811 2098 2866 ut
2124 2803 2210 2884 epis·

206 2893 352 2957 moribus
373 2893 432 2955 fiat
451 2913 603 2968 censura,
634 2911 753 2974 paucos
776 2898 834 2955 aut
877 2890 1087 2973 ropemodum
1110 2889 1184 2953 nul·
1236 2901 1372 2975 capatus
1393 2891 1628 2957 adulteriorum
1649 2900 1683 2956 et
1709 2891 1944 2957 lenociniorum
1970 2890 2036 2956 sint
2055 2890 2212 2971 praemia.

206 2977 256 3044 los
277 2978 377 3043 fuisse
398 2978 598 3060 reperiemus
620 2999 701 3060 quos
722 2997 789 3041 non
809 2912 962 3060 indignos
984 2986 1111 3041 veteres
1130 2995 1184 3040 ca·
1235 2977 1324 3042 Nam
1344 2998 1446 3061 quum
1465 2977 1677 3043 venatoribus
1698 2985 1732 3042 et
1752 2978 1934 3061 aucupibus
1957 2976 2090 3053 cantu,
2119 2995 2214 3059 prae-

52 3096 55 3103 ·
111 3110 119 3135 .
207 3085 310 3128 nones
332 3061 537 3128 iudicassent
583 3061 650 3143 Qui
670 3085 736 3128 non
753 3064 816 3127 fuit
837 3062 992 3140 ebriosus,
1013 3063 1076 3127 firit
1097 3081 1184 3126 soor-
1236 3063 1323 3128 clare
1342 3085 1395 3128 res
1417 3063 1570 3130 occidisse
1592 3061 1811 3129 existimanda
1836 3072 1893 3128 est
1938 3063 2080 3127 Tantam
2107 3061 2216 3146 indig-

207 3155 308 3226 tator;
341 3149 396 3230 qui
424 3149 465 3213 ab
492 3149 553 3213 hoc
582 3171 710 3232 quoque
737 3149 858 3214 scelere
886 3170 988 3231 purus
1017 3148 1094 3225 firit,
1128 3155 1185 3211 aut
1237 3150 1374 3214 nitatem
1400 3150 1467 3214 ullo
1495 3148 1590 3214 modo
1612 3171 1777 3227 excusare,
1811 3149 1910 3213 nimis
1942 3147 2128 3230 improbum
2154 3157 2213 3213 est

207 3233 278 3299 aleo
296 3234 366 3311 fuit,
390 3243 446 3298 aut
463 3243 608 3313 venator,
631 3236 745 3300 autin
765 3235 874 3316 aliqua
894 3243 987 3316 parte
1008 3234 1096 3298 vitae
1118 3232 1184 3297 dis·
1236 3235 1398 3313 Habebat,
1421 3236 1570 3318 inquam,
1598 3235 1676 3299 olim
1699 3236 1861 3316 optimum
1883 3255 2041 3300 canonem
2063 3234 2214 3316 populus,

207 3320 341 3386 solutus
392 3317 480 3385 Sunt
511 3321 601 3384 enim
632 3321 755 3385 leviora
782 3322 860 3386 vitia
887 3340 980 3403 quae,
1004 3316 1184 3385 seeundum
1237 3321 1289 3386 cui
1318 3322 1557 3403 praescribebat
1577 3322 1642 3387 Dei
1670 3322 1806 3386 verbnm
1828 3321 1860 3404 (l
1882 3321 1964 3385 Tim.
1989 3323 2022 3398 3,
2043 3322 2093 3404 2),
2120 3340 2216 3403 opor-

207 3414 353 3471 vetustos
374 3426 523 3482 canones,
537 3406 702 3470 hominem
724 3408 764 3471 ab
787 3407 973 3489 epiecopatu
996 3403 1183 3471 excludunt
1237 3415 1306 3472 tere
1338 3408 1525 3490 episcopum
1556 3429 1627 3472 esse
1662 3405 2001 3490 irreprehensibilem,
2039 3405 2215 3484 doctorem,

207 3490 281 3556 Hoc
304 3512 381 3556 vero
408 3491 504 3575 longo
530 3490 813 3571 absurdissimum,
837 3490 924 3575 quod
943 3492 1038 3574 pueri
1059 3511 1185 3575 quoque
1236 3513 1304 3556 non
1324 3513 1517 3576 pugnacem,
1540 3501 1600 3559 ete.
1646 3492 1715 3569 Gur
1736 3514 1814 3577 ergo
1836 3490 1978 3576 eligendi
2003 3493 2217 3574 provinciae

208 3577 266 3642 vix
287 3574 457 3654 decennes,
479 3598 583 3660 papae
604 3579 818 3657 concessione,
841 3579 982 3660 episcopi
999 3585 1079 3643 sunt
1097 3577 1182 3642 faeti
1237 3578 1357 3662 populo
1386 3578 1428 3643 ad
1455 3580 1535 3644 istos
1557 3579 1717 3644 tmnslata
1744 3577 1813 3644 est?
1865 3577 1952 3658 Quia
1984 3577 2108 3643 seilicet
2129 3578 2217 3643 inter

206 3662 258 3727 llo
289 3661 513 3746 impudentiae
540 3684 577 3728 ac
610 3665 752 3746 stuporis
783 3665 927 3747 provecti
953 3671 1045 3742 sunt,
1079 3671 1117 3727 ut
1141 3682 1183 3726 ne
1278 3664 1347 3748 puli
1369 3665 1530 3730 tumultus
1551 3675 1585 3730 et
1604 3666 1759 3730 laedones
1779 3664 1917 3730 verbum
1935 3664 1999 3727 Dei
2024 3684 2091 3728 non
2113 3685 2214 3727 exan-

206 3747 288 3814 illud
316 3748 447 3832 quidem
474 3757 658 3813 extremum
686 3758 720 3814 et
748 3749 827 3814 adeo
848 3749 1069 3833 prodigiosum
1090 3749 1184 3831 flagi-
1261 3750 1394 3815 ebatur.
1438 3752 1484 3815 Et
1506 3772 1566 3817 our
1587 3749 1682 3815 hodic
1705 3752 1745 3816 ab
1772 3752 1843 3815 istis
1865 3770 1996 3814 rursum
2017 3770 2084 3813 non
2106 3758 2211 3812 trans-

206 3833 291 3899 tium
313 3835 495 3912 horrerent,
518 3834 604 3918 quod
626 3836 667 3900 ab
689 3837 760 3918 ipso
782 3843 920 3900 naturae
937 3857 1036 3900 sensu
1052 3835 1183 3917 penitus
1236 3836 1369 3915 feratur,
1391 3838 1448 3920 qui
1471 3859 1538 3901 non
1559 3835 1655 3901 modo
1676 3837 1766 3921 leges
1787 3857 1899 3901 omnes
1921 3835 2053 3913 violant,
2076 3832 2132 3900 sed
2153 3834 2210 3897 ab·

206 3920 368 3984 abhorret
425 3921 513 3988 Hine
546 3930 682 4005 apparet
719 3942 816 4004 quam
855 3921 1026 4004 religiosae
1062 3920 1185 3985 fuerint
1235 3922 1319 3986 ieeto
1345 3921 1468 4005 pudore
1503 3920 1688 4001 libidinose,
1725 3942 1838 3999 avare,
1872 3919 2040 3986 ambitiose
2067 3921 2210 3984 humana

206 4004 390 4082 electiones,
412 4007 469 4072 ubi
491 4016 559 4071 tam
581 4009 699 4090 supina
720 4008 920 4091 negligentia
941 4007 1011 4070 fuit
1237 4007 1357 4073 divinis
1379 4009 1590 4074 commiscent
1610 4016 1644 4071 et
1665 4006 1891 4074 confundunt?

294 4094 322 4154 2.
375 4091 448 4155 Iam
482 4094 516 4156 in
550 4092 698 4177 eligendo
731 4103 839 4157 totum
876 4092 958 4157 illud
989 4093 1042 4156 ius
1074 4089 1184 4173 populi
1324 4099 1352 4157 3.
1403 4091 1471 4158 Sed
1498 4094 1703 4159 mentiuntur
1729 4115 1832 4177 quum
1865 4093 1959 4159 aiunt
1984 4094 2044 4158 hoc
2074 4088 2212 4155 remedii

206 4175 372 4242 sublatum
404 4187 462 4242 est.
517 4178 624 4256 Vota,
660 4201 830 4257 assensus,
863 4177 1118 4260 subscriptiones
1151 4183 1185 4239 et
1236 4179 1307 4245 loco
1328 4180 1428 4244 fuisse
1449 4181 1630 4245 inventum.
1676 4178 1781 4262 Saepe
1803 4181 1838 4243 in
1867 4180 2024 4264 episcopis
2051 4175 2213 4260 eligendis

206 4263 318 4327 omnia
349 4264 508 4329 eiusmodi
540 4274 754 4329 evanuerunt
810 4264 864 4328 Ad
896 4264 980 4329 solos
1013 4263 1184 4328 canonicos
1237 4265 1456 4330 tumultuatas
1478 4265 1555 4330 olim
1576 4266 1677 4330 firisse
1693 4265 1792 4330 urbes
1811 4266 1966 4349 legimus3
1987 4284 2082 4329 nemo
2099 4270 2214 4327 tamen

205 4349 335 4433 integra
355 4358 500 4432 potestas
521 4350 680 4415 translata
702 4360 760 4415 est
811 4350 866 4413 Illi
888 4352 922 4414 in
945 4370 1042 4432 quern
1058 4349 1183 4425 volunt,
1237 4372 1382 4434 unquam
1409 4350 1449 4416 de
1477 4350 1652 4416 auferendo
1681 4352 1807 4417 civibus
1834 4353 1909 4416 iure
1935 4351 2079 4434 cogitare
2112 4368 2214 4413 ausvis

205 4435 379 4500 conterunt
414 4437 650 4518 episcopatum,
689 4456 765 4501 eum
798 4457 876 4500 mox
908 4436 943 4500 in
974 4442 1185 4516 conspectum
1237 4444 1295 4501 est
1328 4437 1422 4502 Alias
1443 4438 1532 4501 enim
1553 4437 1719 4503 habebant
1740 4439 1811 4503 vias
1832 4439 1950 4520 quibus
1967 4437 2020 4502 vel
2042 4436 2216 4500 obviarent

204 4520 308 4604 plebis
336 4520 535 4605 producunt,
568 4521 626 4587 sed
653 4521 869 4597 adorandum,
903 4542 968 4586 non
993 4521 1185 4586 examinan-
1238 4523 1289 4588 his
1311 4523 1409 4600 vitiis,
1432 4523 1486 4589 vel
1507 4524 1574 4588 iam
1595 4524 1738 4590 admissa
1759 4524 1968 4608 corrigerent
2013 4522 2141 4586 Verum
2164 4520 2215 4585 di·

205 4606 293 4671 dum.
340 4608 440 4690 Atqui
470 4608 626 4673 reclamat
647 4609 732 4686 Leo,
751 4607 776 4691 ¹)
806 4607 934 4672 nullam
960 4606 1123 4671 rationem
1151 4605 1186 4670 id
1238 4628 1310 4674 cam
1337 4608 1417 4692 quid
1442 4610 1492 4674 sit
1537 4608 1649 4690 Quum
1677 4610 1816 4693 populus
1841 4611 1877 4672 in
1906 4608 2034 4673 delectu
2062 4605 2214 4671 habendo

206 4693 327 4769 sinere,
358 4715 396 4757 ac
420 4694 596 4758 violentam
624 4694 864 4775 impositionem
891 4715 963 4760 esse
985 4693 1183 4775 pronuntiat
1238 4695 1455 4779 negligentior
1482 4717 1553 4761 esse
1582 4698 1753 4779 coepisset,
1787 4704 1821 4760 et
1847 4696 1933 4760 hanc
1961 4715 2088 4772 curam,
2121 4692 2214 4775 quasi

206 4777 410 4863 Cyprianus,
424 4781 454 4863 ²)
489 4801 590 4861 quum
618 4780 719 4844 fluere
748 4801 789 4844 ex
816 4781 890 4845 iure
911 4779 1022 4845 divino
1045 4786 1186 4843 testatur
1238 4781 1349 4846 minus
1376 4781 1437 4846 sibi
1469 4792 1720 4866 congruentem,
1754 4784 1790 4846 in
1815 4781 2022 4865 presbyteros
2054 4779 2214 4856 reiiceret,

206 4884 250 4927 ne
270 4867 330 4928 fiat
351 4865 414 4928 nisi
437 4886 479 4929 er
508 4887 668 4930 consensu
689 4866 815 4950 populi,
844 4886 992 4951 pugnare
1018 4863 1186 4929 diversum
1238 4865 1286 4930 illi
1314 4867 1377 4931 hoc
1404 4868 1570 4934 occasione
1597 4868 1639 4933 ad
1665 4867 1875 4954 tyrannidem
1901 4865 1963 4930 sibi
1990 4863 2217 4948 usurpandam

207 4968 334 5014 morem
361 4972 435 5015 eum
467 4953 566 5016 verbo
593 4951 657 5015 Dei
689 4952 839 5017 ostendit
891 4953 955 5016 'Pet
985 4948 1185 5035 synodorum
1239 4950 1332 5018 abusi
1346 4962 1433 5031 sunt,
1451 4975 1551 5037 quam
1568 4965 1681 5037 postea
1690 4954 1785 5020 novis
1802 4953 1980 5019 canonibus
1998 4950 2094 5017 editis
2113 4950 2217 5015 stabi·

1238 5037 1368 5103 lierunt
1393 5037 1567 5105 Ordinatio
1584 5049 1694 5105 autem
1704 5039 1789 5104 nihil
1806 5039 1895 5103 aliud
1906 5045 1957 5104 est
1967 5059 2066 5121 quam
2083 5057 2217 5101 merum

1239 5123 1425 5191 ludibrium
1456 5123 1590 5207 Species
1607 5126 1695 5190 enim
1713 5127 1883 5204 examinis,
1902 5145 2001 5208 quam
2018 5123 2085 5187 illic
2102 5134 2216 5187 osten·

281 5221 310 5290 l)
328 5223 415 5292 Epist
434 5223 476 5279 90.
495 5241 517 5277 o.
536 5223 560 5276 2.
630 5221 661 5288 ι)
679 5223 754 5279 libr.
772 5224 797 5279 a.
815 5227 893 5295 epist
911 5224 936 5278 5.
1239 5217 1320 5288 tant,
1343 5209 1424 5275 adeo
1445 5210 1552 5276 inanis
1573 5223 1624 5275 est
1645 5218 1679 5276 et
1700 5212 1816 5291 ieiuna,
1848 5219 1886 5276 ut
1906 5210 1996 5276 omni
2017 5211 2117 5275 etiam
2139 5208 2219 5274 fuco
