4672 5842
78 349 118 410 aa
246 341 252 353 ’
480 343 569 407 arn.
593 343 619 406 1.
664 343 728 407 aa
751 315 1039 408 caerimonia
1063 343 1147 409 nm
1170 343 1444 411 oanaaoms
1489 333 1593 410 aar]
1612 344 1712 410 aar.
2047 346 2089 407 94

77 548 112 601 et
132 533 360 617 Hieronymus
380 532 424 596 ad
446 532 628 596 Damasum
659 530 866 613 saerilegium
888 553 957 595 8888
981 531 1060 596 dicit
1111 535 1262 597 mussitat
1293 534 1415 598 factum
1449 556 1519 599 esse
1553 542 1586 598 et
1618 535 1749 596 initium
1783 533 1944 597 habuisse.
1975 535 2091 599 'Dicit

77 630 147 685 tres
164 621 201 684 in
224 620 295 683 Dee
318 619 518 684 substantias
536 617 732 700 praedicare.
767 617 869 698 Atqui
886 617 961 698 plus
984 638 1059 681 cen-
1112 641 1216 683 unum
1238 641 1312 682 eum
1333 630 1441 700 patre;
1471 621 1528 684 sed
1555 620 1639 685 clam
1664 622 1699 683 in
1727 642 1860 683 suerum
1883 640 1979 684 aures
1999 621 2090 684 insu·

77 708 140 771 ties
163 704 253 788 apud
274 705 441 770 Hilarium
464 704 620 786 reperies,
650 710 717 767 tres
739 724 809 766 esse
833 703 866 766 in
888 703 1060 767 118881111-
1113 713 1239 783 serrat,
1269 707 1398 768 unitum
1420 727 1490 769 esse
1516 716 1554 769 ut
1575 714 1719 770 caeteros
1740 705 1868 783 fideles,
1903 726 2090 787 quanquam

79 792 230 857 stantiae.
264 791 305 854 In
328 789 485 855 vocabulo
508 800 618 853 autem
636 789 847 872 hypostaseos
866 810 964 870 quam
986 810 1060 872 per·
1114 791 1272 873 singulari
1293 792 1530 874 praerogativa.
1553 793 1617 856 Die
1639 791 1958 868 consubstantialem,
1982 791 2090 855 detra·
2204 841 2208 853 .

78 879 198 964 plexus
231 887 282 941 est
314 874 559 959 Hieronymus?
604 876 779 938 Venenum
813 875 902 938 enim
929 875 1060 939 subesse
1113 879 1202 940 xeris
1224 876 1388 958 versipelli
1410 877 1551 956 larvam,
1581 885 1745 941 ettamen
1769 877 1851 940 nihil
1875 877 1968 941 addis
1990 878 2091 958 scrip-

80 965 275 1046 suspicatur,
296 984 397 1044 quum
419 963 634 1025 nominantur
664 971 731 1025 tres
752 962 788 1023 in
811 961 882 1024 Deo
904 960 1060 1046 hyposta-
1114 964 1205 1026 turis.
1251 963 1342 1026 Dicit
1363 961 1542 1040 sabellium
1573 971 1716 1044 patrem,
1746 963 1849 1027 filium
1880 973 1914 1026 et
1940 964 2092 1044 spiritum

80 1072 140 1115 ses.
176 1050 272 1113 Etsi
300 1049 372 1130 quis
394 1048 448 1129 pio
475 1069 573 1111 sensu
601 1046 663 1111 hac
684 1066 762 1110 voce
784 1055 910 1123 utatur,
939 1048 1061 1129 impro·
1115 1048 1199 1112 nihil
1217 1048 1253 1110 in
1274 1049 1346 1112 Deo
1369 1047 1558 1113 distinctum
1582 1071 1706 1113 sonare.
1751 1050 1814 1114 Dic
1836 1057 1903 1112 tres
1926 1070 2005 1125 esse,
2033 1071 2091 1112 vo-

79 1139 187 1219 priam
209 1148 320 1198 tamen
350 1134 573 1216 loquutionem
596 1154 665 1197 esse
688 1153 754 1196 non
784 1131 976 1196 dissimulat.
1025 1131 1061 1195 Si
1115 1134 1302 1198 ciferabitur
1330 1142 1362 1197 te
1379 1135 1549 1198 nominare
1571 1144 1637 1198 tres
1660 1134 1744 1199 deos.
1790 1135 1911 1199 Dicin
1940 1157 2006 1198 una
2027 1133 2092 1198 Dei

80 1229 184 1287 tamer
213 1222 330 1285 81118888
357 1221 404 1283 itu
433 1220 579 1299 loquutus
605 1219 659 1283 sit:
692 1238 729 1281 aa
762 1238 822 1280 nort
849 1220 957 1299 potius
986 1236 1081 1306 quos·
1115 1220 1256 1284 essentia
1284 1240 1496 1301 personarum
1523 1221 1717 1284 trinitatem:
1752 1219 1875 1285 dixeris
1903 1242 1967 1284 uno
1993 1220 2092 1284 verbo

79 1309 186 1374 oderm
208 1308 364 1387 episcopos
390 1306 526 1370 Orientis
543 1307 643 1369 seteis
664 1324 700 1368 aa
721 1304 825 1368 volnus
844 1325 978 1386 precare
999 1309 1063 1367 stu
1115 1305 1201 1388 quod
1223 1306 1404 1386 scripturae
1425 1305 1616 1387 loquuntur,
1652 1317 1684 1369 et
1710 1308 1843 1370 inanem
1866 1307 2094 1388 loquacitatem

79 1394 186 1460 dicerit
214 1394 334 1456 iniusta
364 1391 530 1455 calumnia.
584 1389 669 1454 Certe
699 1390 753 1454 hac
783 1411 901 1471 parum
933 1392 1063 1471 inqenue
1116 1391 1354 1472 compresseris.
1403 1390 1502 1454 Porro
1524 1393 1552 1454 si
1574 1413 1653 1473 quos
1681 1401 1749 1456 tam
1778 1393 1876 1456 annia
1898 1392 2093 1475 constringit

80 1481 211 1556 asserit,
240 1480 274 1541 in
291 1477 432 1542 omnihus
448 1476 597 1558 profan-is
615 1476 728 1540 scholis
749 1475 853 1538 aaran
870 1475 952 1538 nihil
974 1474 1063 1539 aliud
1115 1478 1301 1559 superstitio
1323 1485 1361 1539 ut
1383 1477 1463 1540 haee
1486 1479 1619 1541 nomina
1641 1500 1706 1541 nen
1728 1479 1844 1553 ferant,
1869 1500 1964 1541 nemo
1983 1490 2092 1542 tamen

80 1586 147 1632 esse
169 1585 266 1646 quam
287 1564 477 1645 hypostasin
499 1563 581 1641 quael
608 1583 646 1625 ee
667 1563 822 1625 ecrnmuni
850 1563 980 1641 tritoque
1000 1581 1063 1624 uste
1115 1565 1189 1640 iem,
1214 1563 1266 1627 vel
1289 1564 1316 1627 si
1338 1571 1527 1643 rumpatur,
1551 1564 1689 1627 inficiari
1707 1565 1839 1644 poterit,
1867 1585 1967 1645 quum
1990 1585 2093 1627 unum

75 1652 204 1735 possita
231 1649 393 1731 refellitur.
449 1647 620 1713 Modestior
653 1654 680 1711 et
713 1647 880 1712 humanior
912 1648 1063 1730 Aupusti·
1116 1648 1280 1725 audimus,
1313 1647 1562 1730 intelligendam
1591 1670 1661 1714 8888
1688 1648 1887 1714 substantiae
1916 1651 2091 1724 unitatem;

80 1758 150 1816 nus,
165 1735 190 1819 ¹)
219 1737 274 1817 qui
296 1736 353 1799 etsi
381 1755 489 1798 atamen
516 1734 712 1815 hypostaseos
734 1735 768 1797 in
789 1733 843 1797 hoe
870 1754 964 1798 suasu
992 1733 1062 1796 lati
1116 1757 1216 1817 quum
1239 1743 1306 1798 tres
1329 1732 1479 1798 audimus
1501 1736 1536 1797 in
1558 1756 1625 1798 una
1646 1737 1798 1810 essentia,
1819 1756 1969 1816 persaeus
1990 1736 2093 1798 arctari

80 1825 133 1888 nis
165 1822 299 1886 auritus
329 1841 442 1885 raecum
474 1840 540 1884 esse
571 1820 662 1898 utcu,
701 1821 776 1885 adeo
808 1825 909 1883 tamen
933 1820 1063 1883 Graecis
1116 1823 1150 1883 in
1183 1821 1245 1886 hac
1273 1820 1427 1883 trinitate.
1474 1818 1547 1899 Quo
1582 1842 1648 1884 non
1681 1821 1904 1884 fraudulenter
1935 1822 2091 1898 confesso,

80 1930 176 1974 satam
208 1908 352 1988 loquendi
378 1906 627 1970 cmmuletrrdinem
652 1927 713 1969 nort
738 1907 844 1987 eripit,
873 1910 908 1967 ut
932 1905 1064 1968 Latinos
1116 1907 1217 1971 verba
1238 1906 1321 1969 nihil
1343 1927 1518 1969 moramur.
1567 1905 1628 1970 Serl
1645 1912 1789 1988 arpertus
1807 1908 1931 1987 pridem
1951 1928 2036 1981 sum,
2066 1911 2094 1969 et

81 1997 185 2072 eiam,
208 1994 264 2073 qui
281 1993 418 2074 phrasin
437 1993 706 2074 praecaminuitati
723 1992 857 2074 fueram,
875 1991 1001 2071 placide
1023 1995 1064 2054 ta-
1116 1993 1239 2072 quidem
1260 1993 1401 2071 saepiam,
1429 1994 1602 2071 quicunque
1628 1994 1665 2056 cle
1692 1994 1793 2056 uerbis
1814 1992 2010 2073 pertinacius
2030 1992 2092 2054 tat

83 2082 165 2146 leret.
210 2079 352 2160 thuod
376 2075 654 2143 etiamaSoerate
676 2077 716 2141 de
738 2079 811 2161 ipsa
831 2078 984 2142 scribitur
1006 2076 1061 2140 lib.
1115 2084 1198 2160 pant,
1220 2080 1321 2159 fecere
1342 2078 1489 2141 occultum
1511 2080 1617 2141 airus:
1638 2084 1673 2141 ut
1693 2081 1794 2160 alapis
1816 2079 1958 2159 expediat
1979 2099 2027 2141 eos
2044 2078 2093 2141 ul·

84 2171 113 2231 6.
136 2166 306 2231 Historiae
327 2165 519 2246 tripartitae,
538 2184 575 2227 eo
598 2163 704 2226 tendit
725 2165 815 2245 quasi
840 2163 881 2228 ab
903 2163 1063 2244 imperitis
1117 2170 1164 2228 tro
1180 2183 1349 2246 prucomre
1370 2183 1464 2243 quam
1486 2165 1520 2226 in
1542 2185 1648 2227 eorum
1666 2166 1803 2246 qratiam
1822 2165 1981 2227 obscurius
1999 2164 2092 2244 loqui.

84 2251 274 2319 hominibus
297 2252 340 2314 sit
361 2246 532 2332 perperam
551 2248 592 2313 ad
621 2250 705 2314 hanc
724 2269 795 2313 rem
813 2247 1062 2314 accommodata.
1205 2254 1232 2312 6.
1280 2249 1441 2313 Caeterum
1463 2251 1579 2312 omissa
1596 2251 1635 2313 de
1652 2251 1774 2313 uocibus
1790 2251 2005 2330 disputatione,
2028 2251 2094 2313 iam

83 2337 177 2418 Quin
205 2336 293 2401 idem
315 2336 465 2400 Hilarius
473 2336 502 2418 ¹²)
530 2355 651 2418 magno
679 2336 807 2398 crimini
838 2335 927 2398 ducit
949 2334 1064 2397 haere·
1117 2336 1154 2399 rle
1181 2356 1215 2398 re
1242 2336 1315 2416 ipsa
1342 2336 1441 2399 dicere
1474 2336 1647 2417 apprediar.
1701 2336 1871 2400 Personam
1899 2337 1998 2417 iqitur
2025 2355 2095 2399 uraca

84 2425 170 2499 tisis,
187 2423 273 2505 quod
291 2443 405 2486 eorum
422 2422 631 2504 improbitate
649 2431 784 2504 cogatur
802 2421 960 2485 subiicere
978 2420 1064 2502 peri-
1117 2422 1348 2485 subsistentiam
1376 2421 1410 2482 in
1437 2420 1500 2484 Dei
1529 2423 1673 2497 essentia,
1702 2443 1781 2501 quae
1809 2423 1851 2486 aa
1879 2422 1960 2485 alies
1987 2421 2094 2498 relata,

84 2510 162 2574 culo
184 2509 319 2572 humani
343 2509 461 2590 eloquii
488 2529 572 2589 quae
599 2509 762 2571 mentium
783 2508 939 2590 religione
962 2505 1064 2570 conti-
1113 2510 1302 2589 proprietate
1339 2507 1619 2570 incommunicabili
1656 2509 1866 2589 distinquitur.
1924 2507 2096 2571 8818181811-

83 2618 157 2660 11811
180 2602 383 2677 oportuerat,
413 2615 479 2657 non
507 2593 718 2658 dissimulans
746 2594 825 2674 quin
847 2592 881 2655 id
904 2593 947 2657 sit
968 2612 1065 2673 agere
1117 2595 1180 2657 tiae
1210 2594 1330 2656 nornine
1362 2593 1451 2657 aliud
1483 2593 1632 2673 quiddam
1665 2595 1796 2676 intellipi
1828 2594 1969 2657 uolumus
2001 2613 2095 2672 quam

84 2681 213 2758 illicita,
259 2681 438 2744 ineflabilia
475 2681 576 2762 loqui,
617 2681 814 2744 inconcessa·
846 2698 1063 2760 praesumere.
1118 2679 1290 2743 esseratiam.
1336 2677 1374 2740 Si
1396 2681 1477 2741 eninr
1497 2699 1596 2741 sernia
1618 2679 1799 2761 simpliciter
1820 2685 1896 2743 esset
1918 2679 2021 2755 Deus,
2048 2681 2096 2742 iu-

84 2767 191 2833 Paulo
218 2778 293 2848 post
319 2766 432 2830 multis
457 2766 564 2830 adhuc
598 2775 733 2841 excusat
759 2764 844 2846 quod
871 2763 969 2827 audet
990 2783 1065 2846 pre-
1117 2770 1199 2829 terea
1219 2785 1279 2827 11811
1298 2763 1419 2827 lrahnet
1439 2765 1561 2845 aliquid
1576 2768 1752 2845 proprium,
1776 2786 1944 2847 perperam
1965 2766 2097 2829 (linisset

85 2854 171 2917 ferre
200 2874 285 2917 nova
311 2853 453 2915 nomina.
498 2852 585 2916 Nam
613 2851 669 2914 ubi
700 2853 809 2933 posuit
842 2857 981 2914 naturae
1007 2870 1065 2912 no-
1119 2852 1254 2915 Ioannes
1273 2850 1373 2931 fuisse
1393 2871 1512 2931 semper
1533 2853 1619 2930 apud
1641 2852 1744 2915 Deum
1767 2852 1894 2935 (Ioann.
1918 2857 1943 2929 l,
1967 2855 2008 2935 1).
2034 2849 2096 2916 Ubi

85 2940 194 3015 mina,
224 2946 366 3021 patrem,
395 2938 501 3001 filium
525 2947 558 3003 et
579 2938 741 3020 spiritum,
766 2937 943 3013 subnectit,
972 2941 1067 3023 811188
1118 2938 1259 3001 omninum
1273 2941 1347 3018 past
1372 2937 1475 3014 addit,
1504 2937 1609 3000 Deum
1632 2958 1749 3018 quoque
1773 2939 1876 3019 sitisse
1903 2939 2008 3018 ipsum
2031 2957 2095 3000 ser-

86 3025 340 3109 significantiam
362 3025 521 3088 sermonis
544 3045 629 3102 esse,
658 3034 753 3087 extra
775 3044 890 3088 seusus
912 3021 1066 3084 intentio·
1118 3043 1251 3099 monem,
1278 3024 1320 3086 ad
1346 3023 1471 3086 unicam
1499 3024 1662 3087 essentiam
1682 3044 1738 3087 nos
1764 3029 1889 3087 reuocat.
1937 3023 1998 3088 Sed
2019 3024 2096 3103 quia

85 3133 176 3189 nem,
212 3122 306 3174 extra
345 3110 583 3192 intelligentiae
616 3110 874 3192 conceptionem,
908 3105 1067 3190 quidquid
1119 3110 1206 3191 apud
1227 3108 1332 3172 Deum
1358 3129 1423 3174 esse
1449 3129 1510 3173 nea
1531 3111 1635 3190 potuit
1661 3111 1738 3191 quin
1764 3109 1911 3174 resideret
1936 3111 1970 3172 in
1993 3114 2094 3189 patre,

84 3197 173 3260 ultra
193 3197 370 3278 quaeritur.
415 3196 466 3260 Ac
487 3195 602 3280 abbir)
624 3196 734 3260 felices
752 3195 882 3259 Galhae
900 3195 1066 3276 episcopos
1118 3196 1190 3258 hinc
1211 3195 1336 3277 eraerpit
1356 3197 1413 3260 illa
1435 3195 1640 3273 subsistentia,
1663 3216 1742 3275 quae
1759 3197 1816 3259 etsi-
1832 3195 1997 3259 individuo
2014 3215 2096 3258 nean

84 3282 269 3366 praedicat,
298 3283 353 3363 qui
381 3282 479 3345 aliam
505 3304 565 3346 nec
593 3281 814 3360 exemissent,
844 3302 905 3345 nec
927 3279 1066 3360 recepis·
1119 3301 1188 3345 acm
1210 3281 1341 3344 essentia
1363 3280 1522 3345 cauirsncta
1542 3287 1593 3359 est,
1616 3301 1669 3345 nec
1684 3287 1784 3364 potest
1801 3282 1955 3362 separari,
1977 3281 2096 3362 specia-

87 3379 169 3446 sent,
194 3389 256 3431 nec
278 3368 409 3431 omnine
432 3369 602 3433 novissent
622 3367 865 3445 confessionem,
889 3387 988 3448 quam
1010 3384 1066 3429 ve·
1119 3368 1176 3432 lem
1198 3372 1299 3430 tamen
1320 3366 1407 3432 hahet
1427 3372 1531 3430 rictam
1555 3386 1619 3447 qua
1645 3367 1684 3432 ah
1706 3370 1778 3449 ipsu
1801 3368 1934 3448 differat.
1953 3366 1978 3451 ¹)
2023 3366 2096 3429 Iam
2130 3388 2172 3451 Ι·

86 3460 192 3519 terem
214 3452 304 3515 illam
333 3461 365 3515 et
388 3455 661 3536 simplicissimam
689 3475 772 3535 quae
799 3452 839 3517 ab
863 3460 967 3516 aetate
990 3471 1067 3532 apo-
1119 3474 1157 3518 ea
1185 3453 1285 3516 trihus
1317 3454 1524 3518 subsistentis
1556 3474 1806 3535 uriamquamque
1838 3454 1904 3518 dieo
1937 3454 1979 3517 act
2012 3454 2096 3518 alies

85 3538 249 3605 stolorum
271 3537 357 3619 apud
379 3560 490 3604 omnes
511 3541 663 3605 ecclesias
689 3548 820 3621 recepta
841 3539 955 3602 fuerat.
1003 3535 1068 3599 Nec
1118 3540 1249 3604 relatam
1265 3542 1457 3622 proprietate
1477 3539 1637 3620 (1181111981.
1684 3540 1808 3604 Relatio
1834 3538 1885 3602 hie
1911 3539 2024 3603 diserte
2046 3559 2096 3602 ea-

86 3622 247 3690 ahsimilis
268 3627 312 3686 est
332 3623 505 3705 Auqustiui
526 3627 695 3704 excusatae,
722 3626 897 3689 necessitate
919 3627 1068 3688 catomum
1114 3626 1281 3707 primitur:
1306 3627 1383 3706 quia
1410 3626 1464 3689 uhi
1491 3625 1624 3706 sinmlea
1648 3626 1683 3706 fil
1705 3625 1768 3689 Ilei
1794 3626 1907 3690 mentio
1934 3625 2097 3706 8111181811--

85 3712 189 3794 {uissc
211 3709 291 3771 1181118
312 3728 410 3771 uocem
427 3717 552 3791 propter
578 3712 710 3775 humani
732 3712 847 3792 eloquii
869 3711 958 3774 inre
981 3712 1068 3773 tana
1119 3713 1195 3789 nita,
1224 3732 1286 3775 nou
1307 3714 1413 3776 minus
1435 3713 1477 3776 aa
1496 3711 1601 3790 hlium
1625 3716 1651 3774 et
1672 3713 1822 3792 spiritum
1837 3711 1971 3792 pertinet
1990 3731 2098 3774 ramnes

87 3797 239 3879 inopiam,
262 3815 322 3857 11811
345 3800 380 3858 ut
401 3797 622 3875 exprimeretur
642 3798 723 3879 quad
744 3802 801 3876 est,
825 3797 878 3861 sed
899 3817 937 3860 ure
958 3800 1068 3859 tacere-
1120 3799 1174 3862 leae
1193 3819 1288 3877 quam
1309 3799 1352 3862 ael
1368 3803 1499 3881 patrem.
1546 3796 1649 3861 Sirnul
1675 3803 1777 3862 cutem
1804 3803 1894 3878 atque
1914 3803 2007 3878 pater
2028 3816 2098 3860 cnm

86 3888 141 3947 tur
162 3881 310 3963 quomodo
331 3886 393 3944 tres
413 3882 485 3957 siut,
503 3887 602 3962 pater,
622 3883 719 3963 filius,
743 3889 770 3948 et
791 3884 931 3965 spiritus.
964 3880 1069 3961 Atque
1118 3884 1186 3965 pilio
1208 3885 1377 3965 curtertur,
1407 3904 1637 3965 nunquamque
1659 3887 1836 3965 proprietas
1858 3884 1896 3946 ah
1918 3884 2013 3946 altera
2035 3884 2099 3947 clis-

87 3969 171 4033 haec
193 3975 381 4032 sanctorum
410 3967 558 4031 viromm
585 3968 742 4035 modestia
769 3990 903 4034 monere
930 3966 1067 4031 1188118-
1121 3973 1224 4034 cernit.
1282 3970 1385 4036 Tertio
1423 3971 1577 4051 quidquid
1614 3971 1749 4052 sinqulis
1776 3970 1943 4052 proprium
1977 3974 2019 4033 est
2051 3970 2098 4033 in-

87 4054 145 4119 bet
162 4075 204 4118 ne
222 4063 291 4117 tam
310 4074 423 4117 severe
441 4052 534 4117 velut
550 4056 694 4119 censorio
712 4055 786 4121 stilo
804 4056 955 4139 protinus
975 4060 1067 4117 note·
1120 4044 1368 4121 ccmm'umeahile
1394 4077 1458 4120 esse
1485 4077 1601 4133 assero,
1629 4058 1706 4136 quia
1734 4059 1769 4121 in
1799 4057 1904 4136 tilium
1935 4061 2099 4137 competere

87 4161 163 4204 mas
185 4140 316 4221 eosqui
344 4140 380 4202 in
407 4140 509 4203 verba
538 4160 557 4202 a
582 4140 676 4204 nobis
703 4151 856 4224 concepta
877 4142 986 4205 iurare
1009 4160 1067 4204 no·
1120 4144 1166 4207 vel
1188 4142 1356 4222 transferri
1376 4163 1437 4207 non
1453 4148 1551 4223 potest
1573 4144 1724 4223 quidquid
1751 4143 1795 4207 ael
1816 4149 1920 4206 notam
1942 4143 2098 4207 ‹lismetia

87 4225 165 4304 lint;
195 4226 283 4289 modo
304 4247 342 4289 ne
363 4230 419 4288 aut
439 4227 542 4308 fastra,
571 4229 626 4288 aut
641 4230 814 4307 materia,
838 4233 893 4292 aut
913 4226 1068 4290 rnalitioso
1120 4231 1171 4293 nis
1198 4228 1348 4292 tribuitur
1368 4230 1466 4311 patri.
1519 4229 1626 4310 Neque
1650 4250 1721 4294 aero
1749 4229 1828 4293 mihi
1855 4230 1996 4309 displicet
2026 4229 2098 4291 Ter-

88 4316 161 4376 astu
186 4312 220 4374 iel
240 4312 376 4391 faciunt·
407 4311 461 4375 sel
490 4311 663 4393 expeudant
688 4314 751 4394 ipsi
777 4315 916 4378 uicissim
944 4319 1068 4395 quanta
1119 4315 1247 4380 tulliani
1255 4313 1284 4395 ²)
1307 4314 1459 4394 definitio,
1488 4315 1577 4378 modo
1603 4316 1707 4380 dentre
1723 4320 1882 4379 sumatur:
1908 4335 1972 4378 esse
1998 4334 2097 4394 qiuari-

88 4396 283 4461 neeessitate
311 4396 420 4462 adacti
447 4398 493 4462 sic
521 4396 708 4479 loquamur,
741 4408 778 4463 ut
809 4400 967 4483 paulatim
995 4398 1067 4462 utili
1119 4402 1193 4466 dam
1226 4402 1259 4463 ia
1288 4400 1356 4465 Deo
1390 4401 1621 4482 dispositionem
1643 4402 1689 4464 cel
1721 4402 1925 4466 occorromiam
1956 4420 2034 4479 quae
2061 4397 2098 4461 rle

90 4481 244 4564 loquendi
271 4485 395 4546 formae
422 4483 555 4547 tandem
589 4485 773 4547 assuefiant.
818 4485 945 4551 Carere
967 4485 1067 4548 etiam
1119 4488 1267 4552 essentiae
1287 4488 1407 4551 unitate
1425 4486 1506 4550 nihil
1527 4493 1627 4551 nrutet

90 4566 228 4641 (11888111,
247 4591 298 4646 118,
316 4570 372 4634 11111
395 4568 632 4637 occurrendum
650 4576 700 4633 cst
719 4591 760 4633 ex
783 4591 850 4633 una
866 4571 1068 4652 [1811811118-
1206 4576 1234 4636 7.
1260 4572 1498 4657 ⁸)Priusquam
1521 4580 1630 4637 tamen
1651 4573 1780 4655 longius
1802 4569 2001 4653 progrediar,
2021 4590 2096 4651 pro·

90 4655 156 4732 nis,
187 4675 230 4718 ex
259 4655 362 4719 altera
390 4654 602 4734 Sabellianis,
636 4655 716 4718 dum
743 4655 889 4736 utrisque
909 4656 1068 4738 tergiver·
1120 4658 1235 4724 banda
1264 4660 1327 4722 crit
1358 4667 1392 4722 et
1412 4659 1472 4722 filii
1497 4667 1530 4723 et
1551 4661 1684 4740 spiritus
1707 4659 1812 4722 sancti
1829 4656 1931 4720 deitas
1938 4680 1946 4735 ;
1979 4653 2096 4719 deinde

90 4739 186 4805 sandi
209 4761 323 4805 ansam
345 4742 488 4824 praecidi
506 4741 763 4820 stomachantur,
786 4740 979 4805 nonnullam
997 4761 1068 4804 sus·
1120 4754 1157 4809 ut
1183 4746 1271 4809 inter
1299 4767 1333 4809 se
1362 4744 1516 4809 differant
1543 4744 1733 4809 videbimus.
1779 4742 1877 4807 Certe
1909 4764 2010 4826 quum
2033 4741 2098 4806 Dei

89 4826 254 4977 picionem
282 4827 430 4892 iniiciant
457 4828 511 4892 vel
534 4828 606 4892 Arii
634 4849 669 4893 se
697 4849 767 4892 esse
795 4825 982 4908 discipulos,
1017 4825 1069 4891 vel
1120 4832 1257 4897 verbum
1286 4831 1378 4896 nobis
1411 4831 1602 4912 preponitur
1628 4831 1663 4893 in
1691 4829 1868 4911 scriptura,
1903 4829 2097 4895 absurdissi-

119 4912 238 4977 abellii.
289 4913 381 4979 Dicit
413 4914 515 4979 Arius
548 4913 720 4979 Christum
752 4934 822 4978 esse
855 4913 978 4992 Deum;
1013 4911 1069 4978 sed
1120 4939 1209 4981 mum
1233 4918 1334 4982 fuerit
1353 4918 1527 5000 imaginari
1550 4918 1675 4980 fluxam
1696 4914 1858 4980 duntaxat
1876 4923 1909 4980 et
1925 4915 2099 4981 evanidam

88 5086 297 5097 a——u
1122 5092 1325 5099 ——-—-—-.-

163 5203 191 5270 1)
210 5204 284 5256 Libr.
309 5203 333 5256 5.
359 5205 392 5256 de
412 5204 507 5257 Trinit.
527 5221 548 5256 c.
568 5203 585 5256 8
608 5215 634 5255 et
652 5203 675 5256 9.
763 5202 1070 5273 2111182818-
1129 5178 1133 5189 Ι
1191 5208 1220 5267 1)
1241 5207 1314 5261 Ede.
1334 5215 1442 5262 recentt.
1460 5208 1649 5278 distinguatur.
1712 5208 2097 5276 mercennariorum

88 5273 140 5326 nit.
160 5288 182 5324 8.
201 5271 226 5324 2.
296 5269 327 5339 3)
345 5273 386 5325 De
404 5274 523 5326 conciliis
543 5277 566 5339 ξ.
584 5272 625 5325 69.
822 5304 834 5325 ο
1122 5292 1144 5329 c.
1162 5275 1187 5329 2.
1206 5275 1229 5329 3.
1314 5275 1344 5342 3)
1367 5276 1445 5331 Haec
1463 5278 1525 5331 alirn
1541 5279 1625 5346 paulo
1644 5279 1723 5332 aliter
1746 5279 1775 5342 (t.
1791 5279 1810 5330 l.
1830 5277 1852 5342 ξ.
1871 5275 1894 5328 8.
1914 5291 1958 5343 seq
1970 5280 1988 5342 ).
