4672 5842
122 310 183 372 137
520 309 661 379 LIB.L
705 309 768 373 DE
791 307 1079 375 COGNITIONE
1100 309 1181 375 DEI
1204 308 1477 376 CREATORJS.
1522 311 1622 378 OAP.
1645 313 1722 378 XV.
1842 327 1848 342 ·
2070 320 2131 419 138

119 500 239 562 misera
268 504 332 563 tam
361 500 403 564 od
431 520 543 578 corpus
569 522 664 581 qnam
691 502 734 565 ad
761 501 904 565 animam
928 499 1100 576 enteredens,
1146 500 1394 578 praestantium,
1417 521 1479 579 qua
1501 503 1612 565 eminet
1633 502 1768 566 lioneinis
1791 509 1908 567 rectiora
1929 504 2010 568 inter
2031 524 2134 569 onrnes

121 585 239 648 coelum
267 590 370 648 terrae
391 587 505 649 miscet.
550 586 639 650 Dicit
655 592 793 666 patrem,
819 584 924 664 filium
951 590 979 648 et
1007 586 1102 664 spiri·
1154 585 1364 648 aerimantium
1393 588 1518 665 species.
1565 587 1705 651 Proinde
1732 587 1790 653 leac
1819 609 1886 652 noce
1908 594 2034 654 *notatur
2062 592 2134 655 inte

122 676 190 733 tune
215 676 357 734 sarnetum
376 673 412 734 in
434 671 556 736 homine
578 674 679 736 locare
701 692 792 738 33333
815 672 998 753 imaqinem,
1026 672 1102 750 qnia
1127 697 1129 713 ·
1152 671 1255 751 qritas
1275 691 1336 749 qnia
1352 673 1522 749 praeditus
1537 673 1601 753 tuit
1619 674 1727 737 Adam
1745 695 1840 754 quum
1861 681 1944 738 recta
1965 677 2133 757 'in-tollique·

121 761 275 837 uterenqne
300 759 432 821 stetisset
455 758 563 821 Adam
591 759 723 840 irdeqer,
753 756 897 821 Christus
924 762 1027 819 tamen
1053 757 1103 837 fn-
1155 757 1202 818 tia
1217 756 1360 833 polleret,
1391 759 1517 837 attentus
1545 758 1667 823 lralrcret
1694 763 1875 839 corrqrositos
1901 762 1944 824 ad
1971 763 2131 840 rationem,

123 847 216 905 turus
236 843 336 923 suerit
357 842 452 908 horno.
494 843 564 922 Ita,
587 847 754 910 secundum
775 863 859 919 enne,
888 862 1000 921 corpus
1022 843 1103 922 quod
1155 859 1266 904 sensies
1288 862 1390 904 onnus
1411 849 1491 906 recto
1513 845 1621 907 ordine
1642 850 1835 925 temperatos,
1860 867 1984 926 vereque
2006 848 2134 912 ieiunis

122 929 313 994 destinatam
341 934 409 992 erat
429 928 567 1007 Oliristo,
596 931 757 1009 exemplar
785 950 822 994 ac
842 934 934 1009 typus
954 929 1019 1009 fuit
1040 948 1103 991 eor-
1155 925 1276 989 dotibus
1297 928 1417 1006 opificis
1438 931 1490 991 sui
1513 930 1725 994 excellentiam
1746 932 1882 1012 referret.
1916 935 1965 995 Ac
1987 935 2133 1012 quamuis

118 1033 238 1094 porcae
260 1014 350 1077 illius
370 1014 493 1096 {iqurae
515 1035 595 1095 qnae
616 1021 688 1080 tunc
708 1017 846 1097 formata
866 1015 937 1095 duit.
968 1013 1029 1077 Sed
1050 1013 1103 1077 ubi
1150 1012 1316 1091 primario
1350 1013 1435 1076 sedes
1463 1015 1588 1078 diuinae
1616 1018 1766 1098 iniaqinis
1793 1017 1893 1097 feeerit
1920 1019 1954 1081 in
1981 1025 2078 1082 aurite
2104 1024 2134 1084 et

123 1100 257 1179 reperiet
288 1099 448 1164 Christum
480 1102 616 1180 spiritus
649 1122 714 1167 esse
746 1102 939 1183 imaqinem?
986 1100 1104 1163 Fateor
1156 1096 1259 1174 corde,
1292 1098 1339 1160 oel
1371 1100 1406 1161 in
1434 1101 1543 1164 anima
1571 1102 1696 1181 eiusque
1718 1105 1884 1181 potentiis,
1912 1104 2003 1167 nulla
2031 1110 2134 1168 tannen

122 1191 202 1249 certe
235 1186 270 1248 iu
302 1186 486 1249 nruiiatoris
508 1207 648 1265 persona
679 1189 779 1252 lucere
807 1188 900 1250 totius
924 1186 1105 1250 diuinitatis
1150 1202 1234 1260 pars
1259 1183 1324 1262 tuit
1350 1186 1444 1247 etiarn
1472 1206 1567 1266 usqne
1589 1187 1632 1250 ad
1653 1207 1780 1266 eorpus,
1814 1189 1850 1251 in
1877 1210 1939 1269 qua
1967 1192 2133 1254 eureseim

120 1272 273 1355 qloriam,¹
300 1273 354 1334 sed
373 1272 520 1350 quomodo
542 1293 642 1336 sermo
664 1279 809 1337 aeternus
829 1272 987 1335 uocabitur
1008 1271 1104 1350 spiri
1156 1267 1244 1330 tillae
1266 1269 1393 1348 aliquae
1415 1272 1572 1335 eirenen.
1614 1270 1738 1336 Certum
1760 1280 1804 1336 est
1826 1276 1861 1337 in
1882 1277 2018 1359 sirrqrelis
2039 1277 2134 1340 etiam

122 1363 175 1420 tus
196 1357 307 1439 inape,
332 1378 421 1437 quern
443 1358 551 1422 ordine
566 1359 753 1437 praecedit?
794 1358 937 1438 Demque
957 1358 1103 1420 coemam
1155 1353 1265 1416 milredi
1293 1356 1444 1432 partibus
1474 1359 1593 1439 tulqerc
1620 1359 1806 1422 lineamenta
1834 1362 1987 1439 quaedam
2013 1362 2134 1443 qloriae

124 1444 206 1506 inter
226 1442 330 1521 silium
353 1449 380 1505 et
401 1445 549 1522 spiritum
570 1445 742 1520 distinctio,
771 1445 801 1507 si
822 1445 872 1506 irie
894 1443 986 1506 illuni
1007 1443 1103 1505 3333-
1155 1438 1219 1501 Dei
1226 1463 1236 1517 ;
1264 1440 1344 1503 nimie
1372 1443 1511 1523 colliqoro
1540 1444 1622 1521 licet,
1650 1444 1705 1506 uli
1728 1444 1904 1509 innomine
1926 1449 2045 1511 locatur
2066 1449 2135 1512 eius

123 1532 174 1591 net
195 1548 287 1592 snam
307 1529 484 1610 imaqinem.
529 1530 584 1594 Aa
605 1530 678 1594 laec
701 1532 781 1594 scire
803 1550 841 1593 ee
863 1549 897 1592 eo
917 1529 1009 1592 oelirn
1031 1549 1103 1607 qua
1156 1524 1268 1606 33333,
1288 1527 1416 1589 taedam
1429 1529 1549 1592 subesse
1568 1529 1747 1607 antithesin,
1766 1552 1846 1611 quae
1863 1533 2016 1595 hominene
2033 1554 2134 1612 supra

122 1613 212 1677 niodo
236 1613 381 1678 Oliristns
409 1616 444 1678 iu
471 1636 565 1678 carrio
592 1637 686 1696 quam
715 1617 820 1680 induit
840 1616 989 1694 spiritmn
1015 1633 1104 1677 sanc-
1157 1610 1242 1672 alias
1275 1631 1377 1676 333333
1409 1620 1571 1678 creaturas
1604 1616 1746 1692 extollat,
1780 1622 1808 1679 et
1840 1619 1932 1697 qnasi
1959 1624 2082 1697 separet
2111 1639 2133 1683 3

122 1705 190 1763 turn
211 1699 344 1779 referat,
374 1706 402 1763 et
424 1701 536 1779 quiores
557 1703 639 1764 notis
660 1703 709 1766 nel
731 1702 926 1766 lineamentis
947 1701 1104 1779 exprimat
1155 1695 1253 1776 orilqo.
1300 1697 1405 1777 Neque
1427 1721 1497 1763 aero
1519 1701 1694 1782 ruqandnrn
1715 1707 1773 1778 est,
1796 1704 1921 1784 anqelos
1942 1702 1984 1766 acl
2006 1703 2070 1767 Dei
2090 1706 2133 1768 si-

122 1786 192 1849 eius
220 1786 466 1850 similitudinem.
512 1786 556 1849 Et
587 1809 683 1866 quum
712 1786 776 1867 filii
809 1807 925 1867 qaoque
947 1797 1103 1864 personae
1156 1781 1366 1845 militudinem
1388 1791 1507 1849 creatos
1528 1806 1606 1862 esse,
1635 1787 1759 1866 quondo
1787 1808 1909 1851 summa
1931 1794 2039 1853 nostra
2058 1810 2133 1869 pon

122 1891 224 1935 serino
245 1871 312 1934 ille:
333 1871 492 1951 sociamus
512 1872 679 1942 dorni-reem,
703 1879 753 1937 eto.
778 1872 878 1955 (Gon.
902 1872 1004 1953 1,26)
1027 1891 1103 1933 corn
1154 1866 1253 1946 fodio,
1277 1872 1349 1958 teste
1373 1867 1496 1934 Cliristo
1519 1871 1655 1954 (Matth.
1674 1876 1724 1948 22,
1745 1875 1814 1954 30),
1841 1876 1901 1937 erit
1922 1875 2042 1938 similes
2063 1876 2132 1940 illis

123 1957 232 2020 neronis
263 1957 319 2031 sit,
354 1977 423 2020 eum
447 1960 500 2021 sni
527 1960 631 2036 ipsius
659 1960 828 2041 imaqinem
854 1959 995 2038 sequitur
1022 1977 1103 2020 esse:
1153 1950 1233 2030 fieri.
1280 1954 1341 2016 seo
1366 1976 1427 2018 uon
1453 1957 1580 2044 frustra
1595 1957 1754 2036 peculiari
1779 1959 1832 2022 lioc
1853 1961 1949 2041 eloqio
1971 1959 2035 2024 Dei
2057 1982 2132 2044 erqo

123 2043 212 2124 qnod¹
229 2042 267 2105 ab
286 2045 371 2106 omni
397 2045 518 2107 ratione
546 2044 695 2108 abliorret.
741 2045 833 2108 Addo
855 2045 936 2124 qnod
955 2065 1017 2107 non
1038 2043 1104 2105 nisi
1156 2057 1212 2100 nos
1227 2040 1368 2120 qratiam
1389 2043 1578 2106 corurrrendat
1601 2042 1720 2122 Moses·
1736 2047 1927 2123 praesertim
1944 2066 2039 2125 quum
2056 2048 2131 2111 oisi-

123 2129 167 2192 acl
192 2126 311 2192 Olrristi
332 2128 468 2192 literninis
489 2135 596 2210 ippum
616 2130 663 2194 oel
685 2131 845 2209 exemplar
865 2131 1020 2211 formatus
1040 2129 1105 2209 fuit
1155 2123 1232 2186 biles
1254 2129 1376 2188 tardam
1397 2132 1560 2191 creaturus
1581 2128 1699 2192 iteruin-i
1720 2137 1882 2209 eonqraret.

123 2213 220 2291 horno,
243 2215 273 2277 si
294 2215 445 2293 recipitur
467 2214 619 2278 Osiandri
635 2216 830 2298 Jiqnientunu
851 2222 942 2295 atque
963 2218 1010 2278 ita
1032 2214 1104 2278 idea
1243 2216 1271 2272 4.
1319 2211 1466 2275 Nondum
1487 2219 1590 2277 tanun
1611 2215 1687 2277 data
1708 2235 1772 2279 esse
1795 2217 1916 2280 videtur
1931 2217 2028 2296 plena
2050 2219 2130 2283 ima·

124 2320 163 2364 ea
191 2320 254 2380 qua
280 2305 425 2380 sumptus
452 2306 496 2365 est
522 2301 645 2377 Adam,
673 2303 736 2382 tuit
767 2300 923 2379 Christus,
952 2305 1105 2380 quatenns
1153 2297 1240 2378 pinis
1262 2295 1418 2375 definitio,
1445 2300 1509 2362 nisi
1531 2301 1652 2364 elarius
1667 2306 1777 2379 pateat
1799 2303 1909 2383 quilius
1929 2303 2132 2383 facultatibus

108 2385 300 2450 ..vestiendus
321 2407 415 2449 canu
428 2392 513 2465 3333,-
534 2408 630 2467 33333
647 2389 806 2466 scriptura
824 2388 910 2469 iniqu
928 2389 993 2451 alio
1010 2405 1104 2449 sensu
1150 2382 1323 2461 praecellat
1355 2382 1456 2462 luno,
1489 2390 1516 2448 et
1548 2386 1660 2465 quibus
1692 2388 1850 2466 speculum
1879 2389 1997 2451 censeri
2026 2389 2132 2455 debeat

125 2471 228 2535 clueat
249 2491 319 2534 eum
340 2473 375 2535 in
397 2473 533 2554 imaqine
563 2472 626 2536 Dei
650 2478 785 2536 creatum
804 2493 877 2537 esse.
922 2472 1004 2536 Plus
1025 2472 1099 2535 colo
1153 2469 1286 2550 qloriae.
1301 2468 1373 2532 Ilei.
1417 2468 1459 2532 Id
1489 2492 1558 2534 nero
1585 2492 1647 2534 non
1676 2473 1804 2538 aliu-rnle
1831 2475 1943 2538 nulius
1971 2495 2066 2554 quarn
2092 2496 2131 2539 33
2169 2551 2175 2558 ο

124 2559 174 2621 ris
194 2557 283 2620 leobet
300 2577 404 2620 eorum
422 2559 559 2639 arqutia,
582 2561 637 2639 qui
654 2565 817 2638 seponunt,
841 2559 948 2623 Adam
966 2563 1103 2621 creatum
1154 2555 1354 2633 reparatione
1380 2562 1544 2636 corruptae
1572 2562 1705 2621 necturae
1735 2561 1873 2642 coquosci
1889 2565 1999 2639 potest.
2048 2562 2131 2641 Quin

122 2643 223 2724 fecisse
245 2644 281 2705 in
303 2644 441 2725 imaqiae
469 2644 548 2720 Ilei,
577 2646 653 2724 quia
675 2643 812 2723 Christo,
842 2647 897 2724 qui
923 2645 1019 2707 urtica
1040 2643 1104 2706 Dei
1155 2640 1272 2717 Adam,
1295 2640 1348 2703 uli
1368 2642 1483 2705 excindit
1505 2644 1642 2725 eqradu
1663 2664 1733 2721 suo,
1756 2644 1814 2708 trac
1834 2646 1997 2726 defectione
2020 2669 2040 2710 3
2063 2646 2131 2711 Deo

123 2729 228 2810 imaqo
250 2733 307 2806 est,
336 2728 434 2808 suerii
456 2732 631 2810 uniformis.
678 2730 739 2794 Sed
768 2732 803 2793 in
826 2752 864 2794 ea
884 2750 1000 2810 quoque
1023 2728 1103 2792 nillil
1154 2726 1311 2790 aliermtus
1336 2727 1379 2789 sit
1407 2729 1535 2791 niiuime
1556 2729 1685 2792 dubitem
1705 2736 1756 2794 est.
1805 2734 1908 2811 Quare
1930 2734 1988 2795 etsi
2010 2726 2127 2811 clericus,

124 2819 169 2879 est
190 2814 334 2877 solidum.
368 2814 554 2895 Disputatio
576 2818 670 2880 usion
692 2837 754 2880 non
769 2838 878 2897 parea
899 2821 944 2880 est
965 2815 1002 2878 de
1023 2816 1101 2878 ima
1154 2831 1215 2874 non
1230 2832 1368 2891 prorsus
1394 2814 1591 2877 enirmnitam
1618 2835 1655 2878 ac
1676 2817 1808 2881 deletam
1836 2818 1870 2880 in
1891 2838 1924 2880 eo
1945 2818 2044 2897 fuisse
2066 2818 2131 2882 Dei

122 2901 194 2983 qine
215 2906 243 2964 et
263 2900 480 2981 similitudine,
502 2902 577 2966 duni
598 2902 781 2982 eruemrens
797 2903 1005 2983 differentiam
1023 2919 1103 2982 quae
1153 2898 1330 2979 imaqinern,
1352 2898 1398 2961 sic
1418 2903 1520 2962 tannen
1542 2907 1688 2981 corrupta
1704 2903 1775 2983 fuit,
1798 2908 1832 2966 ut
1850 2903 2003 2984 quidquid
2020 2924 2130 2983 super·

123 2985 213 3050 nullo
234 2991 294 3063 est,
323 2987 405 3049 ieter
431 2987 514 3135 dufe
534 2989 614 3052 istas
635 3008 720 3052 ooces
741 2993 909 3067 quaeruut,
935 2988 1001 3051 nisi
1021 2985 1102 3068 quod
1153 2988 1211 3062 est,
1240 2983 1396 3047 lrorrenda
1426 2986 1469 3048 sit
1499 2986 1688 3066 33333333.
1743 2987 1875 3068 Ideoque
1901 2990 2131 3067 reciperandae

121 3072 296 3136 similitudo
318 3074 382 3136 oiee
401 3074 604 3153 expositionis
626 3075 738 3139 addita
759 3081 810 3137 ast.
855 3073 965 3137 Primo
985 3076 1102 3137 scimus
1153 3071 1268 3135 salutis
1285 3069 1372 3132 realis
1388 3071 1515 3134 initium
1533 3077 1577 3135 est
1594 3072 1629 3134 in
1646 3094 1683 3136 ea
1701 3074 1929 3138 instauratione
1950 3096 2045 3153 quam
2062 3095 2131 3140 con-

123 3158 277 3223 Helrraeis
299 3160 394 3222 tritas
414 3178 479 3222 esse
499 3161 694 3238 repetitiones
714 3160 826 3240 quihus
846 3180 913 3223 rem
934 3179 1033 3223 unam
1054 3159 1102 3222 bis
1153 3157 1313 3237 sequimur
1333 3176 1395 3235 per
1419 3155 1592 3236 Christum,
1620 3160 1675 3237 qui
1701 3160 1796 3224 etiam
1824 3160 1881 3223 lroc
1905 3161 1941 3223 de
1963 3181 2059 3224 causa
2080 3183 2129 3226 eo·

121 3244 296 3324 explicant,
317 3245 429 3309 deinde
450 3246 485 3307 in
507 3247 632 3324 reipsa
648 3246 738 3310 nulla
755 3251 799 3310 est
817 3246 1006 3327 arnhiquitas
1024 3243 1104 3326 quin
1153 3249 1241 3305 catur
1259 3241 1412 3304 secundus
1433 3242 1555 3320 Adam,
1584 3245 1660 3323 quia
1687 3266 1743 3309 nos
1764 3247 1799 3309 in
1820 3267 1926 3310 ueram
1947 3251 1975 3309 et
1994 3245 2130 3311 solidam

122 3329 188 3394 Dei
222 3331 325 3411 irnaqo
357 3331 531 3394 nominetur
563 3331 665 3409 leoena,
699 3333 777 3412 qnia
804 3332 872 3395 Deo
900 3333 1018 3396 similis
1049 3333 1100 3396 est.
1152 3329 1359 3410 inteqritatem
1378 3329 1522 3391 restituit.
1567 3332 1716 3409 Quamuis
1736 3332 1819 3395 enim
1840 3332 2046 3411 vivificantem
2066 3333 2130 3412 spi-

130 3415 219 3481 Uude
231 3415 381 3483 ridiculos
398 3437 463 3480 esse
481 3423 624 3498 apparet,
642 3420 696 3498 qui
713 3419 861 3484 subtilius
876 3417 1101 3497 pliilosoplran»
1152 3415 1250 3478 ritum
1267 3433 1326 3493 quo
1343 3412 1499 3477 donantm
1515 3437 1536 3477 a
1557 3412 1681 3480 Cluisto
1696 3416 1811 3497 fideles,
1831 3437 1985 3498 opponens
2005 3417 2130 3484 Paulus

121 3507 176 3564 tur
195 3501 231 3562 in
252 3501 427 3564 riuninilns
447 3502 527 3581 illis,
550 3505 616 3568 sine
640 3503 758 3582 Zelein,
781 3503 835 3568 loc
856 3509 900 3568 est
921 3505 1099 3586 imaqinem,
1153 3502 1184 3581 (l
1208 3499 1281 3564 Cor.
1312 3501 1365 3576 15,
1391 3504 1448 3582 45)
1475 3502 1601 3565 animae
1628 3502 1742 3567 nicenti
1760 3504 1807 3567 'in
1834 3524 1897 3583 qua
1925 3508 2047 3567 creatus
2066 3505 2131 3585 suit

120 3590 265 3650 stotrmnt
286 3586 321 3648 in
342 3586 517 3652 substantia
538 3591 677 3669 animae,
700 3589 898 3668 etDemutli,
920 3589 975 3654 lioc
994 3595 1038 3654 est
1058 3591 1101 3652 si-
1152 3586 1275 3663 Adam,
1304 3585 1475 3649 uberiorem
1493 3587 1617 3668 qratiae
1638 3608 1819 3654 mensuram
1846 3590 1881 3653 in
1903 3591 2130 3672 reqeneratione

121 3671 348 3746 militudinem,
371 3673 406 3734 in
428 3675 645 3756 qualitatibus,
673 3678 739 3740 sioe
761 3677 851 3741 aliud
872 3677 1030 3740 diuersum
1052 3675 1100 3756 as·
1152 3671 1343 3749 commentat,
1365 3691 1427 3734 non
1448 3677 1549 3735 tamen
1571 3674 1704 3738 adenem
1726 3676 1808 3741 illud
1829 3680 1923 3755 capnt
1940 3675 2027 3753 tollit,
2049 3676 2131 3739 lianc

120 3759 234 3838 serant.
283 3757 366 3836 Quia
394 3758 447 3820 uli
475 3758 563 3823 Ileus
593 3762 746 3826 learniriem
774 3782 880 3826 creare
907 3762 1039 3827 decrevit
1064 3763 1100 3824 in
1152 3758 1393 3842 reqeucratiouis
1420 3778 1485 3822 osse
1509 3758 1618 3837 tirrano,
1648 3766 1683 3824 ut
1710 3782 1767 3825 nos
1789 3760 1934 3826 Christus
1953 3762 1996 3824 ad
2018 3762 2130 3842 333333-

122 3845 260 3926 imaqiree
277 3864 346 3921 333,
369 3843 451 3922 quod
469 3851 537 3908 erat
558 3847 724 3926 obscenius,
748 3850 896 3931 eaeqetice
913 3850 1021 3928 repetit
1042 3847 1100 3912 liae
1151 3866 1220 3908 nem
1240 3843 1307 3906 Dei
1331 3844 1483 3922 reformet.
1528 3844 1640 3925 [taque
1666 3846 1743 3911 aliid
1770 3868 1881 3911 333333
1908 3845 2129 3910 133333333-

119 3929 295 4009 particula,
324 3930 367 3993 ad
388 3929 634 3996 similitudinem.
681 3935 781 4014 Quasi
808 3936 920 4000 diceret
948 3934 1100 3998 sodomi
1152 3931 1264 3995 iuuari
1296 3930 1378 3993 docet
1415 3930 1583 3994 secundum
1622 3933 1792 4015 imaqinem
1824 3934 1893 3996 eius
1925 3933 1980 4010 qui
2013 3933 2130 3996 creauit

122 4035 192 4078 nene
222 4016 396 4096 sedarum,
431 4016 466 4077 in
494 4036 552 4096 quo
582 4040 615 4082 se
646 4021 752 4099 ipsum
783 4020 864 4085 uelut
896 4023 931 4085 iu
962 4021 1100 4103 imaqine
1151 4018 1252 4083 illurn.
1299 4015 1360 4080 Cui
1386 4017 1547 4096 respondet
1567 4017 1663 4082 illud:
1692 4018 1811 4082 irnlnite
1838 4038 1949 4082 333333
1977 4019 2130 4082 lrominem

121 4106 379 4181 repraesentaret,
402 4106 535 4181 propter
562 4093 732 4186 inscrdptas
759 4107 980 4172 similitudinis
1001 4112 1098 4170 notas.
1151 4106 1206 4186 qui
1222 4102 1389 4168 secundnm
1402 4102 1506 4166 Deum
1522 4109 1644 4168 creatus
1661 4109 1705 4167 est
1722 4104 1822 4188 (Eph.
1835 4111 1864 4180 4,
1879 4108 1919 4166 23
1928 4128 1936 4183 ;
1956 4103 2024 4169 Col.
2041 4109 2068 4179 3,
2083 4103 2126 4187 9).

123 4186 235 4268 Itaqree
254 4186 360 4252 Moses
376 4187 478 4266 paulo
493 4194 568 4267 post
584 4191 666 4253 idem
683 4193 825 4269 recitans,
848 4195 1019 4276 imaqinern
1036 4192 1100 4257 Dei
1152 4191 1226 4254 lain
1248 4189 1414 4254 uidendum
1436 4194 1493 4266 est,
1524 4189 1601 4271 qnid
1619 4190 1758 4254 manime
1778 4191 1835 4254 sul
1854 4190 1912 4254 dac
1933 4191 2129 4255 renovatione

122 4273 298 4352 disponit,
331 4275 448 4338 omissa
474 4275 695 4340 similitudinis
726 4280 884 4343 nuatione.
935 4279 1099 4343 Friuolmn
1151 4275 1384 4357 mamrelundat
1407 4273 1539 4340 Paulus.
1585 4274 1698 4340 Priore
1725 4275 1788 4341 loco
1815 4277 2004 4358 apriitionem
2026 4277 2127 4354 pouit,

122 4363 225 4421 autern
247 4364 290 4423 est
312 4361 393 4439 quod
414 4360 519 4423 obiicit
544 4362 712 4438 Osiarider,
741 4385 803 4428 non
824 4366 888 4429 dici
901 4371 1028 4445 partem
1048 4364 1102 4447 leo¹
1151 4364 1247 4427 altero
1272 4367 1374 4427 aretem
1400 4363 1555 4426 simeram
1577 4363 1732 4426 iustitiam
1761 4368 1788 4425 et
1810 4363 2017 4437 sanctita-tem,
2046 4361 2127 4425 uredo

121 4445 227 4523 minu,
251 4446 297 4508 nel
319 4447 461 4510 animani
483 4466 552 4510 cum
574 4449 643 4510 suis
664 4448 799 4526 dotibus,
828 4451 996 4532 imaqinem
1017 4449 1098 4529 aei,-
1150 4450 1326 4531 colliqimus
1354 4448 1523 4529 imaqinem
1552 4447 1615 4511 Dei
1643 4449 1734 4511 initio
1766 4450 1801 4511 in
1832 4448 1897 4511 luce
1930 4447 2057 4523 neentis,
2091 4447 2127 4510 iu

120 4532 175 4594 sed
197 4535 290 4594 totmu
311 4532 435 4610 Adam,
462 4534 513 4595 cui
538 4553 648 4596 reonnn
674 4555 695 4596 a
722 4538 820 4610 terra,
847 4538 930 4600 urnle
957 4543 1099 4616 seiumtus
1150 4535 1253 4599 cordis
1280 4535 1476 4611 rectitudine,
1499 4535 1704 4614 partiumque
1730 4535 1868 4596 omniurn
1895 4534 2030 4595 sanitate
2058 4551 2126 4596 333-

120 4621 177 4692 est,
206 4618 384 4696 impositum
409 4618 481 4698 suit.
525 4618 704 4696 Frivolnm,
727 4621 873 4699 iriquanr,
901 4623 974 4686 sani
995 4642 1098 4686 oneres
1149 4623 1292 4702 spicuam
1319 4622 1419 4700 tuisse
1442 4619 1504 4682 Dei
1531 4622 1706 4701 ⁴iniaqinem.
1754 4622 1938 4698 Quanquam
1967 4618 2049 4681 enim
2075 4619 2126 4699 fa·

120 4700 245 4767 lectores
271 4703 324 4766 leoc
351 4704 543 4768 iudicabunt.
589 4705 677 4769 Nam
702 4705 779 4768 dum
806 4708 950 4771 mortalis
971 4713 1097 4771 uocatur
1149 4715 1212 4773 teor
1244 4705 1477 4788 synecdochicos
1507 4727 1571 4770 esse
1603 4705 1745 4785 loquendi
1775 4704 1909 4784 tmnms,
1942 4725 2002 4768 333
2024 4709 2126 4784 potest

120 4791 200 4852 totus
218 4788 314 4863 13333,
337 4810 399 4853 non
420 4791 488 4854 ideo
509 4793 602 4854 uniti
622 4792 790 4856 sreliuitur
807 4793 933 4870 aninlo,
955 4813 1009 4857 nec
1028 4814 1097 4857 rur·
1149 4800 1251 4865 tamen
1271 4792 1471 4873 principium
1497 4790 1551 4856 lioc
1578 4792 1718 4868 conuelli,
1752 4790 1835 4871 quod
1867 4791 1902 4854 in
1930 4792 2125 4855 renovatione

121 4893 191 4937 snm
214 4875 267 4937 uli
288 4875 405 4939 dieitur
421 4877 544 4940 animal
561 4878 724 4955 rationale,
748 4877 816 4940 ideo
833 4879 868 4941 in
886 4896 997 4958 corpus
1014 4881 1097 4943 ratio
1149 4881 1301 4963 imuqinis
1323 4877 1399 4941 Dei·
1404 4879 1612 4959 praecipuum
1634 4885 1686 4955 est,
1709 4879 1744 4940 in
1765 4879 1837 4957 ipsa
1859 4878 1954 4941 etiam
1975 4879 2127 4942 creatione

122 4960 168 5023 nel
195 4960 400 5043 iutelliqentia
427 4963 576 5041 competit.
623 4963 773 5045 Quantus
801 4984 873 5046 erqo
900 4966 1021 5028 anima¹
1036 4986 1097 5029 non
1149 4968 1283 5030 tenuisse
1301 4985 1456 5029 surnrnum
1476 4966 1618 5046 pradum.
1653 4964 1772 5028 Eodem
1791 4965 1927 5045 pertinet
1948 4964 2028 5044 quod
2050 4962 2127 5028 alilri

121 5046 163 5108 sit
184 5045 286 5124 homo,
315 5047 487 5111 alaudam
513 5053 617 5113 tamen
643 5071 705 5114 non
726 5053 785 5128 est,
814 5071 884 5115 eum
906 5051 1031 5116 arrianae
1051 5072 1098 5115 re
1150 5053 1248 5116 tradit
1270 5054 1304 5135 (2
1324 5052 1397 5115 Cor.
1420 5055 1447 5128 3,
1471 5052 1533 5134 18),
1557 5070 1613 5112 nos
1635 5051 1770 5115 reuelato
1785 5049 1869 5130 facie
1883 5050 2018 5131 pluriam
2038 5049 2126 5113 Cirri-

121 5137 223 5211 spectu
255 5134 361 5197 ooeari
389 5133 453 5198 Dei
484 5135 670 5217 imaqinem;
701 5135 760 5199 etsi
785 5138 985 5217 principium
1018 5137 1098 5218 quod
1148 5140 1192 5202 sti
1219 5139 1426 5217 speculantes,
1460 5138 1495 5199 in
1527 5136 1654 5201 curulem
1690 5138 1860 5220 imaqinem
1892 5135 2124 5216 transformari.

120 5238 220 5298 nuper
246 5219 343 5298 posui
375 5220 505 5298 retineo,
532 5227 642 5303 patere
668 5221 734 5285 Dei
760 5222 895 5306 effipiam
927 5224 970 5289 ad
1003 5228 1097 5288 totam
1157 5224 1304 5288 Videnues
1323 5243 1404 5330 nunc
1421 5221 1612 5287 utClrristus
1627 5223 1860 5304 perfectissimo
1876 5223 1919 5284 sit
1931 5219 1994 5284 Dei
2007 5222 2124 5304 ineam,
