4672 5842
159 313 224 375 985
498 312 589 409 LIB.
613 312 673 378 IV.
717 314 781 379 DE
804 313 1042 380 EXTERNIS
1065 310 1233 378 MEDIIS
1255 312 1321 378 AD
1345 310 1573 381 SALUTEM
1620 314 1718 380 OAP.
1741 313 1837 380 XVI.
2113 321 2175 384 986

160 522 222 586 pro
245 510 390 583 tempore
412 502 603 580 contineret,
625 502 790 584 peculium
812 524 909 566 suum
931 510 964 568 et
984 503 1144 585 populum
1169 511 1172 663 Ι
1196 521 1261 563 non
1294 502 1426 584 penitus
1461 503 1500 566 ab
1535 524 1648 567 eorum
1682 512 1779 587 gente
1818 503 1957 568 coelestis
1993 505 2176 572 benedictio

164 587 359 669 amuisitum
391 585 527 652 dicebat.
565 587 618 652 Ad
642 588 827 653 testandam
851 588 1008 653 eiusmodi
1038 588 1145 669 becefi·
1197 584 1396 669 demigrarit.
1438 586 1513 668 Qua
1530 590 1658 654 ratione
1675 590 1749 654 illos
1766 589 1946 672 quamlibet
1968 598 2176 661 contumaces

162 675 296 738 centiam
324 674 398 737 cloto
427 674 490 754 suit
519 674 735 752 circumcisio,
759 676 852 739 cuius
876 675 1026 759 symbolo
1049 674 1143 738 doce-
1197 692 1234 736 ac
1256 672 1460 755 foedifragos,
1492 683 1622 740 sanctos
1652 675 1864 741 nihilominus
1892 675 2042 759 appellat.
2088 677 2177 742 Tan·

162 769 281 824 rentur
303 757 431 837 Iudaei,
460 759 571 823 Deum
605 760 667 824 sibi
699 781 769 825 esse
802 761 917 825 solatis
949 760 1144 843 praesidem.v
1196 766 1268 821 tum
1292 758 1425 823 honoris
1444 759 1549 824 defert
1571 769 1703 826 sanctae
1725 762 1939 845 generationi,
1962 781 2063 845 quam
2083 763 2177 829 Deus

164 845 241 926 Qua
264 845 454 929 cognitione
475 847 510 909 in
534 866 627 927 spem
649 846 735 910 vitae
758 854 911 911 aeternae
933 847 1144 930 erigebantur
1197 863 1288 908 sacro
1322 866 1380 909 suo
1414 846 1542 910 foedere
1577 846 1732 930 dignatus
1765 849 1880 913 fuerat.
1926 849 1995 913 Nos
2017 870 2111 927 vero,
2147 851 2176 913 si

164 953 278 997 eorum
307 932 416 994 animi.
463 930 553 1012 Quid
582 932 670 996 enirn
700 932 888 996 defuturum
917 941 968 997 est
994 934 1025 998 ei
1047 948 1145 1015 quern
1169 900 1172 1047 )
1197 930 1355 994 cumillis
1378 953 1625 1014 componamur,
1647 933 1739 998 velut
1765 934 1973 1017 posthumos‚
1997 936 2177 1000 autetiam

164 1016 266 1083 semel
298 1018 332 1080 in
367 1017 464 1081 fidem
493 1019 585 1082 Deus
620 1018 800 1099 acceperit?
832 1015 945 1098 Quare
977 1019 1145 1101 apostolus
1169 1054 1172 1061 ·
1198 1017 1362 1081 abortivos
1384 1015 1540 1082 Abrahae
1561 1018 1659 1098 filios,
1682 1019 1779 1102 idque
1808 1020 1997 1102 adoptione,
2022 1042 2089 1084 non
2117 1043 2176 1087 na-

165 1105 326 1187 (Romt,
349 1105 404 1186 10)
427 1104 623 1185 probaturus
646 1104 785 1187 gentiles
818 1126 886 1169 uua
918 1126 993 1170 cum
1014 1103 1145 1169 Iudaeis
1170 1096 1172 1169 1
1198 1109 1280 1167 tura.
1315 1101 1599 1183 Quemadmodum
1621 1105 1649 1170 si
1667 1105 1831 1170 defractus
1852 1127 1949 1171 esua
1967 1106 2083 1170 arbore
2103 1129 2175 1172 snr-

164 1211 235 1254 esse
253 1189 408 1254 Abrahae
430 1189 523 1267 filios,
542 1190 576 1252 in
596 1190 682 1254 hano
703 1191 841 1253 formam
860 1190 1017 1273 loquitur:
1038 1188 1145 1254 Abra·
1169 1180 1172 1213 ¹
1197 1189 1291 1254 culus
1306 1190 1341 1253 in
1360 1189 1502 1253 alienum
1522 1191 1667 1273 stipitem
1683 1192 1856 1257 inseratur.
1892 1192 1983 1276 Ergo
2002 1213 2064 1257 sua
2080 1214 2175 1274 prae-

165 1277 253 1353 ham,
277 1275 391 1358 inquit,
415 1274 479 1339 fide
496 1275 692 1341 iustificatus
710 1277 773 1340 fuit
790 1276 828 1339 in'
843 1276 1021 1359 praeputio.
1063 1277 1146 1341 Post
1170 1278 1172 1355 )
1197 1275 1344 1357 rogativa
1377 1296 1420 1338 no
1455 1275 1704 1354 fraudarentur,
1734 1277 1942 1360 evangelium
1970 1278 2037 1343 illis
2070 1279 2176 1361 primo

164 1363 298 1445 signum
321 1362 445 1443 accepit
473 1361 744 1437 circumcisionis,
774 1361 920 1446 sigillum
941 1362 1084 1427 iustitiae
1106 1364 1145 1426 fi·
1170 1362 1172 1403 5
1197 1360 1268 1425 loco
1290 1361 1480 1425 annuntiari
1498 1364 1649 1444 oportuit.
1690 1361 1778 1428 Sunt
1799 1364 1887 1428 enim
1909 1364 1944 1427 in
1962 1365 2027 1430 Dei
2050 1364 2176 1429 familia

165 1447 227 1525 dei,
252 1455 290 1511 ut
311 1454 405 1529 pater
429 1456 515 1511 esset
536 1449 681 1511 omnium
705 1447 851 1512 fidelium
873 1457 907 1512 et
927 1449 1089 1532 praeputii
1113 1422 1173 1517 eti
1198 1447 1289 1511 velut
1307 1447 1525 1532 primogeniti.
1563 1447 1674 1529 Quare
1697 1449 1751 1514 hic
1774 1448 1879 1514 honor
1896 1449 2091 1514 deferendus
2110 1451 2175 1516 illis

165 1533 438 1611 circumcisionis,
470 1555 536 1597 non
570 1554 683 1597 corum
717 1536 773 1616 qui
807 1534 875 1598 sola
902 1534 1145 1599 circumcisione
1170 1530 1172 1601 1
1197 1533 1267 1610 fuit,
1290 1533 1392 1597 donec
1414 1532 1558 1598 oblatum
1584 1537 1782 1612 reiecerunt,
1804 1544 1837 1600 et
1859 1557 1919 1600 sua
1941 1536 2176 1618 ingratitudine

165 1620 367 1704 gloriantem,
401 1619 458 1684 sed
489 1620 545 1701 qui
578 1626 761 1702 sequuntur
792 1620 892 1684 fidem
924 1640 1021 1703 quam
1053 1629 1147 1703 pater
1170 1616 1173 1637 ¹
1198 1618 1386 1697 effecerunt,
1416 1627 1455 1683 ut
1476 1620 1517 1684 ad
1542 1630 1655 1703 gentes
1681 1621 1916 1687 traduceretur.
1961 1621 2076 1703 Neque
2098 1643 2176 1686 vero

164 1715 280 1771 noster
301 1705 471 1789 Abraham
493 1706 530 1768 in
552 1706 724 1788 praeputio
747 1704 870 1770 habuit.
911 1708 1033 1771 Annon
1055 1706 1146 1771 ride-
1170 1664 1173 1789 )
1198 1711 1446 1787 quantacunque
1470 1707 1672 1771 contumacia
1694 1730 1769 1773 cum
1791 1707 1960 1790 evangelio
1978 1706 2103 1771 bellum
2119 1729 2175 1790 ge-

165 1813 242 1857 mus
263 1791 422 1874 dignitate
443 1800 598 1874 utrosque
617 1791 812 1874 adaequari?
851 1793 937 1856 Nam
957 1791 998 1856 ad
1017 1801 1146 1876 tempus
1171 1792 1173 1809 '
1198 1811 1270 1854 rere
1293 1792 1484 1871 persistant,
1508 1791 1581 1856 ideo
1607 1803 1716 1858 tamen
1739 1794 1833 1858 nobis
1855 1801 1933 1858 eunt
1960 1790 2159 1875 despiciendi
2166 1817 2176 1874 ;

165 1879 231 1943 Dei
259 1877 387 1942 decreto
422 1878 639 1942 constitutum
688 1886 759 1941 ater
785 1879 849 1942 fuit
881 1879 1144 1944 circumcisionis.
1170 1885 1173 1979 p
1198 1877 1227 1940 si
1259 1885 1456 1957 reputamus,
1485 1879 1520 1941 in
1542 1879 1767 1961 promissionis
1800 1880 1955 1963 gratiam,
1985 1880 2049 1943 Dei
2078 1878 2175 1943 bene-

165 1963 233 2029 Ubi
252 1962 358 2027 diruto
377 1965 510 2046 pariete,
536 1899 809 2046 quomadmodum
827 1963 905 2029 alibi
924 1964 1036 2029 scribit
1056 1965 1145 2047 Apo-
1171 2002 1173 2011 =
1199 1961 1374 2026 dictionem
1400 1964 1488 2027 inter
1521 1986 1576 2030 eos
1609 1966 1791 2028 etiamnum
1823 1965 1982 2052 residere,
2017 1974 2057 2028 ut
2088 1972 2175 2030 certe
2275 1955 2278 1965 ’

167 2049 272 2114 stolus
301 2049 401 2133 (Eph.
423 2052 452 2126 2,
474 2050 538 2133 14),
568 2071 631 2131 quo
655 2056 768 2132 gentes
797 2072 817 2114 a
838 2050 971 2115 Iudaeis
998 2071 1146 2114 secerne·
1170 2026 1173 2151 )
1197 2069 1365 2130 nunquam
1388 2047 1465 2112 inde
1487 2071 1622 2132 prorsus
1643 2050 1869 2116 abscessurum
1892 2050 2059 2133 apostolus
2077 2057 2175 2115 testa·

166 2134 298 2212 bantur,
320 2135 386 2199 illis
402 2156 530 2217 quoquo
547 2137 728 2218 patefactus
750 2136 858 2201 aditus
875 2137 937 2201 fuit
953 2138 988 2200 in
1007 2158 1146 2219 regnum
1171 2164 1173 2211 l
1199 2145 1267 2198 tur:
1291 2136 1443 2215 quoniam
1472 2135 1543 2200 sine
1567 2138 1767 2218 poenitentia
1789 2146 1866 2201 sunt
1888 2135 1974 2201 dona
1995 2145 2028 2200 et
2049 2137 2176 2203 vocatio

166 2222 241 2300 Dei,
261 2223 367 2286 factus
386 2228 436 2285 est
457 2221 590 2285 illarum
612 2230 723 2304 pater;
745 2221 852 2304 idque,
876 2225 958 2287 citra
975 2223 1145 2288 circumci-
1171 2224 1173 2303 )
1197 2220 1270 2284 Dei.
1914 2222 1921 2233 ’

167 2308 267 2372 sionis
294 2308 441 2391 signum,
464 2308 549 2389 quod
572 2308 769 2390 baptismum
791 2309 862 2373 vice
892 2309 1173 2401 circumcisionis!
1288 2311 1334 2369 15.
1380 2307 1433 2371 En
1456 2306 1535 2389 quid
1557 2308 1674 2389 valeat,
1698 2318 1731 2372 et
1748 2331 1813 2391 qua
1835 2310 1928 2374 lance
1946 2306 2112 2374 metienda
2131 2309 2176 2374 sit

166 2393 299 2458 habent.
346 2391 442 2473 Quod
471 2402 580 2458 autem
600 2395 793 2458 nominatim
816 2394 985 2459 Abraham
1013 2396 1054 2459 iis
1076 2416 1146 2459 esse
1170 2406 1173 2481 )
1197 2393 1369 2474 promissio
1390 2392 1545 2458 Abrahae
1564 2395 1746 2476 posteritati
1777 2394 1863 2459 data.
1903 2394 2048 2460 Proinde
2070 2415 2174 2477 quan-

166 2486 293 2562 patrem
314 2488 421 2562 negat,
445 2481 501 2561 qui
523 2488 600 2544 sunt
622 2502 663 2543 ex
686 2481 928 2545 circumcisione
951 2488 1089 2558 tantum,
1113 2480 1146 2544 id
1170 2486 1173 2629 )
1197 2498 1296 2561 quum
1319 2480 1354 2542 in
1377 2478 1600 2544 discernendis
1621 2482 1716 2564 regni
1738 2481 1933 2545 haeredibus
1956 2503 1975 2545 a
1998 2481 2118 2563 spuriis
2142 2487 2176 2544 et

167 2566 311 2648 positum
341 2573 391 2628 cst
420 2565 461 2629 ad
495 2565 737 2630 retundendum
765 2566 972 2649 quorundam
1001 2566 1145 2650 snperoi·
1198 2566 1374 2643 extraneis,
1397 2586 1496 2629 unam
1514 2566 1578 2630 Dei
1596 2566 1787 2631 electionem
1805 2567 1907 2632 libero
1925 2567 1995 2631 iure
2014 2566 2175 2631 dominari

166 2651 261 2729 lium,
301 2653 356 2733 qui
395 2652 516 2717 omissa
547 2652 678 2734 pietatis
711 2673 798 2730 cura,
823 2652 899 2718 solis
933 2652 1146 2718 caeremoniis
1170 2638 1173 2769 p
1197 2650 1281 2714 nihil
1304 2649 1501 2728 dubitamus,
1524 2652 1622 2716 simul
1644 2660 1755 2717 tamen
1778 2653 1992 2736 perspicimus
2015 2654 2044 2716 ei
2060 2652 2173 2734 placu-

166 2760 201 2802 se
230 2735 455 2802 venditabant.
501 2736 652 2818 Qualiter
684 2738 844 2821 hodieque
876 2740 1014 2803 refutari
1042 2739 1146 2821 possit
1170 2772 1173 2812 ι
1197 2738 1277 2815 isse,
1301 2757 1413 2802 semen
1441 2737 1596 2802 Abrahae
1618 2738 1828 2821 peculiariter
1861 2737 2082 2803 misericordia
2114 2758 2174 2802 sua

165 2844 279 2888 eorum
296 2823 435 2901 vanitas,
459 2825 513 2906 qui
535 2824 572 2887 in
589 2823 752 2907 baptismo
770 2825 854 2889 nihil
875 2830 1006 2908 practer
1027 2845 1146 2907 aquam
1170 2820 1173 2873 ἶ
1198 2823 1377 2906 complecti,
1400 2843 1437 2887 ac
1460 2844 1524 2905 quo
1546 2825 1695 2888 testatior
1718 2824 1906 2902 haberetur,
1929 2824 2174 2889 circumcisione

164 2916 336 2991 quaerunt.
1170 2900 1173 2997 )
1199 2909 1380 2991 obsignare.
1431 2910 1536 2974 Porro
1569 2909 1682 2974 eadem
1723 2913 1855 2975 omnino
1887 2919 1937 2974 est
1975 2909 2174 2974 christianae

257 3000 304 3058 14.
348 2992 415 3059 Sed
433 2995 521 3058 alter
539 2996 676 3077 apostoli
693 2996 785 3061 locus
803 3018 844 3060 ex
863 2995 1001 3079 epistola
1018 2996 1058 3060 od
1077 2998 1145 3060 Ro-
1170 3024 1173 3061 ι
1198 2994 1341 3060 eeclesiae
1363 2995 1455 3060 ratio.
1500 2996 1587 3059 Nam
1605 3005 1645 3059 ut
1671 2997 1738 3061 illic
1761 2997 1885 3062 Paulus
1928 2996 2126 3060 sanctificari
2154 3016 2175 3059 a

166 3100 281 3144 manos
299 3080 344 3163 (9,
365 3080 399 3163 7)
418 3088 532 3145 contra
549 3082 741 3163 proferetur,
761 3080 816 3146 ubi
834 3103 888 3147 eos
907 3082 963 3164 qui
985 3104 1026 3146 ex
1047 3104 1146 3148 carne
1197 3079 1387 3162 parentibus
1408 3080 1476 3146 suis
1493 3081 1633 3147 Iudaeos
1652 3081 1807 3165 disputat,
1830 3084 1877 3147 ita
1899 3080 1976 3145 alibi
1994 3080 2025 3163 (l
2048 3080 2122 3146 Cor.
2144 3087 2172 3159 7,

167 3173 253 3243 sunt,
278 3187 346 3229 non
373 3187 443 3230 esse
470 3166 626 3231 Abrahae
656 3167 740 3233 filios
763 3168 870 3248 dooet;
893 3168 950 3233 sed
973 3190 1027 3232 eos
1049 3168 1145 3233 modo
1202 3167 1255 3247 14)
1289 3166 1397 3244 docet,
1426 3167 1564 3231 eandem
1602 3188 1622 3231 a
1651 3167 1843 3251 parentibus
1882 3168 2174 3233 sanctificationem

167 3254 203 3314 in
231 3253 354 3316 semine
383 3253 506 3316 censori
530 3254 585 3334 qui
609 3261 687 3318 sunt
716 3255 776 3318 filii
802 3255 1035 3337 promissionis.
1086 3256 1145 3319 In·
1199 3252 1463 3317 Christianorum
1486 3253 1606 3318 liberos
1629 3252 1755 3320 ducere.
1800 3254 1897 3322 Unde
1925 3253 2103 3336 colligitur,
2133 3251 2174 3317 ab

166 3359 269 3401 nuere
291 3360 432 3420 uanaque
454 3339 594 3417 videtur,
618 3340 701 3404 nihil
720 3362 790 3405 esse
813 3340 977 3405 carnalem
990 3340 1145 3406 Abrahae
1199 3338 1272 3403 aliis
1304 3338 1424 3402 merito
1453 3340 1637 3423 segregari,
1670 3341 1726 3423 qni
1748 3339 1949 3423 impuritatis
1977 3359 2174 3404 econverso

168 3424 407 3505 cognationem,
431 3446 529 3506 quam
553 3447 612 3489 nos
634 3425 742 3509 aliquo
764 3426 870 3509 gradu
891 3428 1053 3509 ponimus.
1101 3428 1146 3492 At
1199 3422 1406 3490 damnantur.
1450 3425 1523 3489 Iam
1545 3427 1618 3509 quis
1636 3428 1802 3511 ambigere
1823 3427 1925 3510 possit
1942 3426 2020 3508 quin
2038 3424 2174 3490 falsissi-

168 3510 255 3573 enim
285 3508 472 3592 diligentius
506 3511 835 3577 animadvertendum
867 3520 917 3577 est
949 3534 1046 3595 quam
1078 3513 1145 3578 illio
1197 3532 1288 3575 mum
1313 3512 1356 3576 sit
1373 3511 1461 3593 quod
1481 3510 1598 3576 deinde
1616 3512 1828 3579 subnectunt:
1851 3513 1908 3597 qui
1930 3511 2008 3576 olim
2030 3511 2174 3575 infantes

169 3613 302 3660 causam
325 3601 444 3659 tractet
470 3597 642 3680 apostolus.
688 3598 775 3663 Nam
797 3598 927 3663 Iudaeis
954 3607 1146 3664 ostensurus
1199 3596 1523 3677 circumcidebantur,
1549 3619 1604 3663 eos
1625 3600 1798 3665 infantiam
1828 3598 1992 3664 duntaxat
2019 3597 2174 3679 spiritua·

170 3702 268 3763 quam
296 3701 363 3744 non
381 3689 467 3746 esset
488 3683 623 3766 alligata
645 3685 762 3749 semini
784 3684 938 3749 Abrahae
965 3685 1031 3749 Dei
1051 3683 1145 3748 boni·
1198 3682 1262 3746 lem
1300 3685 1470 3766 figurasse,
1509 3707 1592 3766 quae
1631 3708 1673 3750 ex
1704 3687 1797 3752 verbi
1829 3686 1894 3750 Dei
1927 3683 2174 3766 regeneratione

169 3775 236 3845 tas,
260 3767 327 3830 imo
346 3788 444 3848 quarn
466 3769 551 3833 nihil
572 3790 685 3851 perse
708 3771 861 3849 conferat,
885 3771 956 3835 eius
977 3770 1025 3834 rei
1047 3767 1145 3834 docu·
1198 3768 1358 3853 emergit?
1392 3768 1508 3853 Neque
1542 3772 1631 3836 enim
1661 3780 1730 3836 tam
1769 3779 1885 3853 arguto
1924 3765 2174 3850 philosophatur

168 3862 283 3917 mento
312 3853 489 3918 Ismaelem
522 3864 555 3919 et
584 3856 674 3920 Esau
702 3857 841 3940 profert3
866 3857 983 3938 quibus
1006 3855 1144 3936 reiectis,
1198 3855 1363 3938 apostolus
1391 3855 1501 3937 (Rom.
1525 3862 1577 3936 15,
1603 3857 1654 3940 8),
1678 3858 1733 3921 ubi
1756 3856 1928 3920 Christum
1956 3851 2172 3917 circumcisio-

168 3960 237 4004 non
259 3959 352 4004 secus
375 3959 411 4003 ac
433 3941 460 4004 si
479 3942 627 4006 extranei
644 3942 791 4021 fuissent,
815 3943 945 4007 tametsi
964 3941 1145 4006 secundum
1198 3943 1249 4006 nis
1271 3943 1460 4007 ministrum
1489 3964 1559 4006 esse
1582 3941 1703 4019 scribit,
1726 3941 1767 4005 ad
1796 3938 1989 4036 implendas·
2005 3956 2087 4019 quae
2114 3957 2172 4020 pa-

168 4047 300 4091 carnem
324 4045 481 4108 germana
503 4035 597 4090 erant
618 4028 773 4094 Abrahae
794 4028 976 4114 progenies,
998 4028 1034 4091 in
1050 4029 1144 4094 Isaac
1197 4028 1305 4092 tribus
1333 4025 1439 4093 editae
1464 4029 1598 4092 fuerant
1627 4027 1875 4110 promissiones,
1899 4046 1936 4090 ac
1964 4046 1992 4089 sr
2020 4024 2056 4087 in
2084 4023 2173 4088 hunc
2264 4087 2275 4101 ‚

169 4122 202 4176 et
239 4112 339 4177 Iacob
377 4111 499 4176 residet
531 4111 719 4178 benedictio.
770 4115 867 4180 Unde
905 4114 1077 4180 conficitur
1111 4114 1145 4178 id
1197 4113 1330 4178 modum
1381 4114 1583 4195 loqueretur:
1630 4111 1889 4195 quandoquidem
1933 4110 2047 4175 foedus
2097 4131 2172 4175 cum

170 4198 254 4279 quod
276 4205 391 4280 postea
413 4199 571 4273 affirmat,
593 4199 736 4279 pendere
759 4200 897 4266 salutem
921 4223 940 4265 a
961 4201 1025 4265 Dei
1047 4202 1145 4266 mise-
1197 4198 1386 4264 Abrahamo
1408 4219 1597 4281 percussum
1620 4199 1660 4262 ad
1684 4220 1796 4264 semen
1817 4199 1887 4263 eius
1909 4197 2051 4279 respicit,
2074 4194 2171 4260 chri-

168 4284 324 4362 rioordia,
359 4305 424 4366 qua
456 4284 664 4365 prosequitur
690 4306 789 4368 quem
810 4287 859 4351 illi
887 4287 994 4352 visum
1026 4288 1144 4366 fuerit;
1198 4293 1295 4363 stum,
1319 4289 1356 4347 ut
1377 4283 1477 4348 fidem
1504 4304 1524 4346 a
1550 4292 1642 4366 patre
1670 4285 1771 4350 semel
1793 4284 1904 4349 datam
1931 4289 2113 4365 praestaret
2134 4301 2172 4346 ao

169 4390 301 4434 causam
328 4390 408 4435 vero
436 4391 503 4433 non
529 4390 599 4433 esse
627 4390 686 4434 our
711 4370 826 4435 Iudaei
852 4372 992 4437 foederis
1014 4373 1147 4437 nomine
1198 4371 1349 4447 solveret,
1372 4371 1406 4433 in
1430 4370 1570 4434 salutem
1593 4370 1763 4436 advenisse
1791 4371 1880 4455 genti
1910 4368 2065 4433 iudaicae.
2109 4367 2172 4430 Vi·

169 4457 229 4521 sibi
248 4456 398 4539 placeant
416 4463 474 4520 aut
492 4455 683 4539 glorientur,
706 4457 771 4519 nisi
791 4457 931 4524 foederis
948 4458 1055 4542 legem
1077 4479 1145 4522 ser·
1200 4457 1299 4521 desne
1327 4463 1364 4519 ut
1384 4463 1460 4540 post
1482 4454 1607 4522 Christi
1629 4458 1900 4523 resurrectionem
1928 4474 2068 4537 quoqne,
2096 4472 2172 4534 pro-

169 4549 262 4617 vent,
298 4543 332 4607 id
362 4551 425 4621 est,
455 4541 555 4607 verbo
583 4541 744 4606 obediant.
793 4543 940 4622 Rursum
967 4542 1025 4608 ubi
1059 4565 1147 4607 vana
1198 4544 1387 4607 missionem
1414 4542 1552 4607 foederis
1581 4565 1648 4608 non
1679 4544 1852 4627 allegorice
1875 4549 2019 4618 tantum,
2039 4538 2106 4616 sed,
2134 4544 2173 4602 ut

171 4629 376 4709 generissui
399 4628 598 4695 confidentia
614 4627 689 4692 illos
713 4627 844 4706 deiecit,
869 4629 946 4711 quia
964 4639 1075 4694 tamon
1098 4629 1152 4712 al·⁸
1198 4627 1299 4693 verba
1321 4637 1442 4693 sonant
1477 4629 1599 4694 carnali
1630 4630 1785 4695 Abrahae
1814 4628 1931 4694 semini
1962 4622 2169 4708 implendam

170 4720 242 4775 tera
264 4734 305 4776 ex
325 4724 418 4795 parte
433 4714 588 4781 comebat
609 4713 722 4778 foedus
734 4713 821 4796 quod
835 4713 936 4779 semel
949 4736 1022 4779 oum
1040 4715 1146 4780 Abra·
1199 4714 1355 4781 censeat?
1385 4714 1511 4780 Eodem
1533 4717 1676 4797 pertinet
1698 4715 1783 4798 quod
1805 4716 1927 4780 Petrus
1956 4712 2044 4797 (Act.
2064 4713 2093 4787 2,
2114 4709 2171 4794 39)

172 4797 234 4860 hae
262 4801 449 4878 posteritate
472 4802 592 4865 initum
621 4801 728 4865 fuerat
750 4821 770 4863 a
792 4798 874 4879 Deo,
900 4800 1033 4864 irritum
1055 4800 1146 4864 nullo
1198 4800 1331 4865 Iudaeis
1360 4801 1546 4880 denuntiat,
1574 4802 1640 4867 illis
1656 4824 1704 4866 ao
1732 4801 1850 4866 semini
1877 4819 2003 4876 eorum,
2032 4794 2173 4860 foederis

170 4881 268 4947 modo
296 4884 368 4947 fieri
395 4907 504 4968 posse3
532 4907 601 4971 cap.
625 4891 672 4950 ll.
702 4886 868 4952 carnalem
894 4884 1049 4951 Abrahae
1072 4907 1146 4971 cog·
1199 4888 1285 4963 iure,
1313 4887 1475 4971 evangelii
1496 4888 1691 4953 beneficium
1721 4887 1847 4966 deberi;
1874 4907 1911 4951 ac
1939 4883 2088 4967 proxime
2122 4903 2172 4946 se·

170 4969 340 5033 nationem
365 4991 431 5035 non
458 4993 529 5038 esse
551 4995 611 5038 sua
638 4973 798 5058 dignitate
821 4969 1024 5055 spoliandam
1046 4971 1147 5039 disse·
1200 4975 1313 5055 quenti
1343 4976 1448 5056 eapite
1470 4974 1515 5056 (3,
1536 4973 1592 5059 25)
1620 4995 1674 5039 eos
1701 4973 1890 5038 testamenti
1917 4970 2010 5049 filios,
2038 4969 2100 5033 hoc
2122 4974 2173 5033 est

171 5056 224 5133 rit,
248 5056 340 5120 cuius
362 5053 517 5124 beneficio
539 5059 679 5125 Iudaeos
702 5058 796 5125 docet
818 5059 942 5142 primos
960 5077 998 5123 oc
1019 5060 1148 5124 nativos
1200 5059 1358 5124 haeredes
1380 5066 1562 5142 nuncupat.
1608 5060 1641 5124 A
1662 5081 1725 5142 qno
1748 5059 1848 5123 etiam
1869 5079 1937 5123 non
1957 5056 2054 5140 longe
2078 5054 2171 5120 ablu-

170 5162 242 5206 esse
266 5141 428 5225 evangelii
454 5142 626 5224 haeredes,
649 5147 713 5212 nisi
743 5154 905 5229 quatenus
928 5165 988 5209 sua
1008 5145 1149 5229 ingrati·
1173 5144 1177 5290 )
1201 5146 1250 5210 dit
1271 5145 1356 5209 alter
1379 5144 1516 5226 apostoli
1542 5167 1642 5230 supra
1666 5147 1786 5213 citatus
1813 5144 1904 5211 locus
1933 5143 2033 5227 (Eph.
2055 5146 2083 5223 2,
2105 5141 2170 5220 11),

167 5227 294 5306 tudine,
317 5246 377 5292 ceu
399 5227 536 5312 indigni,
559 5230 700 5323 abdicati
714 5233 857 5298 fuerunt
891 5229 948 5298 Sic
969 5238 1089 5311 tamen,
1112 5237 1151 5296 nt
1201 5231 1257 5296 ubi
1278 5232 1472 5313 impressam
1489 5229 1670 5299 infantibus
1692 5232 1972 5300 circumcisionem
1997 5244 2056 5314 pro
2076 5227 2170 5294 testi-
