4672 5842
234 301 274 361 59
875 295 1140 363 INSTITUTIO
1161 298 1266 363 ΗΕΒ.
1289 294 1470 361 eflltlsn.
1497 299 1587 402 1559.
2194 297 2236 363 60

234 484 306 548 Νονι
331 484 445 548 ⁴iactaret
467 484 635 565 prophetae
663 489 690 547 et
717 485 847 565 apostoli
878 484 922 547 nel
950 504 1076 547 murum
1104 505 1207 563 suarii,
1259 483 1358 546 arrlra
1389 485 1432 547 ad
1464 485 1706 565 confirmandam
1731 485 1860 566 piorum
1889 486 1996 565 fidene,
2034 484 2111 564 quia
2143 482 2236 546 derue

231 570 278 635 vel
298 589 493 651 quaecunque
517 570 610 649 fidem
632 569 823 650 loquentibus
844 570 1021 636 corniliant.
1046 591 1139 650 neque
1161 572 1208 634 in-
1259 573 1374 633 mentes
1406 570 1573 649 illuminet‚
1606 592 1727 652 semper
1759 572 1839 634 inter
1872 571 1986 634 ruultas
2019 569 2236 634 haesitationes

231 658 345 720 sisium
375 655 563 732 rationibus;
591 657 645 719 sed
673 677 798 719 suerrum
822 655 881 719 Dei
905 676 1011 718 rwrroeu
1034 657 1206 736 proterunt,
1255 655 1417 733 fluctuant.

232 763 292 823 quo
320 741 362 803 ad
388 741 566 821 obsequium
592 748 717 823 cupatur
745 747 825 809 totus
854 742 997 804 noirrrdns.
1050 742 1142 805 Νιιννε
1164 744 1208 805 ei·
1347 747 1374 804 5.
1423 741 1549 805 Maneat
1570 763 1639 824 erqo
1661 741 1714 804 boc
1733 742 1842 821 tienne,
1865 762 1941 823 quos
1958 742 2091 823 spiritus
2107 745 2237 803 sanctus

231 829 364 892 dunum
392 827 538 906 qrterriodo
567 848 623 889 riou
653 828 794 909 opinione
820 833 941 890 larrium
962 827 1132 907 probabili,
1153 829 1208 892 sed
1259 827 1346 890 intus
1373 828 1491 904 docuit,
1520 828 1616 891 solide
1638 829 1827 908 acquiescere
1848 829 1883 891 in
1911 827 2080 907 scriptura,
2107 825 2236 889 unam

232 913 353 994 liquida
381 914 505 976 eminae
527 919 648 993 palem,
680 935 737 975 non
764 919 884 989 tertiare,
916 935 966 977 orec
986 914 1139 994 fallereiter
1161 915 1209 977 ob
1259 914 1384 992 quidem
1406 934 1471 977 esse
1493 911 1681 991 altianum,
1704 935 1798 994 neque
1818 914 2072 978 dennonstrationi
2094 918 2119 975 et
2141 914 2236 976 ratio-

230 1000 314 1062 tendi
338 998 398 1061 Dei
422 1020 534 1062 armaten.
565 999 637 1062 Iam
658 1000 684 1063 si
708 1000 912 1063 conscientiis
935 1001 1055 1082 optime
1078 1000 1206 1063 consul-
1259 998 1352 1061 nibus
1373 999 1484 1062 ..subiici
1502 1020 1570 1061 arm
1591 1000 1644 1080 fas
1659 1019 1745 1076 *csse3
1767 1021 1861 1080 quam
1879 1005 1979 1063 tarrwn
1997 1004 2131 1062 meretur
2148 997 2236 1079 apud

232 1092 302 1148 tum
326 1084 491 1159 volumus,
515 1107 555 1147 ne
577 1085 722 1148 instabili
745 1084 946 1149 dubitatione
969 1098 1125 1167 perpetuo
1148 1087 1208 1149 cir·
1259 1105 1314 1147 rios
1342 1085 1568 1162 certitudinem,
1597 1085 1729 1164 spiritus
1756 1087 1927 1150 testimonio
1958 1086 2110 1165 consequi.
2160 1084 2233 1148 Etsi

230 1172 442 1250 curtiferantur
464 1176 519 1234 aret
541 1171 710 1247 vacilleut,
741 1193 776 1233 ne
798 1173 890 1234 ctiam
917 1171 1066 1235 transitent
1086 1173 1128 1234 ad
1151 1174 1208 1235 nri·
1259 1171 1347 1233 enim
1368 1171 1586 1234 reverentiam
1608 1192 1667 1234 sua
1689 1171 1750 1234 sibi
1772 1171 1857 1234 ultro
1884 1172 2053 1235 maiestate
2075 1170 2234 1242 conciliat,

230 1259 332 1320 nirrios
360 1277 493 1336 quosque
521 1257 697 1338 scrupulos,
727 1257 826 1319 alt-ius
855 1279 954 1339 quarn
985 1257 1025 1321 ab
1055 1257 1207 1322 humanis
1259 1264 1338 1320 tuno
1360 1266 1469 1319 tamen
1494 1256 1625 1319 deinum
1647 1257 1729 1320 serio
1763 1279 1821 1319 nos
1845 1257 1945 1321 afficit
1966 1259 2066 1338 quum
2090 1278 2147 1337 per
2169 1257 2236 1337 spi-

231 1342 282 1409 vel
307 1341 503 1419 rationibus,
528 1342 580 1406 vel
602 1341 742 1418 iudiciis,
772 1343 822 1407 vel
846 1345 1039 1408 coniecturis
1068 1344 1208 1425 peteuda
1258 1342 1356 1404 ritum
1385 1343 1555 1425 obsignata
1585 1353 1634 1405 est
1665 1342 1815 1406 cordibus
1847 1343 1975 1407 nostris.
2031 1342 2124 1406 illius
2157 1362 2236 1423 ergo

231 1439 282 1493 est
303 1429 375 1492 baec
398 1429 563 1509 persicasio
591 1449 707 1510 nempe
736 1429 776 1492 ab
799 1450 912 1493 arcnrm
935 1431 1118 1493 testimonio
1141 1431 1206 1512 spi·
1230 1476 1233 1515 Ι
1260 1429 1379 1492 virt-ute
1403 1428 1591 1500 illuminati,
1616 1429 1681 1491 iam
1704 1450 1769 1492 non
1791 1440 1847 1492 aut
1869 1439 1995 1505 nostre,
2019 1437 2076 1491 aut
2097 1428 2236 1490 tiliorum

231 1517 323 1579 ritus.
378 1514 490 1577 Verum
514 1515 638 1593 quidem
660 1520 711 1592 est,
733 1516 762 1577 si
784 1518 974 1597 arprrmentis
996 1537 1084 1597 apere
1106 1516 1205 1594 libeat,
1258 1513 1376 1578 iudicio
1398 1513 1569 1591 eredimus,
1593 1536 1611 1577 a
1634 1515 1705 1577 Deo
1727 1536 1796 1578 esse
1820 1516 2029 1596 seripturam;
2057 1513 2113 1577 sed
2136 1534 2238 1594 supra

230 1600 329 1664 multa
352 1601 496 1682 possein
519 1600 655 1663 medior-m
677 1602 816 1681 proferri
844 1623 922 1681 quae
942 1602 1036 1682 [acite
1058 1603 1205 1679 erincant,
1259 1599 1441 1664 humanum
1462 1599 1627 1673 iudicium,
1651 1609 1738 1664 certo
1761 1602 1882 1664 certius
1904 1600 2131 1665 constituimus
2154 1600 2237 1682 (uon

231 1688 262 1752 si
284 1687 355 1766 quis
376 1693 420 1749 est
445 1688 476 1748 in
498 1686 574 1749 eaelo
597 1685 694 1763 Deus,
718 1688 811 1769 lenem
832 1687 1056 1768 etpraplretias
1074 1694 1100 1750 et
1118 1709 1207 1750 erari·
1259 1708 1351 1750 secus
1374 1708 1411 1749 ae
1434 1688 1460 1750 si
1485 1687 1587 1767 ipsius
1609 1686 1671 1749 Dei
1703 1708 1825 1750 numen
1847 1686 1914 1751 illie
1936 1684 2154 1766 intueremur)
2178 1684 2237 1748 ho-

228 1773 345 1856 qelium
372 1771 411 1835 ab
438 1793 471 1835 eo
493 1793 645 1835 inuitasse.
695 1771 764 1836 Imo
794 1775 937 1852 qaannts
964 1775 1043 1837 denti
1069 1775 1207 1837 liorrn'nes
1258 1773 1384 1835 nunrun
1418 1773 1612 1847 ministerio,
1647 1771 1688 1835 ab
1723 1772 1883 1853 ipsissimo
1916 1773 1980 1836 Dei
2014 1794 2068 1835 ore
2104 1772 2145 1834 ad
2177 1791 2237 1834 nos

231 1865 259 1922 et
286 1879 405 1922 montino
434 1859 546 1921 iudicio
564 1859 703 1939 praediti
730 1865 832 1923 contra
858 1861 1034 1941 insumant,
1057 1865 1084 1923 et
1104 1881 1207 1923 ‹rnirres
1256 1858 1393 1936 tlun·isse.
1421 1857 1496 1921 Non
1515 1867 1716 1940 argumenta,
1735 1879 1801 1920 non
1822 1856 2121 1922 verisimilitudines
2137 1878 2238 1938 quae-

231 1945 348 2026 iuqenii
370 1945 453 2007 eiras
475 1945 629 2024 reniterent
650 1950 740 2024 atquc
760 1950 903 2008 ostentent
928 1948 957 2008 in
981 1946 1038 2009 liac
1059 1946 1207 2025 discepta—
1259 1945 1360 2007 rimus
1389 1945 1506 2026 quibus
1533 1943 1688 2008 iudicium
1718 1953 1864 2008 nostrum
1892 1945 2073 2015 incumbat:
2103 1941 2175 2019 sed,
2199 1950 2238 2006 ut

229 2031 323 2108 tiore,
353 2032 414 2093 nisi
444 2036 542 2093 tannen
566 2032 608 2093 ad
632 2031 788 2110 perditam
816 2033 1038 2111 inoboedentiam
1061 2032 1207 2095 obdurue-
1259 2030 1305 2092 rei
1335 2040 1430 2093 extra
1452 2029 1644 2093 aestimandi
1673 2030 1777 2093 aleam
1800 2032 1936 2111 positae,
1964 2030 2121 2094 iudicium
2144 2029 2237 2111 inge-

229 2118 303 2194 rint,
327 2116 550 2195 ertorquebitur
572 2116 636 2178 illis
658 2116 731 2179 llaec
748 2118 903 2196 rootlessio,
927 2120 1094 2198 nturiit'esta
1113 2119 1206 2199 siqua
1259 2117 1414 2198 niumqno
1437 2124 1586 2179 nostrum
1608 2116 1805 2180 subiicimus.
1852 2116 1925 2179 Nou
1948 2115 1981 2179 id
2004 2115 2135 2197 quidem
2154 2136 2235 2195 qua·

230 2203 381 2283 loquentis
411 2202 470 2264 Dei
500 2203 630 2282 corupici
657 2204 687 2264 in
716 2205 889 2283 scriptura,
913 2226 949 2266 εν
971 2205 1082 2283 quibus
1099 2209 1207 2284 pateat
1258 2201 1333 2265 liter
1355 2202 1460 2266 solent
1481 2201 1614 2283 quidam
1642 2201 1806 2266 interdum
1836 2224 1904 2266 rem
1928 2203 2129 2286 incognitum
2152 2201 2235 2263 arri-

230 2290 381 2353 coelestern
408 2309 472 2352 esse
498 2289 566 2350 rius
598 2288 783 2367 doctrinam·
810 2310 846 2352 ac
875 2290 975 2369 paulo
997 2295 1066 2369 post
1096 2291 1207 2354 uidebi·
1257 2309 1348 2369 pere,
1379 2309 1461 2369 quae
1488 2309 1564 2351 mox
1587 2300 1755 2369 perspecta
1778 2287 1939 2369 displicet;
1968 2287 2024 2351 sed
2046 2288 2121 2368 quia
2143 2287 2238 2350 inex·

129 2396 132 2405 ¹
230 2395 315 2451 nius,
345 2394 447 2436 orientes
470 2375 644 2456 scripturae
672 2395 779 2437 sarrae
812 2377 907 2440 libros
934 2377 1103 2456 quibusque
1131 2376 1207 2439 aliis
1258 2374 1465 2456 pugnabilem
1489 2395 1547 2437 uos
1570 2375 1740 2437 veritatem
1762 2382 1887 2449 tenere,
1910 2373 2008 2456 probe
2038 2373 2131 2436 nobis
2159 2392 2238 2437 eou-

229 2461 356 2540 scriptis
382 2460 559 2541 lonqissinu
584 2461 773 2540 praecellere.
820 2461 887 2526 [ruo
921 2464 950 2526 si
981 2483 1080 2542 puros
1107 2462 1206 2525 oculos
1231 2478 1233 2511 Ι
1259 2461 1316 2523 seii
1347 2481 1468 2523 sumus.
1520 2460 1633 2541 Neque
1656 2458 1795 2540 qualiter
1822 2458 2105 2540 superstitionibus
2128 2459 2237 2522 solent

230 2552 259 2610 et
279 2547 412 2627 inteqros
433 2565 542 2609 seorsus
566 2547 637 2610 illuc
659 2548 833 2627 alternitas,
862 2549 966 2611 statim
988 2555 1121 2612 occurret
1147 2547 1207 2610 liei
1258 2547 1367 2609 miseri
1409 2545 1556 2610 homines
1597 2546 1759 2626 captivam
1798 2556 1940 2608 urentem
1980 2544 2144 2621 addicere,
2180 2541 2240 2607 sed

229 2634 392 2706 semiustas,
420 2652 498 2712 qrrue
522 2632 647 2696 subacta
676 2634 867 2697 reclamanti
889 2636 1039 2711 andacia,
1071 2655 1125 2698 nos
1146 2634 1206 2696 sibi
1259 2634 1420 2714 quianon
1445 2630 1577 2696 dubiam
1600 2632 1667 2695 vim
1688 2632 1833 2695 numinis
1855 2632 1921 2696 illio
1943 2633 2102 2696 sentimus
2125 2631 2238 2714 vigere

226 2739 340 2800 parere
365 2724 457 2799 coqat.
510 2717 710 2800 Praepostere
746 2725 846 2784 tanun
872 2722 992 2801 tinnirent
1018 2723 1072 2800 qui-
1099 2721 1207 2800 dispu-
1260 2739 1297 2783 ac
1325 2720 1463 2801 spirare,
1498 2740 1562 2800 qua
1584 2717 1625 2781 ad
1656 2716 1851 2798 parendum,
1880 2719 2019 2782 scientes
2046 2714 2178 2798 quidem
2200 2736 2238 2780 ae

229 2805 322 2869 tando
350 2805 530 2868 mittendum
560 2806 695 2869 solidam
723 2808 896 2886 scripturae
919 2807 1012 2886 fidem
1038 2807 1206 2871 adstruere.
1259 2804 1414 2881 volentes,
1437 2803 1580 2869 vividius
1603 2813 1713 2867 tamen
1736 2812 1769 2866 et
1788 2804 1950 2868 efficacius
1973 2825 2071 2886 qnam
2092 2823 2151 2884 pro
2175 2801 2238 2865 hu·

231 2889 391 2972 Equidem
413 2892 533 2954 taructsi
554 2912 608 2955 nec
629 2913 752 2955 sumum
774 2893 960 2967 demeritam,
984 2912 1036 2956 nec
1056 2893 1207 2973 fmrrridia
1259 2912 1357 2954 mana
1379 2899 1436 2954 erut
1458 2890 1625 2954 voluntate
1648 2897 1705 2952 aut
1721 2890 1867 2967 scientia,
1890 2890 2054 2954 trahimur
2071 2899 2105 2952 et
2122 2910 2238 2952 acoen-

224 2976 339 3059 polleo,
365 2977 393 3038 si
421 2982 522 3040 tannen
550 2976 627 3041 mila
654 2983 804 3042 certamen
832 2983 909 3041 esset
930 2999 1000 3042 cunr
1029 2979 1208 3060 araterrimis

229 3063 401 3143 quibusque
433 3061 494 3124 Dei
533 3064 797 3144 cornunptoribus.
837 3066 891 3143 qui
925 3066 959 3126 iu
993 3063 1207 3145 labefactanda

229 3148 390 3226 scriptura
416 3148 537 3212 solertes
562 3155 591 3213 et
614 3149 707 3229 faceti
729 3150 827 3214 uidem
849 3156 1009 3231 appetam,
1040 3172 1100 3214 riori
1120 3149 1208 3231 diffi-

230 3233 288 3297 cile
319 3232 398 3296 milti
429 3232 495 3313 sore
527 3235 644 3314 caribde
671 3235 860 3316 obstreperas
886 3257 992 3299 eorum
1019 3257 1102 3301 uoces
1130 3257 1208 3301 corre
1259 3238 1306 3300 uel
1334 3236 1532 3317 ambiquitate
1553 3234 1711 3314 loquutum
1737 3254 1801 3298 esse
1823 3234 1934 3298 Deum.
1978 3235 2068 3299 Talis
2090 3255 2167 3317 ergo
2188 3243 2241 3297 est

225 3339 358 3400 pascere.
391 3319 440 3383 Ac
461 3321 490 3382 si
512 3320 601 3384 rutilis
624 3324 656 3384 in
677 3321 854 3402 refellendis
870 3343 976 3387 corum
993 3323 1115 3387 canillis
1132 3327 1208 3386 esset
1259 3324 1425 3406 persuasio
1454 3343 1536 3403 quae
1564 3321 1706 3384 renones
1733 3342 1799 3384 non
1828 3322 1987 3403 requirat;
2014 3321 2088 3384 talis
2110 3319 2237 3397 notitia,

1260 2977 1377 3041 dimur.
1419 2976 1530 3056 Itaque
1552 2976 1663 3056 optimo
1684 2976 1753 3039 iure
1768 2997 1828 3056 per
1851 2976 1990 3040 lesaiam
2010 2978 2076 3060 (43,
2100 2974 2152 3057 10)
2176 2976 2240 3040 cta

230 3405 329 3483 labor,
360 3426 419 3469 noro
446 3427 556 3487 rriaqne
583 3409 698 3490 repotia
726 3429 806 3487 ques
835 3409 867 3471 iu
894 3409 1021 3490 anqrdis
1044 3410 1207 3471 iactantius
1260 3409 1312 3474 eui
1346 3409 1469 3490 optima
1501 3408 1584 3470 ratio
1615 3414 1753 3472 constet:
1788 3428 1906 3489 nempe
1935 3408 1970 3470 in
1999 3428 2062 3488 qua
2091 3406 2239 3470 secamus

1261 3069 1324 3126 mat
1347 3062 1454 3141 Dens,
1477 3061 1645 3143 proprietas
1672 3082 1741 3125 cuno
1763 3067 1819 3124 tono
1836 3063 1951 3144 populo
1972 3062 2034 3125 sibi
2056 3082 2120 3125 esse
2141 3066 2238 3140 testea

1259 3150 1334 3231 quia
1355 3150 1513 3212 vaticiniis
1535 3148 1627 3212 alecti
1650 3147 1775 3212 indubie
1802 3149 1938 3212 bracbant
1967 3149 2081 3230 absque
2106 3147 2166 3228 fall
2211 3147 2217 3159 '

229 3492 397 3554 mussitant
425 3491 613 3556 discuterem.
672 3493 784 3557 Verum
821 3496 851 3558 si
884 3497 955 3574 quis
987 3515 1112 3559 sacrum
1145 3494 1208 3558 Dei
1259 3495 1524 3574 constantiusque
1551 3514 1643 3557 mene
1665 3494 1801 3574 quiescit
1827 3515 1926 3575 quam
1947 3494 1982 3557 in
2004 3493 2079 3557 ullis
2102 3492 2237 3556 rationi-

230 3577 354 3641 nerbum
386 3583 505 3640 asserat
533 3579 571 3642 ab
593 3578 751 3642 lierninum
773 3580 960 3658 maledictis,
984 3602 1044 3644 non
1062 3582 1207 3660 quatitans
1258 3580 1334 3658 bus;
1357 3580 1431 3643 talis
1454 3577 1594 3660 denique
1616 3600 1741 3656 seusus,
1765 3580 1820 3660 qui
1842 3580 1904 3644 uisi
1927 3602 1969 3643 en
1991 3580 2121 3644 coelesti
2145 3599 2239 3642 rene-

230 3669 332 3727 lamen
354 3684 449 3744 quam
478 3666 608 3743 requirit
629 3667 733 3745 pietas
761 3667 972 3730 certitudinem
994 3666 1136 3730 cordibus
1158 3667 1207 3730 in·
1259 3667 1379 3730 latione
1418 3665 1507 3729 nesci
1542 3672 1691 3746 nequeat.
1748 3666 1820 3729 Non
1863 3665 1949 3729 aliud
1986 3666 2099 3747 loquor
2138 3685 2241 3745 quam

228 3749 308 3832 pipat.
356 3749 439 3829 Quia
461 3751 603 3829 opinione
624 3756 847 3815 tantum'siare
867 3753 988 3816 uidetm
1010 3753 1121 3834 reliqio
1133 3772 1208 3833 pro·
1259 3749 1345 3834 quod
1371 3750 1459 3833 apud
1486 3772 1520 3814 se
1548 3751 1714 3831 experitur
1736 3750 1881 3814 fidelium
1912 3753 2154 3834 unusquisque„
2173 3752 2240 3815 nisi

227 3836 315 3917 sanis
336 3834 521 3913 lmnninibus,
543 3838 674 3917 nequid
694 3837 859 3901 stulte'aut
881 3839 985 3902 leuiter
1001 3839 1133 3916 medard,
1155 3860 1208 3903 ra-
1259 3837 1344 3920 qnod
1377 3838 1473 3920 longe
1505 3838 1592 3900 infru
1621 3838 1743 3900 iustam
1774 3839 1821 3900 rei
1855 3837 2103 3919 explicationem
2136 3838 2240 3902 rerba

228 3922 310 3985 tione
327 3920 457 4000 probari
478 3920 540 3984 sibi
567 3924 698 4003 cupiunt
719 3944 755 3986 ac
776 3925 937 4004 postulant
959 3923 1069 3988 Mosen
1091 3929 1118 3987 et
1134 3945 1207 4005 pro
1259 3923 1441 3989 subsidunt.
1486 3922 1641 3988 leibus
1663 3945 1751 3987 nune
1773 3924 1976 4007 supersedeo,
1999 3924 2152 4005 quoniam
2175 3923 2239 3988 hae

222 4007 336 4089 plectas
357 4006 509 4070 diuinitas
531 4008 669 4088 loquutus
689 4030 761 4074 esse.
802 4008 902 4090 Atqui
920 4012 1127 4075 testinnonium
1143 4012 1207 4091 spi-
1259 4010 1299 4074 de
1327 4032 1362 4073 re
1390 4009 1468 4073 alibi
1496 4008 1657 4073 tractandi
1684 4008 1773 4073 loeus
1799 4011 1918 4073 iterum
1947 4031 1981 4074 se
2004 4009 2133 4074 offeret:
2164 4016 2240 4073 ten-

228 4094 310 4156 ritus
331 4094 414 4155 orrrui
437 4094 556 4157 rationu
576 4096 793 4174 praestantius
814 4117 879 4160 esse
900 4097 1072 4178 respondeo.
1120 4096 1206 4160 Nam
1259 4105 1329 4159 tum
1352 4095 1613 4172 eunomiumne,
1637 4117 1751 4159 veram
1773 4095 1905 4159 demum
1926 4117 1996 4161 esse
2018 4094 2116 4160 fidem
2138 4115 2240 4178 quam

226 4178 322 4242 sicuti
343 4177 433 4242 Deus
453 4178 540 4244 solus
568 4181 606 4244 de
634 4201 666 4245 se
687 4182 817 4245 'idoneus
838 4188 881 4245 est
903 4184 986 4246 testis
1011 4185 1042 4245 in
1064 4203 1120 4245 suo
1142 4204 1206 4245 ser·
1261 4182 1396 4264 spiritus
1429 4182 1492 4244 Dei
1525 4180 1676 4245 cordibus
1710 4183 1830 4246 nostris
1863 4182 2023 4266 obsignat.
2070 4181 2139 4244 lma
2171 4203 2240 4245 uua

225 4285 329 4340 meroe,
359 4265 404 4328 ita
425 4266 519 4328 amm
542 4286 601 4329 nou
623 4272 692 4331 arete
716 4269 809 4347 fidem
831 4270 959 4348 reperiet
979 4288 1079 4332 sermo
1104 4270 1135 4330 iu
1156 4267 1207 4332 lie
1258 4268 1316 4330 bac
1348 4268 1468 4331 ratiorre
1499 4272 1653 4331 ceraunius
1680 4269 1738 4331 erit
1765 4269 1918 4332 modestus
1940 4288 1976 4331 ac
1997 4268 2106 4332 muta
2131 4268 2238 4332 lectu:

227 4352 348 4414 minum
369 4350 512 4415 cordibus
533 4372 629 4433 quam
645 4354 792 4417 interiere
813 4356 947 4435 spiritus
969 4355 1138 4417 testimonio
1159 4353 1207 4417 ob·
1253 4354 1407 4435 protrudit
1430 4352 1555 4417 lesaias
1577 4354 1649 4437 (54,
1678 4355 1746 4437 13),
1776 4374 1879 4417 urentes
1907 4359 2068 4417 reumatae
2095 4354 2240 4418 ecelesiae

227 4438 375 4519 sequetur.
422 4436 510 4501 Ideru
531 4459 601 4519 erqo
622 4440 756 4519 spiritus
778 4441 833 4519 qui
850 4460 910 4518 per
931 4461 966 4504 os
982 4439 1207 4521 prophetarum
1256 4439 1339 4519 tilios
1367 4438 1430 4502 Dei
1457 4441 1523 4520 fore
1551 4441 1729 4520 discipulos.
1780 4439 1942 4522 Sinqulari
1975 4439 2141 4522 priuileqio
2170 4438 2240 4504 illic

226 4523 373 4603 loqumm
401 4528 456 4600 est,
487 4523 521 4586 in
552 4526 773 4588 cordavestra
795 4531 932 4606 penetret
955 4531 1149 4602 tremescunt,
1172 4530 1206 4588 ut
1259 4523 1349 4589 Deus
1376 4526 1457 4589 salos
1483 4525 1588 4591 electos
1614 4528 1773 4608 diqnatur,
1803 4546 1918 4604 quasa
1947 4531 2006 4590 toto
2033 4525 2170 4589 linusano
2188 4547 2242 4608 qe-

223 4609 413 4688 persuodeat
429 4610 561 4689 fideliter
577 4612 749 4690 protulisse
771 4613 851 4690 quod
868 4612 1019 4675 diuinitus
1036 4617 1103 4675 erat
1119 4633 1206 4676 man-
1257 4632 1328 4675 uere
1349 4612 1503 4676 discerent.
1548 4612 1673 4677 Etenim
1701 4612 1855 4690 quoduam
1883 4633 1972 4674 uerae
1998 4613 2155 4676 doctrinae
2179 4613 2241 4674 ini·

227 4692 344 4757 datum.
389 4693 492 4775 Atque
513 4696 586 4760 baec
607 4698 753 4761 corrrrecio
780 4699 942 4777 aptissime
964 4698 1002 4761 ab
1024 4697 1131 4761 Iesaia
1149 4718 1205 4779 po
1257 4698 1337 4761 tium
1365 4703 1408 4762 est
1436 4699 1500 4762 uisi
1524 4704 1670 4781 prompta
1692 4697 1843 4760 alacritas
1864 4699 1906 4761 ad
1928 4698 2117 4762 andierulam
2139 4718 2241 4762 nocem

228 4779 317 4842 nitm
346 4780 380 4840 iu
408 4779 458 4843 ln's
488 4781 584 4845 uerbis
610 4782 687 4865 (ies.
709 4788 757 4858 59,
781 4784 853 4864 21).·
881 4785 1014 4864 spiritus
1039 4805 1127 4848 meus
1151 4784 1206 4864 qui
1259 4783 1347 4848 Dei?
1380 4785 1479 4865 Atqui
1501 4785 1590 4849 Deris
1611 4783 1719 4847 audiri
1739 4783 1890 4861 postulat,
1907 4805 1967 4864 per
1989 4804 2022 4847 os
2045 4783 2155 4859 Masis,
2179 4784 2242 4848 sie·

229 4864 264 4926 in
292 4869 319 4926 te
341 4869 400 4941 est,
429 4870 456 4926 et
483 4867 575 4929 umba
596 4890 674 4948 quae
695 4870 792 4950 posti-i
819 4870 851 4931 in
880 4891 930 4934 ore
956 4875 1008 4934 tuo
1031 4876 1057 4933 et
1078 4870 1206 4933 sentinis
1257 4871 1305 4933 uti
1332 4873 1482 4952 scriptum
1507 4876 1550 4934 est
1577 4870 1689 4953 (Dent
1716 4872 1771 4944 30,
1800 4872 1837 4931 lo
1856 4869 1973 4952 seqq.):
2010 4891 2045 4932 ne
2082 4871 2170 4934 almas
2203 4871 2242 4934 iu

229 4949 286 5024 tui,
311 4950 344 5012 in
360 4956 547 5030 perpetuum
569 4973 630 5016 non
650 4955 796 5035 defluunt
826 4954 933 5021 Baius
953 4957 1105 5037 quosdam
1125 4955 1206 5020 male
1230 4962 1233 5003 ¹
1258 4957 1345 5021 corde
1366 4962 1426 5034 tuo,
1450 4957 1521 5037 quis
1540 4955 1678 5019 ascendet
1699 4954 1734 5015 in
1755 4956 1883 5032 coelum,
1913 4961 1967 5019 ant
1988 4957 2061 5036 quis
2081 4957 2242 5021 descendet

228 5033 317 5098 babet
345 5035 427 5114 quod
453 5036 529 5099 dum
557 5038 681 5119 impune
716 5040 952 5106 obmurmurant
981 5042 1074 5122 impii
1101 5046 1206 5106 contra
1259 5044 1294 5105 in
1316 5043 1485 5125 abyssum?
1512 5060 1573 5103 ecce
1601 5061 1701 5103 serum
1723 5045 1768 5103 est
1794 5042 1827 5104 iu
1850 5062 1901 5105 ore
1921 5047 1981 5105 tuo.
2030 5041 2066 5105 Si
2088 5042 2168 5105 laune
2192 5043 2240 5105 in-

229 5119 293 5185 Dei
314 5121 454 5197 nubum,
483 5143 543 5184 neri
570 5124 612 5186 ad
632 5145 760 5189 manem
781 5133 924 5208 suppetat
945 5129 1033 5192 clara
1053 5128 1204 5208 probatio.
1260 5129 1441 5211 telliqentiae
1462 5126 1642 5189 thesaurum
1661 5126 1741 5206 filiis
1762 5129 1831 5190 suis
1851 5128 2039 5192 reconditum
2061 5149 2125 5192 esse
2148 5128 2241 5194 Deus

232 5206 331 5289 Quasi
356 5228 427 5272 nero
460 5229 520 5273 non
551 5208 617 5274 ideo
644 5217 766 5276 mcetur
792 5214 926 5296 spriritim
947 5219 974 5279 et
994 5215 1148 5296 sipillum,
1178 5219 1206 5279 et
1258 5216 1362 5294 uoluit,
1396 5213 1477 5277 nitnl
1500 5212 1628 5305 'urinum
1660 5213 1707 5276 uel
1746 5213 1916 5278 absurdum
1947 5215 1977 5277 si
2010 5216 2049 5293 in
2075 5215 2241 5280 luminum
