4672 5842
81 299 142 361 981
421 296 511 362 LIB.
533 297 595 363 IV.
638 296 702 378 DE
725 295 962 367 EXTERNIS
984 298 1152 369 MEDIIS
1173 297 1491 369 1111111111.
1537 301 1636 368 OAP.
1659 301 1755 369 XVL
2026 309 2089 381 982

80 493 146 563 est,
166 506 223 551 eur
240 507 307 551 non
324 492 358 550 et
374 484 416 549 ad
435 485 634 568 baptismum
655 487 766 570 recipi,
790 488 977 573 symbolum
998 509 1058 554 nc·
1111 489 1197 572 apud
1232 489 1413 573 simplicem
1435 491 1575 574 vulgum
1607 489 1838 570 disseminant,
1866 492 2000 576 longam
2028 516 2089 561 an-

79 580 169 637 strae
199 591 275 636 cum
302 570 435 636 Ohristc
462 572 702 638 communionis
735 595 772 638 ae
802 573 983 639 societatis?
1019 572 1058 640 Si
1110 596 1227 640 norum
1261 576 1380 641 seriem
1400 582 1474 658 post
1496 574 1622 640 Christi
1644 577 1917 642 resurrectionem
1941 586 2089 661 praeter·

79 678 197 722 eorum
214 666 265 723 est
281 679 421 741 regnum
442 658 616 736 coelorum,
639 681 698 725 cur
735 660 850 742 ignum
871 660 1057 744 negabitur,
1110 661 1203 740 iisse,
1259 660 1355 727 uibus
1391 662 1578 746 incognitus
1612 670 1682 727 crat
1711 662 2028 747 praedabaptismus,
2052 667 2089 733 in

80 765 145 826 quo
173 742 266 808 velut
295 743 403 808 aditus
430 744 577 826 aperitur
603 745 639 808 in
667 767 722 811 ecc
735 746 846 823 esiam,
870 748 1059 811 utineam
1110 768 1148 811 11
1188 748 1240 811 111
1266 747 1373 813 'ssime
1412 749 1628 813 mentiuntur.
1674 746 1846 830 Siquidem
1885 749 1998 816 nullus
2038 759 2089 818 est

79 831 223 912 cooptati
256 829 451 896 haeredibus
489 831 583 914 regni
620 831 768 897 coelestis
802 831 1056 898 adscribantur?
1110 833 1249 915 scriptor
1281 840 1349 898 tam
1382 840 1531 899 vetustus
1566 834 1620 915 qui
1656 855 1724 898 non
1757 833 1828 900 eius
1856 836 2016 920 originem
2045 837 2088 903 ad

80 914 190 996 Quam
212 914 319 997 iniqui
341 915 474 996 erimus,
496 917 524 981 si
544 915 715 1000 abigamus
737 939 817 999 quos
840 916 993 983 Christus
1015 917 1058 983 ad
1110 919 1331 1001 apostolorum
1353 919 1522 985 saeculum
1544 929 1712 1002 procerte
1734 922 1862 986 referat.

79 1024 115 1068 se
142 1001 282 1067 invitat?
311 1001 340 1065 si
363 1023 444 1084 quos
466 1002 534 1067 suis
557 1000 651 1068 donis
673 1015 784 1080 ornat,
807 1026 823 1069 s
846 1003 1006 1070 oliemus?
1029 1006 1057 1070 si
1197 1009 1225 1070 9.
1271 1002 1429 1087 Superest
1468 1013 1506 1070 ut
1544 1005 1688 1071 breviter
1719 1005 1903 1071 indicemus
1936 1008 2088 1089 quisnam

80 1085 294 1153 excludamus
321 1108 403 1170 quos
431 1087 501 1170 ipse
523 1087 610 1152 ultro
633 1087 796 1153 admittit?
822 1026 918 1171 Suari
941 1091 968 1154 si
991 1089 1057 1155 dis-
1110 1112 1153 1155 ex
1178 1091 1241 1156 hac
1267 1092 1492 1157 observatione
1518 1093 1643 1156 fruetus
1671 1091 1784 1155 redeat
1811 1113 1884 1157 cum
1911 1091 1952 1156 ad
1974 1093 2087 1161 fideles

80 1182 193 1239 cutere
210 1173 362 1239 volumus
379 1183 541 1255 qnantum
559 1196 584 1242 a,
596 1173 757 1257 baptismo
775 1173 860 1240 absit
881 1175 968 1258 quod
990 1175 1057 1242 illic
1108 1176 1166 1258 qui
1191 1176 1309 1242 liberos
1331 1197 1408 1242 suos
1430 1177 1583 1242 eeclesiae
1604 1177 1780 1260 tingendos
1802 1178 2024 1256 sistentium
2045 1180 2087 1245 ad

80 1261 148 1345 egit
159 1258 323 1336 Christus,
342 1270 465 1341 quanto
477 1268 588 1325 tamen
605 1261 728 1325 maiore
746 1263 782 1324 in
799 1262 904 1343 pretio
924 1260 1057 1327 habebi·
1108 1263 1195 1344 ipsos
1213 1263 1269 1347 qui
1287 1283 1379 1327 sacra
1401 1285 1486 1346 aqua
1503 1264 1678 1347 tinguntur
1699 1263 1850 1342 infantes,
1872 1286 1914 1328 ne
1933 1266 2005 1346 quis
2027 1288 2088 1332 ceu

79 1369 154 1412 mus
181 1346 397 1427 baptismum,
427 1367 492 1428 quo
519 1347 734 1412 testificamur
761 1347 905 1412 infantes
933 1347 969 1410 in
991 1348 1057 1412 Dei
1108 1347 1260 1413 inutilem
1278 1371 1315 1414 ac
1333 1349 1470 1414 otiosam
1488 1355 1689 1432 aspernetur.
1722 1347 1920 1431 Quanquam
1936 1351 1965 1415 si
1981 1351 2034 1416 cui
2052 1351 2088 1416 in

79 1432 209 1496 foedere
239 1432 415 1510 contineri,
449 1452 548 1514 quam
574 1433 828 1516 susceptionem,
856 1433 1055 1515 amplexum,
1107 1442 1254 1499 mentem
1276 1435 1368 1499 venit
1397 1434 1702 1517 paedobaptismum
1726 1434 1788 1500 hoc
1810 1441 1985 1516 praetextu
2011 1437 2087 1502 irri-

78 1538 238 1583 manuum
266 1517 518 1599 impositionem,
548 1522 786 1601 precationem,
816 1519 935 1601 quibus
957 1519 1055 1584 Chri·
1108 1519 1194 1598 dere,
1223 1520 1478 1586 circumcisionis
1506 1529 1716 1604 praeceptum
1738 1542 1757 1584 a
1778 1518 1920 1585 Domino
1942 1522 2088 1605 positum

78 1614 151 1670 stus
180 1603 251 1685 ipse
276 1625 432 1685 praesens
453 1610 486 1667 et
506 1626 583 1669 suos
605 1625 675 1669 esse
698 1614 731 1669 et
758 1625 836 1670 ase
858 1605 1055 1671 sanctificari
1107 1604 1249 1671 ludibrio
1271 1605 1376 1671 habet.
1422 1604 1513 1688 Quid
1535 1609 1623 1671 enim
1645 1606 1687 1672 ad
1707 1606 1802 1671 illum
1823 1606 2088 1691 impugnandum

79 1687 247 1756 declarat?
270 1689 356 1754 Aliis
374 1689 514 1767 cavillis,
539 1690 657 1772 quibus
680 1689 811 1755 eludere
834 1690 923 1755 hunc
946 1691 1055 1756 locum
1108 1693 1283 1774 proferent,
1302 1691 1388 1774 quod
1406 1713 1474 1758 non
1489 1693 1525 1757 in
1543 1693 1630 1759 hanc
1648 1691 1895 1774 retorqueatur?
1941 1690 1998 1758 Sic
2015 1693 2086 1759 Do·

79 1777 246 1853 nituntur,
280 1775 364 1839 nihil
397 1797 495 1858 quam
523 1796 615 1841 suam
643 1776 864 1860 ignorantiam
896 1776 1051 1859 produnt.
1106 1778 1217 1842 minus
1247 1777 1414 1844 ulciscitm·
1446 1801 1559 1845 eorum
1592 1779 1815 1862 arrogantiam
1847 1779 1903 1860 qui
1934 1779 2085 1860 protinus

79 1863 290 1945 Argutantur
310 1862 398 1925 enim
419 1884 460 1926 ex
484 1883 521 1926 ec
543 1861 629 1944 quod
658 1862 736 1927 dicit
758 1860 926 1941 Christus,
956 1864 1054 1928 sinite
1106 1863 1266 1929 damnant
1293 1864 1380 1946 quod
1408 1865 1515 1930 carnis
1543 1887 1621 1931 suae
1651 1886 1749 1930 sensu
1779 1885 1846 1928 non
1868 1864 2083 1947 comprehen-

79 1948 191 2013 venite
223 1947 393 2031 parvulos,
433 1949 500 2013 iam
533 1947 780 2031 grandiusculos
796 1950 799 1957 ’
814 1949 909 2013 annis
942 1949 1052 2026 fuisse,
1107 1948 1200 2013 dunt.
1245 1949 1373 2015 Verum
1395 1950 1466 2015 aliis
1489 1951 1589 2016 armis
1611 1971 1672 2015 nos
1694 1950 1829 2014 instruit
1850 1948 1942 2014 Deus
1964 1951 2083 2031 quibus

78 2034 137 2116 qui
170 2033 212 2097 ad
241 2033 492 2117 ingrediendum
524 2035 591 2098 iam
619 2043 729 2099 essent
755 2033 871 2099 idonei.
922 2032 991 2100 Sed
1012 2035 1053 2099 ab
1105 2056 1219 2100 eorum
1255 2034 1414 2101 stoliditas
1446 2035 1649 2101 retundatur.
1694 2036 1808 2118 Neque
1841 2036 1929 2099 enim
1967 2044 2082 2101 sancta

77 2120 288 2204 evangelistis
305 2123 400 2202 βρέφη
414 2123 464 2182 καὶ
475 2118 584 2184 παιδία
603 2120 830 2196 nominantur;
849 2120 966 2202 quibus
979 2142 1054 2185 ver·
1107 2121 1188 2187 haec
1205 2122 1275 2187 eius
1297 2121 1469 2200 institutio,
1492 2143 1556 2204 qua
1576 2122 1675 2187 fidem
1698 2131 1845 2186 nostram
1863 2121 1984 2185 eximia
2004 2141 2081 2186 con·

77 2207 127 2271 bis
156 2206 346 2289 significant
373 2205 493 2271 Graeci
520 2205 699 2271 infantulos
729 2207 769 2270 ab
800 2205 952 2270 uberibus
974 2227 1053 2288 pen·
1106 2207 1262 2273 solatione
1289 2207 1397 2274 iuvari
1425 2208 1594 2287 sentimus,
1618 2226 1820 2290 supervacua
1839 2215 1986 2271 meretur
2007 2207 2079 2273 dici.

78 2293 201 2358 dentes.
248 2291 374 2356 Venire
405 2313 484 2375 ergo
514 2292 657 2374 positum
689 2299 740 2357 est
772 2292 963 2375 simpliciter
995 2314 1055 2375 pro
1107 2291 1279 2375 Siquidem
1306 2294 1371 2358 Dei
1400 2295 1531 2378 signum
1553 2316 1653 2377 puero
1675 2293 1966 2371 communicatum,
1990 2293 2083 2358 velut

78 2377 240 2444 accedam.
292 2378 347 2441 En
365 2379 478 2460 quales
496 2388 656 2462 cogantur
679 2377 845 2460 decipulas
864 2386 977 2443 texere
999 2377 1054 2461 qui
1106 2380 1265 2460 impresso
1298 2379 1414 2463 sigillo,
1448 2381 1697 2462 promissionem
1727 2379 1781 2463 pio
1814 2379 1942 2462 parenti
1971 2378 2083 2445 datam

79 2464 238 2530 adversus
268 2465 442 2529 veritatem
470 2464 687 2529 obduruerant.
738 2464 844 2529 Porro
874 2464 962 2547 quod
988 2465 1054 2530 iac·
1107 2466 1288 2544 confirmat,
1323 2486 1360 2530 ac
1393 2473 1502 2531 ratum
1535 2488 1605 2531 esse
1633 2465 1778 2530 declarat
1804 2464 1891 2547 quod
1917 2465 2081 2530 Dominus

78 2558 153 2616 tant
174 2571 317 2633 regnum
336 2551 500 2615 coelorum
521 2549 702 2615 infantibus
724 2571 792 2615 non
820 2571 890 2615 esse
917 2550 1054 2615 attribu·
1106 2572 1174 2615 non
1199 2551 1248 2617 illi
1275 2551 1381 2632 modo,
1411 2552 1468 2616 sed
1495 2552 1614 2615 semini
1640 2553 1709 2616 eins
1737 2552 1773 2621 in
1795 2551 1905 2615 Deum
1920 2551 1971 2623 'sit
1992 2551 2082 2615 futu·

77 2646 158 2714 tum,
182 2634 240 2701 sed
261 2656 375 2700 eorum
397 2637 573 2716 similibus,
595 2639 749 2718 quoniam
778 2636 905 2701 dicatur
918 2696 925 2712 ,
938 2636 1054 2701 talium
1107 2659 1177 2715 rus,
1196 2657 1302 2720 neque
1320 2659 1397 2702 eum
1414 2637 1509 2703 modo
1530 2638 1677 2703 bonitate
1698 2635 1868 2720 gratiaque
1889 2658 1949 2701 sua
1970 2657 2082 2720 prose-

77 2745 157 2801 esse,
186 2744 253 2787 non
280 2721 437 2805 ipsorum,
465 2722 569 2788 nihilo
596 2730 645 2786 est
667 2721 810 2787 solidius.
855 2721 895 2785 Id
917 2723 1055 2791 enimsi
1106 2723 1163 2805 qui
1194 2723 1284 2802 velit,
1319 2723 1377 2788 sed
1404 2723 1473 2789 eius
1502 2733 1648 2807 posteros
1675 2724 1711 2787 in
1737 2721 1946 2787 millesimam
1979 2743 2082 2804 usque

76 2809 244 2892 recipitur,
266 2809 373 2891 qualis
395 2809 505 2875 futura
527 2815 578 2874 est
596 2805 721 2874 Christi
743 2809 835 2887 ratic,
858 2829 923 2891 qna
945 2816 1054 2874 osten·
1107 2809 1360 2891 generationem
1405 2809 1471 2876 Ubi
1496 2831 1597 2892 quum
1620 2811 1738 2893 ingens
1760 2829 1831 2873 sese
1853 2809 1997 2891 proferat
2017 2807 2083 2873 Dei

76 2896 154 2961 dere
176 2895 251 2961 vult
271 2903 378 2961 aetate
400 2895 543 2960 infantes
565 2916 585 2960 a
606 2916 641 2959 se
663 2916 732 2959 nou
752 2893 898 2960 alienos?
943 2893 1055 2974 Quum
1106 2893 1301 2979 benignitas,
1324 2895 1468 2979 primum
1495 2895 1874 2979 amplissimamgloriae
1896 2893 2082 2978 11111111-

77 2982 169 3045 iubet
194 2988 233 3043 ut
255 2981 297 3045 ad
318 3003 353 3047 se
374 2982 518 3047 infantes
540 2981 693 3048 accedere
715 2981 876 3060 sinantur,
898 2981 982 3045 nihil
1004 2986 1055 3045 est
1106 2979 1265 3047 dicandae
1290 2983 1462 3047 materiam
1484 2981 1688 3064 suppeditat,
1709 2989 1742 3045 et
1762 2982 1817 3064 pia
1837 2987 1970 3061 pectora
1995 2978 2083 3044 laert

77 3067 198 3131 clarius
215 3086 314 3148 quam
330 3089 444 3133 veram
461 3068 634 3133 infantiam
651 3067 768 3132 notari.
814 3064 912 3147 Quod
933 3088 975 3131 11
997 3067 1053 3132 ab·
1106 3067 1154 3131 tic
1184 3088 1245 3131 111
1278 3068 1405 3150 culpari
1429 3066 1604 3151 perfundit,
1634 3089 1699 3150 qua
1726 3064 1824 3131 simul
1846 3064 1888 3129 ad
1909 3064 2082 3130 redaman-

77 3150 215 3216 surdum
253 3152 434 3231 videretur,
467 3153 649 3237 subiungit:
681 3154 799 3218 talium
831 3168 881 3218 est
914 3173 1054 3237 regnum
1106 3152 1185 3217 dum
1213 3160 1283 3218 tam
1303 3154 1395 3238 pium
1415 3161 1545 3236 patrem
1565 3151 1793 3219 vehementius
1813 3151 2007 3228 incitantur,
2030 3150 2084 3215 cui

77 3237 250 3303 coelorum
297 3237 394 3319 Quod
422 3241 449 3304 si
474 3240 616 3306 infantes
639 3236 874 3324 comprehendi
904 3260 1053 3305 neeessa-
1099 3243 1229 3320 procur
1261 3261 1296 3304 se
1335 3241 1559 3323 posteritatem
1591 3260 1684 3305 suam
1717 3259 1815 3305 curae
1848 3257 1919 3302 esse
1952 3257 2030 3302 cons
2054 3237 2082 3300 i·

78 3323 167 3388 rium
191 3330 256 3403 est,
282 3323 419 3390 minime
446 3325 620 3390 obscurum
637 3327 708 3403 erit,
732 3347 790 3409 per
808 3323 984 3391 (1111111111
1002 3332 1052 3391 ta-
1105 3326 1205 3390 ciunt.
1249 3327 1363 3410 Neque
1400 3347 1511 3391 moror
1544 3325 1572 3391 si
1593 3322 1930 3408 quispiam'excipiat‚
1963 3344 1999 3388 oo
2066 3358 2081 3371 ·

77 3410 173 3488 lium,
196 3409 337 3475 infantes
358 3410 447 3494 ipsos
469 3431 506 3476 ac
528 3433 641 3476 eorum
661 3412 786 3477 similes
813 3411 985 3495 designari.
1104 3409 1244 3476 mandae
1271 3412 1414 3479 filiorum
1440 3419 1630 3477 nostrorum
1656 3411 1754 3476 saluti
1785 3410 1933 3474 sufficere
1963 3406 2082 3474 debere

166 3500 193 3558 8.
238 3496 426 3561 Nemoiam
448 3499 576 3580 estqui
597 3519 665 3561 non
682 3497 802 3575 videat,
825 3497 1052 3581 paedobaptis·
1104 3496 1370 3579 promissionem
1402 3497 1532 3581 quando
1567 3519 1659 3563 secus
1690 3497 1762 3561 Deo
1797 3496 1905 3561 visum
1937 3501 1996 3574 est,
2025 3494 2082 3577 qui

78 3601 170 3644 mum
188 3602 393 3665 nequaquam
415 3582 607 3648 humanitus
633 3583 847 3650 fabrefactum
868 3585 977 3663 fuisse,
997 3585 1053 3666 qni
1104 3590 1203 3665 prout
1218 3584 1476 3650 imbecillitatem
1492 3590 1639 3650 nostram
1660 3589 1863 3666 perspectam
1882 3581 1989 3659 habet,
2009 3588 2082 3646 tan·

78 3673 171 3730 tanta
197 3669 376 3749 scripturae
408 3670 639 3751 approbatione
661 3671 826 3738 fulciatur.
876 3671 946 3737 Nec
974 3671 1053 3736 satis
1106 3677 1177 3733 tum
1209 3669 1259 3733 illi
1284 3671 1320 3736 in
1347 3671 1409 3736 hae
1436 3693 1472 3737 re
1498 3670 1668 3755 indulgere
1691 3668 1804 3735 voluit.
1848 3666 2001 3744 Proinde,
2025 3666 2082 3746 qui

77 3753 221 3834 speciose
250 3762 418 3836 nugantur
446 3756 501 3837 qui
529 3756 687 3821 obiiciunt
711 3777 874 3838 nusquam
906 3756 1051 3838 reperiri,
1105 3755 1354 3836 promissionem
1387 3757 1427 3821 de
1459 3755 1681 3822 misericordia
1708 3753 1773 3818 Dei
1802 3753 1838 3816 in
1864 3752 1983 3816 liberos
2005 3770 2081 3814 suos

77 3838 132 3903 vel
158 3839 318 3903 infantem
346 3862 452 3904 unum
479 3862 538 3922 per
565 3841 786 3925 apostolorum
812 3863 931 3906 manus
952 3842 1053 3907 fuisse
1104 3842 1319 3925 propaganda
1351 3864 1406 3908 am
1427 3843 1590 3920 texantur,
1620 3841 1717 3905 officii
1745 3838 1796 3902 sui
1823 3858 1893 3901 esse
1926 3836 2080 3917 cogitent,

78 3925 289 4007 baptizatum.
334 3925 407 3990 Etsi
429 3927 519 3991 enim
546 3927 580 3991 id
606 3928 800 3993 nominatim
823 3926 863 3991 ab
886 3928 1052 4012 evangeli·
1104 3927 1193 4009 ipsos
1226 3929 1393 3996 misericor
1418 3929 1466 3992 ’·e
1489 3925 1636 4012 symbolo
1658 3922 1836 4007 signandos
1858 3920 2012 3986 eeclesiae
2034 3920 2081 3984 of·

77 4012 138 4075 stis
161 4031 227 4075 non
248 4018 412 4089 narratur,
436 4013 512 4094 quia
532 4020 643 4078 tamen
662 4035 765 4096 neque
787 4034 920 4078 rursum
944 4014 1052 4081 exclu-
1104 4014 1204 4094 ferre;
1222 4024 1318 4098 atque
1339 4015 1416 4080 inde
1438 4036 1473 4078 se
1495 4011 1535 4077 ad
1558 4011 1729 4077 certiorem
1751 4008 1896 4073 animare
1918 4005 2081 4087 fiduciam,

78 4095 202 4161 duntur
220 4097 270 4161 illi
291 4097 419 4179 quoties
443 4098 586 4163 familiae
608 4100 744 4165 alicuius
766 4099 949 4182 baptizatae
971 4101 1052 4167 inci·
1105 4097 1192 4181 quod
1223 4101 1388 4184 praesenti
1416 4098 1508 4163 oculo
1537 4095 1652 4161 foedus
1678 4094 1813 4159 Domini
1840 4093 1985 4157 filiorum
2006 4114 2080 4159 suo·

79 4180 127 4245 dit
152 4185 286 4261 mentio,
315 4185 388 4266 quis
409 4181 495 4261 inde,
518 4185 582 4248 nisi
601 4186 736 4251 insanus
754 4188 965 4252 ratiocinetur
985 4209 1054 4252 non
1104 4207 1180 4251 rum
1201 4185 1391 4269 corporibus
1412 4183 1613 4265 insculptum
1635 4188 1781 4248 cernunt.
1826 4178 1988 4245 Nonnihil
2008 4200 2082 4242 rur-

78 4266 176 4333 fuisse
198 4269 398 4352 baptizatos?
434 4267 483 4334 Si
504 4269 584 4351 quid
605 4271 753 4336 valerent
772 4272 807 4337 id
830 4295 933 4357 genus
955 4294 1053 4357 argu·
1104 4292 1181 4336 sum
1214 4271 1426 4336 emolumenti
1464 4269 1558 4352 pueri
1590 4291 1608 4332 1
1640 4289 1698 4332 suo
1737 4265 1899 4350 baptismo
1939 4265 2080 4346 capiunt,

78 4363 199 4434 menta,
221 4356 377 4422 mulieres
394 4356 517 4438 paritor
534 4377 634 4422 coena
654 4355 790 4422 Domini
810 4358 1054 4424 interdicendae
1105 4358 1192 4441 quod
1218 4359 1254 4422 in
1282 4378 1400 4439 corpus
1427 4355 1582 4421 ecclesiae
1608 4353 1698 4418 insiti
1725 4353 1799 4418 aliis
1828 4351 1983 4416 membris
2005 4358 2083 4415 sunt

78 4451 195 4520 essent,
218 4464 300 4525 quas
321 4442 544 4524 apostolorum
565 4442 693 4508 saeculo
715 4443 757 4507 ad
779 4466 852 4509 eam
874 4446 974 4510 fuisse
996 4443 1054 4509 ad·
1106 4444 1272 4527 aliquanto
1294 4442 1594 4509 commendatiores.
1628 4438 1768 4518 Deinde,
1791 4437 1845 4502 ubi
1870 4435 2080 4533 adoleverint,

78 4526 193 4591 missas
211 4550 279 4594 non
295 4528 445 4612 legimus.
491 4526 664 4593 Sedenim
682 4528 735 4593 hic
753 4527 829 4593 fidei
846 4531 960 4614 regula
977 4550 1053 4593 con-
1106 4551 1144 4594 eo
1171 4529 1214 4595 ad
1236 4530 1360 4596 serium
1380 4529 1445 4594 Dei
1467 4527 1596 4594 colendi
1622 4526 1768 4592 studium
1788 4546 1855 4588 non
1876 4520 2084 4587 mediocriter

80 4613 163 4675 tenti
181 4634 302 4679 sumus.
347 4616 438 4678 Dum
459 4613 549 4678 enim
570 4620 759 4695 reputamus
777 4614 856 4696 quid
875 4618 960 4681 11111
981 4636 1054 4680 111-
1106 4617 1327 4695 stimulantur,
1352 4638 1372 4681 a
1393 4637 1456 4699 quo
1478 4615 1513 4679 in
1534 4615 1619 4679 filios
1642 4612 1767 4678 solenni
1790 4608 1971 4691 adoptionis
1992 4628 2082 4692 sym·

79 4717 142 4759 nae
166 4698 344 4776 institutio,
367 4722 408 4767 ex
437 4719 476 4764 eo
498 4700 604 4776 etiam,
627 4699 744 4781 quibus
763 4700 1054 4768 communicandus
1106 4702 1179 4770 holo
1218 4705 1342 4787 accepti
1372 4702 1509 4777 fuerint,
1542 4708 1718 4782 antequam
1746 4719 1804 4781 per
1837 4701 1979 4760 aetatem
2007 4714 2084 4757 eum

79 4783 125 4847 sit
143 4781 232 4847 illius
252 4807 339 4863 usus,
357 4785 451 4851 facile
469 4784 626 4851 iudicium
643 4795 702 4851 est.
737 4784 835 4866 Quod
852 4794 885 4852 et
911 4788 947 4851 in
974 4788 1054 4870 bap-
1106 4809 1282 4873 agnoscere
1299 4802 1427 4873 patrem
1445 4793 1586 4872 possent.
1609 4786 1761 4866 Denique
1777 4792 1901 4846 terrere
1919 4801 1979 4845 nos
1993 4801 2083 4844 sum·

78 4869 176 4932 tismo
206 4869 425 4937 observamus.
477 4869 650 4953 Siquidem
677 4870 737 4936 ubi
758 4872 1054 4939 animadvertimus
1107 4897 1239 4958 mopere
1267 4876 1364 4942 debet
1390 4871 1651 4957 illadamnatic,
1680 4869 1844 4937 vindicem
1871 4867 1940 4931 fore
1961 4864 2082 4944 Deum,

77 4974 177 5037 quem
203 4954 239 5016 in
258 4956 358 5021 finem
384 4957 555 5024 institutus
576 4959 686 5039 filerit,
704 4957 874 5026 evidenter
896 4959 1053 5042 conspici·
1107 4961 1226 5044 siquis
1247 4961 1386 5027 foederis
1406 4957 1554 5045 symbolo
1575 4957 1681 5023 filium
1703 4954 1863 5039 insignire
1884 4958 2084 5051 contemnat³

77 5061 162 5118 mus,
181 5048 215 5105 11
236 5040 416 5109 infantibus
430 5066 498 5110 non
518 5045 631 5110 minus
648 5051 831 5127 competere
852 5067 952 5128 quam
973 5053 1055 5112 natu
1106 5047 1194 5130 quod
1215 5070 1253 5114 ec
1276 5055 1465 5130 contemptu
1486 5043 1594 5111 oblata
1616 5042 1723 5128 grath
1743 5045 1917 5122 respuatur
1938 5043 1972 5104 ct
1991 5059 2087 5120 quasi

77 5126 317 5210 grandioribus.
360 5129 410 5194 Eo
426 5130 536 5214 itaque
552 5132 678 5214 privari
699 5139 870 5215 noqueunt
890 5133 971 5215 quin
989 5131 1054 5197 Dei
1107 5134 1261 5199 eiuretur.
1493 5127 1513 5160 ³

77 5215 202 5278 autoris
223 5211 390 5279 voluntati
410 5214 500 5283 fraus
519 5219 696 5285 manifesta
712 5221 779 5284 fiat
825 5216 1054 5299 1111111111
1127 5257 1130 5261 ψ
1198 5225 1245 5284 10.
1290 5218 1363 5282 Iam
1390 5224 1585 5302 argumenta
1612 5214 1828 5281 (1111111111
1851 5210 1968 5295 quibus
1990 5230 2087 5277 sano·

1829 5314 1879 5368 69*
