4672 5842
165 314 249 377 1555
500 312 590 378 ma.
613 260 674 378 11.
718 314 782 380 55
804 313 1039 384 annueris
1061 311 1229 381 1155118
1251 313 1317 380 aa
1340 311 1570 381 8111111111
1615 313 1715 382 oar.
1737 316 1836 383 111
2090 326 2173 390 1555
2272 326 2274 331 ·

163 500 354 566 audiamus:
391 500 525 566 diacono
554 503 610 584 qui
637 501 824 583 ordinatur,
857 505 946 570 solus
973 505 1142 588 episeopus
1194 503 1390 567 flmrandam
1422 503 1681 584 promissionem.
1731 504 1825 569 Nihil
1847 507 1912 571 tale
1939 529 2010 573 esse
2037 510 2072 572 in
2098 532 2170 576 ma·

161 608 299 653 manum
319 586 469 671 imponit.
514 587 671 652 Orarium
693 588 743 652 illi
764 596 797 654 et
814 590 932 656 stolam
955 612 1054 673 super
1074 591 1142 667 lae-
1193 589 1346 653 trimonio
1369 589 1463 670 pueri
1482 610 1609 673 quoque
1631 589 1832 655 iudicabunt.
1863 590 1931 657 Sed
1953 594 2088 677 signum
2110 605 2168 676 est,

161 693 243 739 vum
276 672 452 738 humerum
485 673 634 753 collocat,
662 682 702 738 ut
727 674 890 760 intelligat
917 698 952 741 se
980 678 1143 758 accepisse
1193 674 1359 757 inquiunt,
1390 694 1501 740 sacrae
1523 677 1590 752 roi,
1610 675 1672 738 1155
1694 684 1743 741 585
1762 678 1942 759 spiritualis
1970 681 2170 747 coniunctio-

161 760 279 843 iugum
312 758 447 823 Domini
475 759 561 837 leve,
588 781 651 842 quo
677 759 720 825 ad
749 762 918 826 sinistram
943 762 1143 846 pertinentia
1192 760 1245 825 1118
1267 759 1393 826 Christi
1414 783 1488 826 cum
1511 761 1653 826 ecclesia.
1699 760 1738 827 Si
1755 762 1854 827 verbo
1877 765 1963 847 signi
1984 766 2170 850 symbolum

161 844 275 910 divino
296 845 406 910 timori
429 845 588 911 subiiciat.
633 847 776 912 Tantum
807 848 970 932 evangelii
995 849 1140 931 praebet,
1192 845 1382 930 intelligunt
1403 847 1512 911 aDeo
1539 847 1633 913 nobis
1655 847 1689 911 in
1713 848 1774 912 hoo
1802 850 2006 932 propositum
2034 860 2071 916 ut
2092 853 2170 918 fidei

162 939 202 995 ut
223 952 258 996 se
280 932 350 996 eius
376 953 570 1015 praeconem
593 941 758 1017 agnoscat.
802 933 849 998 Et
867 934 969 999 istaec
999 934 1077 1017 quid
1099 931 1141 997 ad
1192 941 1324 997 nostrae
1345 932 1577 998 certitudinem
1595 933 1709 1016 erigat,
1732 935 1828 1018 longe
1847 957 1867 999 a
1883 958 1978 1018 scopo
1999 938 2169 1020 aberrant;
2266 1011 2267 1014 Ἴ

161 1016 338 1082 diaconos?
383 1018 527 1083 Perinde
553 1040 631 1084 vero
658 1019 785 1084 faciunt
804 1041 843 1084 55
864 1020 893 1083 81
915 1021 989 1103 5518
1010 1026 1141 1102 aposto·
1190 1019 1219 1083 si
1242 1019 1374 1103 signum
1396 1019 1587 1101 simpliciter
1608 1020 1780 1102 accipiunt,
1809 1021 1896 1103 quod
1922 1021 1957 1086 in
1980 1023 2170 1089 similitudi·

160 1103 211 1168 los
241 1124 276 1167 se
304 1104 475 1168 instituere
508 1102 631 1170 diceret
683 1126 743 1170 uos
777 1104 940 1170 duntaxat
972 1105 1141 1170 adolendis
1192 1124 1269 1169 nem
1286 1104 1463 1169 adductum
1482 1105 1533 1184 sit,
1552 1104 1722 1171 ostendam
1740 1127 1839 1188 quam
1858 1115 1953 1172 acute
1971 1109 2167 1176 ratiocinan-

162 1188 330 1268 thuribus,
355 1190 537 1254 simulaoris
559 1127 727 1273 poliendis,
750 1190 980 1257 converrendis
998 1191 1139 1274 templis,
1192 1199 1255 1254 tur.
1292 1191 1417 1256 Paulus
1439 1192 1486 1254 ait
1503 1193 1535 1274 (1
1557 1191 1631 1257 (lor.
1653 1196 1701 1269 15,
1725 1192 1796 1276 41);
1817 1193 1902 1257 81555
1923 1194 2020 1258 stella
2037 1196 2170 1261 astella

162 1274 332 1357 captandis
371 1276 534 1354 muribus,
575 1275 727 1360 fugandis
765 1277 900 1342 canibus
938 1279 1138 1360 praeficeret.
1192 1275 1303 1340 differt
1320 1278 1356 1341 in
1379 1277 1541 1354 claritate,
1565 1278 1611 1343 sie
1640 1279 1703 1342 erit
1730 1280 1925 1343 resurrectio
1951 1288 2167 1348 mortuorum.

163 1358 248 1441 Quis
270 1360 304 1424 id
327 1363 499 1426 hominum
521 1384 625 1445 genus
647 1364 759 1428 vocari
781 1363 943 1445 apostolos
961 1370 1138 1447 pateretur,
1191 1362 1246 1427 En
1273 1384 1376 1426 unum
1404 1370 1653 1428 sacramentum
1698 1362 1853 1428 Christus
1882 1366 1930 1428 ait
1955 1366 2089 1448 (Matth.
2117 1371 2167 1447 13,

161 1454 197 1512 et
225 1447 365 1511 conferri
391 1469 468 1514 oum
496 1449 576 1531 ipsis
608 1448 736 1514 Ohristi
768 1449 945 1533 apostolis?
996 1449 1140 1515 Posthac
1194 1452 1231 1510 31
1253 1456 1286 1512 et
1309 1450 1379 1530 33):
1419 1449 1525 1513 simile
1552 1455 1603 1527 555
1635 1470 1775 1531 regnum
1802 1450 1965 1514 coelorum
1993 1472 2097 1534 grano
2124 1455 2168 1519 si-

162 1554 241 1616 ergo
259 1554 301 1597 ne
324 1532 475 1598 diaconos
498 1555 568 1598 esse
589 1535 803 1612 mentiantur,
822 1556 902 1617 quos
924 1557 990 1600 non
1012 1536 1077 1601 nisi
1098 1535 1141 1599 ad
1193 1534 1297 1617 napis.
1343 1535 1399 1598 En
1425 1534 1575 1599 alterum.
1626 1535 1790 1600 Rursum:
1819 1535 1925 1599 simile
1954 1545 2004 1601 585
2030 1559 2170 1622 regnum

162 1619 369 1684 histrionicos
391 1639 469 1685 suos
490 1620 585 1686 ludos
607 1621 792 1686 instituunt.
839 1620 1046 1701 Quinetiam
1068 1622 1139 1703 ipso
1193 1619 1358 1684 coelorum
1378 1620 1547 1685 fermento.
1591 1621 1678 1686 Ecce
1699 1622 1843 1685 tertium.
1887 1621 2010 1686 Iesaias
2033 1625 2080 1686 ait
2101 1624 2168 1709 (40,

161 1705 294 1769 nomine
316 1706 396 1771 85518
424 1704 591 1771 (155151555
622 1707 718 1789 55515
741 1709 784 1772 815
806 1707 958 1772 officium.
1003 1707 1140 1773 Levites
1195 1705 1265 1789 ll):
1289 1725 1362 1770 ecoe
1380 1707 1544 1771 Dominus
1574 1728 1709 1791 gregem
1738 1728 1835 1771 suum
1862 1716 1974 1789 pascet
1995 1710 2088 1790 quasi
2110 1724 2188 1793 pa·

163 1792 252 1856 enim
274 1792 449 1874 appellant,
473 1813 649 1876 eorumque
672 1794 834 1857 rationem
856 1814 893 1858 ac
915 1793 1075 1876 originem
1098 1791 1140 1855 ad
1192 1800 1268 1856 8551.
1314 1793 1400 1856 Ecce
1421 1799 1584 1874 quartum.
1629 1793 1981 1876 Α11111(158.42,13);
2006 1795 2169 1860 Dominus

161 1878 247 1942 filios
284 1878 369 1943 Levi
407 1878 521 1942 referri
559 1879 683 1943 volunt
741 1876 838 1959 Quod
873 1899 932 1961 per
970 1900 1024 1943 me
1067 1879 1140 1962 qui·
1191 1879 1284 1960 quasi
1307 1879 1400 1961 gigas
1422 1878 1616 1960 egredietur.
1652 1880 1909 1961 Eccequintum.
1943 1880 1990 1943 Et
2007 1881 2081 1962 quis
2094 1888 2169 1946 tan-

162 1963 238 2028 dem
262 1964 353 2042 licet,
381 1964 478 2028 modo
500 1986 543 2029 ne
565 1964 681 2030 alienis
713 1965 835 2047 plumis
861 1987 916 2030 eos
942 1971 1056 2046 postea
1083 1986 1140 2030 ve-
1191 1962 1267 2028 dem
1287 1964 1363 2029 fmis
1385 1971 1442 2028 aut
1462 1964 1601 2029 modus?
1630 1964 1714 2029 nihil
1735 1964 1797 2030 hac
1825 1965 1952 2029 ratione
1979 1986 2167 2032 sacramen-

162 2049 274 2114 stiant
1192 2055 1262 2113 tum
1285 2069 1354 2113 non
1380 2049 1456 2113 erit:
1485 2058 1565 2132 quot
1583 2051 1619 2114 in
1642 2050 1805 2132 scriptura
1832 2049 2005 2133 parabolae
2034 2059 2169 2118 suntet

250 2140 300 2200 33.
345 2136 397 2200 De
419 2135 653 2221 hypodiaconis
675 2135 754 2219 quid
772 2136 880 2202 dicere
902 2134 1040 2201 attinet?
1062 2157 1140 2200 nam
1192 2134 1437 2214 similitudines,
1471 2141 1520 2200 555
1547 2144 1645 2200 amnt
1678 2143 1889 2201 sacramenta
1942 2134 2033 2217 erin
2069 2139 2170 2203 etiam

161 2243 264 2305 quum
291 2242 328 2285 re
362 2243 440 2287 vera
473 2243 569 2287 curae
602 2243 784 2305 pauperum
816 2222 895 2285 olim
926 2222 1138 2305 praefuerint,
1191 2221 1318 2284 furtum
1345 2229 1587 2286 sacramentum
1613 2223 1690 2299 erit,
1714 2220 1978 2305 quandoquidem
2011 2226 2170 2306 scriptum

160 2308 369 2391 nugatoriam
391 2309 501 2373 nescio
523 2330 621 2391 quam
642 2309 844 2373 functionem
860 2307 926 2373 illis
945 2308 1139 2386 attribuunt,
1192 2320 1243 2371 est
1259 2312 1292 2389 (1
1313 2306 1425 2372 Thess.
1447 2312 1475 2387 5,
1495 2307 1544 2392 2);
1568 2308 1636 2373 (1158
1658 2308 1794 2373 Domini
1816 2309 1982 2373 81555151.
2019 2308 2102 2390 Quis
2120 2311 2167 2375 fe·

161 2401 199 2458 ut
221 2394 355 2460 calicem
377 2415 415 2458 ac
435 2403 606 2476 patenam,
636 2395 900 2460 urecolum'cum
923 2413 1023 2476 aqua,
1043 2414 1139 2457 man-
1191 2400 1245 2457 rat
1265 2394 1345 2457 18558
1372 2393 1535 2476 sophistas
1564 2402 1633 2458 tam
1653 2395 1771 2459 inscite
1798 2394 2001 2478 garrientes?
2046 2396 2169 2461 Fateor

160 2479 221 2544 tile
249 2479 290 2544 ad
313 2480 417 2544 altare
439 2480 600 2559 deferant,
635 2501 752 2563 555515
785 2479 927 2544 fundant
953 2480 995 2543 ad
1022 2500 1140 2544 manus
1192 2478 1340 2561 quidem,
1375 2480 1501 2561 quoties
1534 2481 1692 2562 aspicitur
1723 2480 1816 2559 vitis,
1848 2480 2007 2562 optimum
2033 2502 2104 2546 esse
2130 2483 2168 2546 in

161 2565 333 2645 lavandas,
356 2574 416 2631 ete.
462 2565 536 2631 lom
556 2587 627 2631 cero
649 2566 735 2648 quod
761 2564 801 2630 de
822 2564 1040 2630 oblationibus
1058 2566 1140 2631 reei-
1192 2565 1386 2629 memoriam
1419 2566 1565 2631 revocari
1588 2565 1674 2649 quod
1701 2566 1748 2630 ait
1775 2564 1928 2630 Christus
1962 2566 2090 2646 (Ioann.
2119 2573 2168 2646 15,

161 2651 289 2735 piendis
318 2659 352 2716 et
378 2652 558 2717 inferendis
591 2652 718 2730 (115555,
748 2674 803 2716 558
835 2651 1027 2736 intelligunt
1058 2672 1139 2734 quas
1195 2652 1346 2736 lseqq.):
1387 2673 1447 2735 ego
1470 2673 1544 2716 sum
1565 2653 1653 2730 ritis,
1676 2672 1735 2717 vos
1756 2651 1923 2734 palmites,
1951 2658 2046 2734 pater
2075 2674 2169 2718 meus

161 2737 254 2803 velut
275 2737 475 2803 anathemati
493 2737 672 2803 (1585155558
694 2737 911 2836 ingurgitant.
956 2737 1045 2802 Huic
1067 2758 1140 2800 mu·
1191 2735 1305 2802 cultor.
1350 2735 1488 2818 Quoties
1510 2739 1653 2803 occurrit
1672 2745 1785 2821 pastor
1805 2758 1882 2803 cum
1899 2758 2008 2820 grege,
2032 2746 2066 2802 et
2086 2738 2170 2803 illud

161 2825 234 2888 neri
251 2824 373 2907 optime
392 2825 569 2907 respondet
589 2822 743 2888 initiandi
764 2823 858 2901 ritus,
877 2830 915 2888 ut
931 2823 971 2887 ab
990 2823 1139 2905 episeopo
1191 2823 1291 2886 etiam
1319 2844 1489 2889 occurrere
1522 2823 1644 2889 bonum
1671 2844 1742 2888 esse
1770 2823 1898 2908 (Ioann.
1929 2827 1981 2901 10,
2009 2824 2079 2908 11);
2109 2844 2170 2908 ago

161 2919 316 2992 patenam
339 2917 372 2974 55
394 2911 537 2991 calicem,
561 2911 601 2975 ab
625 2910 852 2976 archidiacono
875 2908 1043 2973 urceolum
1064 2929 1140 2973 cum
1191 2930 1263 2974 sum
1281 2917 1395 2991 pastor
1412 2910 1537 2989 bonus;
1555 2930 1634 2975 oves
1651 2929 1744 2974 meae
1762 2928 1869 2974 meam
1888 2928 2000 2974 1555111
2018 2908 2167 2974 audiunt

162 3017 259 3078 aqua,
288 2997 441 3061 manuale
465 3005 499 3061 et
525 2996 713 3061 huiusmodi
745 3003 857 3061 scruta
879 2994 1025 3076 accipiat.
1074 2993 1139 3059 His
1191 2994 1319 3059 Verum
1336 2996 1365 3059 81
1381 2997 1454 3078 5518
1470 2996 1554 3061 55158
1576 2995 1807 3060 similitudines
1829 2995 2043 3060 sacramentis
2064 3017 2170 3060 annu·

160 3081 293 3164 ineptiis
315 3089 353 3146 ut
374 3081 539 3148 inclusum
556 3084 706 3165 spiritum
728 3088 877 3147 sanetum
900 3082 1062 3145 fateamur
1082 3101 1139 3162 po-
1191 3088 1304 3160 meret,
1327 3082 1362 3145 in
1383 3082 1580 3167 Anticyram
1599 3080 1777 3146 mittendus
1800 3080 1851 3146 sit.

162 3167 295 3232 stulant.
341 3164 426 3247 Quis
448 3169 522 3251 pius
549 3168 611 3233 hoc
638 3167 814 3234 concedere
843 3164 1025 3232 sustineat?
1071 3165 1139 3231 Ve-
1279 3171 1328 3231 35.
1374 3167 1485 3232 Verba
1508 3176 1618 3232 tamen
1640 3167 1739 3233 Pauli
1761 3165 1954 3245 obtrudunt,
1977 3166 2097 3249 quibus
2118 3186 2170 3231 sa·

162 3272 253 3328 rum,
274 3260 312 3316 ut
334 3253 435 3317 semel
462 3254 632 3333 finiamus,
655 3255 732 3320 lieet
753 3253 793 3319 de
815 3254 855 3318 iis
873 3253 961 3317 idem
989 3251 1076 3335 quod
1097 3251 1139 3316 de
1191 3254 1350 3318 crementi
1382 3274 1503 3318 nomen
1531 3254 1738 3318 matrimonio
1770 3253 1905 3317 attribui
1931 3252 2044 3318 dicunt
2067 3251 2168 3336 (Eph.

162 3335 297 3419 reliquis
319 3346 472 3405 85555515.
512 3339 628 3423 Neque
647 3341 736 3405 enim
758 3360 840 3421 opus
861 3347 912 3404 est
933 3338 1065 3422 longius
1086 3358 1139 3402 re-
1193 3344 1227 3416 5,
1247 3338 1321 3423 29):
1350 3339 1408 3421 qui
1428 3360 1566 3404 uxorem
1590 3339 1707 3424 diligit,
1732 3361 1767 3404 se
1788 3341 1898 3423 ipsum
1925 3338 2045 3422 diligit;
2073 3358 2170 3402 nemo

161 3428 273 3506 petere
299 3444 383 3506 quae
409 3447 509 3507 supra
537 3433 616 3491 sunt
633 3426 812 3510 explicata
857 3424 930 3490 Hoc
958 3424 1039 3490 satis
1068 3444 1138 3488 esse
1191 3445 1338 3506 unquam
1370 3446 1504 3490 55155111
1535 3447 1630 3491 85551
1660 3425 1735 3490 odio
1764 3424 1894 3504 habuit,
1923 3424 1979 3489 sed
2009 3425 2116 3489 nutrit
2138 3431 2172 3489 55

161 3508 284 3592 poterit
314 3509 468 3577 modestis
501 3519 535 3576 55
568 3511 740 3591 docilibus,
774 3511 888 3594 quales
919 3509 1138 3576 instituendos
1190 3510 1905 3591 1515551115,81555550111855855515815111;
1929 3510 2173 3594 quiamembra

162 3595 299 3678 suscepi,
321 3596 451 3661 nullum
474 3619 544 3663 esse
565 3599 630 3664 Dei
648 3606 889 3664 sacramentum
910 3596 974 3661 nisi
991 3595 1047 3660 ubi
1065 3617 1137 3661 cae·
1189 3617 1305 3661 sumus
1322 3599 1556 3679 cerporiseins,
1575 3598 1615 3663 de
1631 3619 1728 3664 carne
1743 3599 1824 3676 eius,
1841 3603 1875 3661 et
1891 3597 1932 3662 (15
1944 3597 2069 3663 ossibus
2086 3597 2171 3676 eius;

161 3682 309 3746 remonia
335 3683 518 3749 ostenditur
547 3705 677 3749 annexa
709 3682 932 3766 promissioni;
965 3689 1024 3746 aut
1050 3689 1137 3746 certe
1189 3692 1323 3764 propter
1340 3683 1403 3747 hcc
1420 3684 1583 3767 relinquet
1600 3685 1697 3750 homo
1713 3691 1841 3768 patrem
1853 3689 1886 3747 55
1901 3691 2050 3759 matrem,
2069 3689 2103 3745 55
2113 3680 2171 3744 ad·

160 3767 280 3917 ffitius,
309 3768 374 3831 nisi
403 3768 458 3834 ubi
475 3771 647 3851 promissio
673 3771 709 3834 in
736 3768 940 3834 caeremonia
963 3774 1136 3850 spectatur.
1190 3766 1339 3834 haerebit
1359 3770 1456 3834 uxori
1478 3792 1570 3849 suae,
1593 3778 1628 3836 et
1648 3779 1745 3836 erunt
1766 3769 1830 3833 duo
1846 3770 1881 3831 in
1902 3787 2035 3832 carnem
2054 3786 2170 3829 unam:

200 3853 226 3917 'c
242 3873 286 3916 ne
304 3854 433 3937 syllaba
454 3855 585 3938 quidem
608 3856 750 3921 habetur
772 3862 879 3921 certae
901 3854 1041 3920 alicuius
1062 3874 1137 3938 pro-
1190 3863 1432 3920 sacramentum
1453 3857 1515 3923 hoc
1537 3878 1695 3939 magnum
1717 3862 1780 3932 est;
1809 3875 1869 3935 ego
1890 3858 2000 3915 autem
2022 3849 2108 3928 dice,
2135 3851 2171 3914 in

161 3939 341 4020 missionis;
373 3941 495 4005 frustra
521 3941 623 4024 igitur
655 3950 832 4024 quaeratur
860 3940 1064 4006 caeremonia
1096 3938 1138 4003 ad
1192 3938 1325 4006 (11111855
1348 3951 1382 4007 55
1402 3943 1547 4008 ecclesia
1592 3943 1641 4004 At
1662 3941 1709 4004 sic
1729 3945 1871 4002 tractare
1891 3936 2080 4017 scripturas,
2103 3942 2171 4000 ter·

163 4025 420 4093 confirmandam
447 4028 702 4109 promissionem.
747 4028 896 4093 Rursum
917 4025 1011 4090 nulla
1029 4047 1138 4091 55515-
1191 4048 1264 4092 ram
1286 4028 1376 4093 55515
1403 4030 1540 4093 15185515
1562 4033 1620 4089 585.
1665 4023 1806 4101 Ρ55158,
1829 4030 1867 4085 55
1889 4020 2076 4086 ostenderet
2095 4043 2169 4087 ma·

162 4109 280 4191 monia,
297 4133 339 4176 51
356 4112 397 4176 iis
414 4134 495 4194 quas
515 4120 686 4196 usurpant,
704 4133 725 4176 a
741 4114 814 4178 Deo
834 4112 987 4178 instituta
1003 4112 1137 4197 leg'tur:
1192 4114 1274 4192 ritis,
1303 4134 1401 4196 qnam
1423 4109 1583 4195 singulari
1611 4129 1721 4175 amore
1748 4127 1869 4172 uxores
1891 4127 1968 4172 8558
1997 4108 2168 4190 complecti

162 4205 405 4263 sacramentum
422 4199 523 4282 igitur
544 4200 673 4263 nullum
694 4220 765 4264 esse
787 4205 903 4282 potest.
1191 4197 1347 4275 debeant,
1381 4196 1553 4263 (1111185515
1575 4194 1642 4261 illis
1663 4196 1698 4259 in
1725 4194 1895 4277 exemplar
1915 4194 2077 4276 proponit.
2122 4193 2170 4259 Ut

1193 4284 1283 4348 enim
1305 4283 1360 4348 ille
1381 4285 1508 4349 viscera
1529 4281 1660 4365 pietatis
1678 4280 1794 4346 effudit
1810 4280 1845 4344 in
1868 4280 2045 4358 ecclesiam,
2070 4298 2168 4363 quam

456 4402 855 4470 1151111015
1192 4366 2170 4539 5155515555555.5

251 4546 301 4607 34.
343 4545 555 4610 Postremum
581 4548 631 4606 est
656 4539 919 4618 matrimonium,
948 4539 1034 4623 quod
1063 4546 1141 4605 uta
1193 4559 1332 4603 51515111
1351 4542 1473 4626 diligit,
1504 4542 1716 4623 semetipsum
1745 4539 1865 4622 diligit,
1894 4536 2171 4621 quemadmodum

164 4628 238 4693 Deo
256 4627 442 4694 institutum
471 4629 616 4693 fatentur
638 4647 766 4703 omnes,
789 4627 835 4690 ita
856 4646 916 4709 pro
936 4632 1141 4691 sacramento
1194 4624 1347 4692 Christus
1375 4627 1490 4693 dilexit
1516 4628 1694 4693 eeclesiam.
1738 4627 1858 4706 Porro,
1876 4633 1915 4688 55
1936 4624 2067 4689 (1555155
2088 4643 2168 4705 quc-

167 4711 282 4776 datum
313 4735 407 4779 nemo
436 4737 540 4797 usqne
566 4709 610 4778 'ad
636 4711 789 4795 Gregorii
823 4718 972 4794 tempora
1003 4710 1139 4777 viderat
1193 4710 1289 4776 modo
1309 4712 1464 4780 (111118558
1485 4714 1638 4778 dilexerit
1658 4713 1827 4778 ecelesiam
1849 4709 1984 4794 perinde
2002 4716 2099 4791 55555
2117 4730 2168 4772 se·

166 4799 214 4864 Et
235 4798 288 4863 cui
310 4820 452 4881 unquam
474 4801 581 4867 sobrio
602 4801 640 4864 in
661 4808 806 4863 mentem
833 4797 996 4863 venisset?
1042 4796 1140 4863 0511-
1193 4799 1378 4880 metipsum,
1397 4801 1464 4865 imo
1481 4795 1641 4883 quomodd
1658 4820 1693 4864 se
1709 4818 1815 4862 unum
1831 4797 1945 4862 fecerit
1958 4817 2034 4860 cum
2051 4814 2171 4877 sponsa

166 4885 257 4950 natio
285 4882 350 4947 Dei
377 4885 462 4952 bona
483 4896 535 4953 est
555 4894 589 4952 55
610 4891 732 4951 sancta
776 4884 823 4948 Et
845 4883 1059 4966 agricultura,
1089 4904 1141 4948 ar-
1195 4905 1254 4949 sua
1272 4885 1416 4964 ccclesia,
1434 4887 1536 4952 refert
1548 4885 1590 4951 ad
1602 4908 1677 4950 eum
1695 4906 1777 4968 quae
1795 4884 1906 4948 Moses
1926 4888 2039 4946 narrat
2060 4880 2170 4946 Adam

167 4970 359 5047 ohitectura,
382 4973 517 5054 sutrina,
540 4971 712 5050 tonstrina,
735 4967 956 5035 ordinationes
977 4976 1057 5034 sunt
1077 4970 1141 5034 Dei
1196 4967 1235 5033 de
1258 4991 1292 5036 se
1320 4972 1449 5038 dixisse.
1503 4970 1615 5052 Quum
1643 4972 1730 5036 enim
1759 4968 1898 5035 adducta
1924 4976 2010 5032 esset
2037 4968 2072 5031 in
2099 4967 2170 5031 eius

167 5056 348 5141 legitimae,
382 5077 441 5120 neo
468 5065 580 5125 tamon
610 5062 818 5124 sacramenta
850 5063 935 5121 sunt
985 5055 1026 5119 Id
1054 5056 1142 5120 enim
1195 5067 1404 5141 conspectum
1425 5058 1531 5137 Hera,
1554 5078 1653 5139 quam
1670 5079 1688 5122 5
1706 5076 1765 5122 855
1782 5063 1873 5121 costa
1893 5055 2068 5119 formatam
2088 5053 2169 5118 seie-

167 5165 235 5209 non
252 5148 380 5207 tantum
397 5143 434 5204 in
453 5152 655 5210 sacramento
672 5141 841 5227 quaeritur
857 5150 894 5205 ut
910 5142 975 5206 Dei
992 5142 1035 5206 sit
1052 5161 1141 5224 opus,
1195 5141 1265 5208 bat:
1285 5144 1375 5223 haec,
1393 5144 1502 5227 inquit
1519 5143 1618 5228 (Gen.
1638 5146 1667 5223 2,
1681 5141 1747 5223 23),
1766 5149 1865 5207 58558
1878 5162 1920 5205 51
1934 5139 2061 5204 ossibus
2076 5139 2168 5217 meis,

169 5229 228 5297 sed
249 5229 352 5294 55815
372 5230 576 5294 caeremonia
596 5231 739 5296 exterior
755 5248 777 5293 a
793 5227 866 5294 Dec
881 5228 989 5312 posita
1006 5226 1048 5293 ad
1065 5249 1142 5293 con·
1196 5232 1230 5291 et
1250 5250 1326 5298 caro
1354 5231 1515 5298 decarne
1542 5250 1625 5296 mea
1670 5229 1791 5295 'Potum
1811 5225 1846 5292 id
1866 5224 2082 5313 spiritualiter
2107 5224 2172 5290 im·

279 5331 390 5386 (1515151
403 5345 495 5400 opera.
537 5331 592 5385 Vol
611 5331 654 5386 11.
1934 5325 1968 5380 69

1938 5474 1969 5541 tt
