4672 5842
162 293 243 354 1001
424 288 515 355 LIB.
538 289 598 352 IV.
643 291 707 355 DE
728 288 965 356 EXTERNIS
988 292 1154 358 idanus
1176 294 1241 358 AD
1265 291 1495 359 SALUTEM.
1541 292 1640 358 OAP.
1661 292 1757 358 XVI.
1786 292 1900 358 XVII.
2082 297 2165 360 1002

162 479 206 543 ad
236 475 393 542 &rictum
411 479 486 566 ¹uisi
514 479 570 558 pui
603 500 624 542 o
652 478 771 543 Icariae
796 480 914 561 feceriut
940 482 1138 562 praeparati.
1191 481 1303 547 statim
1332 501 1352 544 a
1378 489 1477 565 partu
1503 483 1647 547 filiorum
1673 481 1744 546 loco
1772 470 1843 548 ossii
1871 483 1911 548 ab
1938 483 2008 565 ipso
2037 484 2165 551 habitas

166 564 267 646 Quasi
299 584 369 628 uero
404 584 465 628 mou
503 564 601 645 fuerit
631 565 796 647 temporale
829 565 962 630 Ioauuis
993 566 1138 648 otidum.
1191 575 1223 633 et
1245 567 1381 651 agnitos.
1395 568 1421 652 ¹)
1465 566 1701 648 Quamobrem,
1729 569 1794 632 nisi
1815 569 1959 654 maligne
1981 570 2045 634 Dei
2067 569 2165 636 bene-

163 650 227 715 Sec
253 653 288 712 ut
315 649 368 715 troc
395 651 549 728 omittam,
581 651 641 716 illo
662 656 738 715 certe
760 653 969 733 praeparatio
990 673 1052 716 uou
1076 654 1140 734 fuit
1190 654 1356 719 fioentiam
1378 653 1553 719 obscurare
1575 655 1670 732 libet,
1698 654 1840 719 infantes
1861 655 1910 718 illi
1933 663 2064 720 nostros
2086 657 2165 721 offe-

159 736 196 800 iu
217 736 340 816 pueris,
368 757 444 817 quos
473 736 636 816 amplexus
662 742 706 802 est
735 736 879 801 Cleristus
911 758 948 801 ao
975 739 1138 803 benedixit.
1190 761 1318 818 ramus,
1347 739 1466 822 quibus
1492 740 1600 804 locum
1628 740 1717 804 inter
1745 762 1821 805 suos
1848 741 2026 806 familiares
2048 761 2085 807 ao
2108 740 2165 806 do·

166 823 270 904 Quare
291 822 393 887 ualeat
414 842 483 886 cum
502 823 586 904 falso
608 843 665 887 suo
682 824 851 904 principio.
894 823 1049 889 Patrouos
1071 830 1139 889 tuu-
1190 827 1351 904 mestioos,
1374 824 1409 889 id
1432 833 1482 890 est
1504 827 1659 891 ecclesiae
1680 826 1837 905 membra,
1860 828 2018 893 attribuit.

160 910 231 974 aem
259 909 388 972 accersit
412 909 651 992 Trisurepistum
683 914 710 972 et
738 908 887 991 Sibyllae,
920 911 1002 992 quod
1029 931 1139 976 sacrae
2053 907 2060 917 ’

102 1022 105 1035 ·
161 994 334 1060 ablutiones
354 1015 414 1057 aare
435 995 615 1058 macariani
640 995 706 1059 uisi
727 995 853 1059 adultis.
898 995 951 1059 Eu
972 1018 1067 1078 quaro
1087 996 1138 1061 bo

160 1081 288 1161 uorifice
316 1082 427 1144 sentiat
455 1081 493 1145 de
522 1076 640 1144 Christi
668 1080 832 1161 baptismo,
862 1103 951 1163 quem
980 1084 1077 1165 eripit
1095 1083 1138 1149 ad

156 1167 311 1248 mosanas
330 1167 469 1248 peritiam
490 1168 589 1245 ruas,
613 1187 651 1231 ue
673 1167 764 1231 aliter
783 1168 1022 1232 administretur
1043 1190 1139 1251 quam
1519 1149 1671 1216 CAPUT
1693 1149 1845 1237 ΧἯΝ)

165 1253 368 1336 Trismepisto
388 1251 555 1332 placuerit.
608 1252 707 1317 Nobis
734 1273 805 1317 uero
830 1255 940 1335 pluris
962 1254 1027 1320 Dei
1053 1261 1139 1320 auto

163 1341 259 1417 ata,
287 1339 338 1403 ar
360 1339 465 1401 uma
495 1343 538 1402 ea
561 1339 696 1420 elisaeo
717 1339 779 1403 aar
801 1360 991 1418 anemae,
1019 1361 1056 1405 ac
1077 1343 1138 1405 ene
1190 1313 1257 1395 De
1291 1341 1408 1395 sacra
1440 1309 1601 1393 Christi
1632 1339 1779 1416 coena,
1820 1321 1864 1392 et
1904 1313 2005 1421 quid
2043 1313 2164 1396 nobis
2294 1335 2296 1340 ·

161 1427 243 1490 tiare
269 1444 359 1488 sacro
386 1423 521 1505 symbolo
550 1426 641 1488 ouius
670 1426 807 1490 madum
828 1447 889 1508 per
917 1432 1046 1492 adulare
1074 1429 1139 1491 uim
1580 1431 1778 1514 conferat,

160 1510 306 1576 meabant.
353 1510 419 1574 Nee
442 1511 496 1592 fas
525 1530 590 1574 esse
618 1510 762 1575 ducimus
784 1533 805 1576 a
831 1515 969 1597 peritiam
990 1514 1140 1594 expiatio

161 1598 255 1662 uibus
277 1596 419 1661 mutuari
448 1597 530 1676 puod
556 1600 713 1660 astruam
735 1602 762 1662 et
784 1598 992 1665 inviolabilem
1013 1598 1078 1663 Dei
1099 1599 1139 1663 te·
1280 1605 1306 1663 1.
1353 1598 1523 1678 Postquam
1550 1617 1606 1662 reos
1634 1597 1730 1662 sanet.
1753 1597 1789 1661 iu
1814 1596 1976 1679 familiam
2002 1618 2094 1663 suam
2118 1621 2166 1666 re·

158 1705 238 1767 pem,
259 1703 354 1764 quam
371 1683 408 1747 de
425 1683 658 1747 circumcisione
675 1684 791 1761 saucit,
814 1685 850 1748 io
867 1684 1019 1767 baptismo
1036 1690 1139 1749 aostm
1191 1686 1270 1765 cepit
1291 1684 1394 1763 Deus,
1422 1704 1475 1748 uec
1501 1688 1623 1748 tautum
1649 1688 1684 1747 ut
1704 1679 1864 1748 saucium
1887 1683 1949 1747 loco
1970 1705 2026 1748 uos
2047 1683 2164 1767 babeat,

161 1775 265 1834 mutet.
328 1766 442 1835 ttctm
476 1770 538 1833 loco
569 1769 791 1848 ratiocinatur,
824 1772 854 1835 si
887 1772 1023 1852 infantes
1051 1771 1141 1837 liceat
1191 1772 1245 1836 sed
1272 1772 1425 1852 tilioruru,
1455 1774 1488 1833 ut
1516 1775 1628 1850 partes
1654 1768 1782 1849 impleat
1809 1770 1919 1849 optimi
1941 1771 2050 1850 patris
2076 1772 2167 1837 etde

161 1857 232 1920 siae
253 1855 405 1919 intellectu
426 1853 600 1936 baptisare,
622 1853 807 1936 baptismum
836 1879 856 1921 a
877 1858 990 1938 pueris
1011 1857 1140 1922 luderrti-
1191 1879 1251 1923 aea
1268 1858 1416 1940 propeaie
1437 1856 1580 1935 solliciti,
1610 1857 1752 1920 cautum
1774 1856 1868 1919 etiam
1889 1857 1973 1919 ritae
1993 1876 2088 1920 cursu
2110 1877 2166 1922 uos

165 1941 224 2006 bus
245 1941 367 2005 mimice
389 1945 416 2005 et
437 1962 497 2023 per
523 1941 624 2005 iocum
650 1961 744 2021 posse
767 1942 995 2007 adociuistrari.
1039 1944 1140 2025 Atqui
1191 1945 1320 2008 alendos
1340 1943 1480 2024 suscipit.
1526 1942 1592 2023 Nec
1613 1962 1647 2006 eo
1668 1946 1836 2019 contentae,
1858 1941 1930 2006 dato
1953 1943 2088 2024 pipuore
2109 1963 2166 2008 reos

164 2028 204 2093 de
225 2027 282 2092 broc
303 2047 427 2091 recum
449 2026 518 2092 Deo
539 2026 642 2109 recipe,
662 2047 701 2091 eu
722 2029 812 2091 cuius
827 2034 991 2111 praecepto
1010 2031 1140 2094 circum·
1192 2029 1287 2094 buius
1313 2029 1475 2093 comiuvuae
1508 2028 1706 2093 liberalitatis
1739 2028 1882 2091 certiores
1909 2028 2035 2092 reddere
2060 2030 2165 2094 uoluit.

164 2114 242 2177 cisio
259 2114 430 2178 communis
449 2113 512 2194 fuit
529 2112 705 2188 infantibus
722 2118 887 2195 artequam
905 2115 1140 2200 iutcltipeutiam
1193 2115 1236 2179 Ia
1262 2115 1343 2180 tuuc
1374 2135 1446 2197 erpo
1475 2113 1569 2195 duem
1597 2114 1738 2178 altorum
1766 2112 1921 2177 ecelesiae
1948 2132 2026 2177 suae
2059 2135 2167 2180 sacra-

162 2200 270 2279 adepti
291 2203 398 2264 esseut.
443 2197 558 2262 Fuitne
584 2199 684 2282 ipitur
704 2220 754 2262 res
782 2201 918 2278 ludmra,
941 2201 988 2264 eei
1009 2203 1141 2266 obnoxia
1192 2208 1341 2266 mentum
1367 2201 1450 2265 dedit
1472 2222 1532 2282 per
1558 2221 1689 2264 manum
1715 2200 1871 2281 uuipeuiti
1892 2197 1969 2279 titt,
1997 2200 2166 2282 spirituale

157 2306 334 2367 puerorum
362 2286 504 2366 ineptiis,
533 2290 568 2348 ut
588 2286 748 2365 potueriat
769 2292 910 2351 sarratam
931 2286 995 2351 Dei
1017 2290 1141 2353 iustitu-
1193 2288 1326 2371 epulum
1347 2287 1474 2364 scilicet,
1505 2285 1563 2350 ubi
1591 2308 1626 2350 se
1648 2285 1803 2350 Christus
1824 2284 1995 2350 vivificum
2015 2307 2085 2351 esse
2107 2307 2166 2370 pa-

162 2372 276 2436 tiorem
297 2371 451 2436 euertere?
496 2369 558 2435 Sed
579 2370 661 2436 uibil
681 2373 800 2436 mirum
821 2377 878 2451 est,
901 2374 1044 2453 reprobos
1065 2376 1141 2438 istos
1192 2395 1268 2439 nem
1290 2380 1430 2438 testatur
1452 2372 1579 2452 (Ioann.
1600 2376 1628 2451 6,
1649 2370 1714 2456 51),
1738 2392 1800 2453 quo
1823 2372 1951 2436 animm
1972 2380 2102 2437 nostrae
2125 2371 2167 2437 ad

163 2458 310 2538 spiritus,
348 2458 440 2538 quusi
473 2456 651 2539 pbreu‘itide
684 2458 890 2540 opilareutur,
922 2462 1141 2526 crassissimas
1191 2480 1304 2525 reram
1326 2467 1360 2524 et
1385 2458 1514 2522 beatam
1542 2457 1822 2522 immortalitatem
1851 2466 2040 2539 pascuntur.
2088 2459 2167 2541 Qua

163 2563 303 2624 quasque
324 2543 532 2608 obmerditates
554 2543 589 2606 iu
617 2564 759 2608 errorum
785 2565 912 2609 suorum
935 2546 1141 2627 deferrsiouem
1192 2547 1280 2610 uiam
1302 2566 1373 2610 uero
1399 2546 1543 2627 apprime
1565 2544 1741 2609 necessaria
1764 2548 1808 2607 est
1837 2545 1918 2607 tanti
1938 2545 2078 2625 mysterii
2101 2566 2166 2628 cop-

162 2631 316 2713 iuperere:
334 2631 412 2711 quia
433 2628 524 2693 Deus
545 2649 650 2693 eorum
670 2630 791 2710 fastum
812 2633 1065 2712 etpertiuaciam
1082 2632 1141 2696 tali
1191 2633 1276 2711 uitio,
1295 2637 1399 2711 etpro
1421 2652 1481 2695 sua
1503 2631 1716 2714 mapuitudiue
1737 2634 1915 2693 amuratam
1932 2630 2166 2709 explicationem

162 2716 311 2798 uertipiue
339 2716 419 2779 iuste
445 2715 613 2779 ulciscitur.
661 2714 745 2781 Certe
770 2737 866 2798 quom
894 2717 1047 2784 debilibus
1067 2740 1140 2800 sup
1185 2718 1342 2799 postulat·
1363 2723 1391 2781 et
1411 2722 1513 2795 satau,
1536 2722 1570 2780 ut
1591 2716 1646 2782 bac
1666 2714 1891 2780 inaestimabili
1912 2714 2056 2779 thesauro
2078 2717 2167 2782 eccle

156 2803 256 2883 petiis
282 2801 471 2884 fraterculos
494 2822 569 2866 suos
595 2801 826 2884 Auabaptistas
850 2802 993 2868 Serretes
1015 2805 1141 2870 adiuoe-
1191 2804 1275 2869 siam
1292 2804 1444 2886 privaret,
1460 2803 1588 2885 pridem
1608 2801 1750 2880 rrebutas,
1772 2801 1882 2867 deiude
1902 2800 2042 2866 mutius
2064 2802 2167 2867 obsae-

162 2889 213 2965 rit,
232 2887 367 2968 plurium
388 2908 436 2953 me
455 2888 565 2969 fecisse
591 2888 715 2969 confido.
1191 2891 1311 2955 raedae
1335 2891 1404 2953 eicis
1432 2890 1495 2955 luci
1516 2890 1657 2967 induxit,
1685 2893 1750 2951 turri
1773 2888 1971 2952 contemtores
1993 2892 2020 2952 et
2035 2907 2166 2971 pupuas

252 2976 301 3037 32.
351 2975 424 3037 Iam
452 2974 575 3038 nemini
605 2974 712 3038 sobrio
742 2973 931 3059 ambiguum
958 2977 1026 3041 fore
1054 2976 1139 3041 arbi·
1190 2977 1285 3040 mouit
1305 2996 1384 3058 prone
1411 2975 1450 3040 ab
1477 2975 1572 3039 leuius
1594 2975 1680 3039 sacri
1706 2973 1847 3038 altercati
1872 2978 1966 3056 pustu
1993 2972 2195 3063 diruerent,
2306 3028 2312 3043 .

167 3068 247 3136 inor,
271 3081 370 3142 quam
393 3067 515 3124 temere
539 3059 709 3125 ecclesiam
727 3058 854 3125 Christi
872 3063 1066 3128 conturbent
1084 3063 1140 3146 qui
1191 3063 1383 3144 simplicium
1409 3067 1536 3141 nemas,
1563 3066 1591 3125 et
1611 3065 1719 3126 mostra
1746 3061 1841 3124 etiam
1863 3064 1959 3124 aetate
1982 3059 2063 3123 idem
2090 3059 2166 3123 arti·

165 3147 256 3209 rixas
287 3166 324 3209 ac
353 3147 577 3211 contentiones
599 3153 734 3211 movent
756 3148 796 3212 ob
824 3147 1137 3231 paedobaptismum.
1188 3146 1298 3228 ficium
1318 3149 1458 3212 mutauit:
1483 3148 1538 3211 ubi
1558 3167 1714 3212 summam
1734 3167 1797 3227 pro
1818 3145 1948 3211 medium
1970 3150 2061 3226 captu
2089 3166 2165 3209 com

165 3230 234 3298 Sed
257 3232 344 3296 enim
366 3251 482 3312 operae
510 3233 655 3314 pretium
678 3241 728 3300 est
750 3233 923 3300 observare
946 3235 1024 3317 quid
1047 3242 1140 3300 tanta
1184 3234 1301 3315 plexus
1325 3235 1429 3316 fuero,
1456 3233 1552 3298 mdes
1579 3231 1787 3314 illusoribus
1814 3230 1966 3295 muudum
1992 3231 2166 3312 illaqueare

164 3321 229 3383 ista
255 3318 386 3382 vafritie
409 3327 503 3382 satan
530 3318 698 3382 moliatur:
727 3341 844 3402 nempe
872 3329 911 3384 ut
938 3322 1139 3406 singularem
1190 3325 1284 3385 sature
1304 3321 1430 3384 molitus
1450 3325 1508 3399 est,
1537 3320 1711 3400 espediom.
1757 3317 1868 3382 Prima
1890 3318 1984 3401 signa
2005 3325 2085 3381 sunt
2105 3339 2164 3401 pa·

164 3401 304 3468 fiduciae
326 3412 359 3468 et
380 3404 561 3487 spiritualis
583 3403 694 3487 gaudii
717 3406 872 3484 fructum,
896 3407 951 3489 qui
973 3408 1052 3473 hino
1073 3408 1138 3473 ool·
1191 3405 1243 3469 nis
1272 3407 1458 3483 et-vinum,
1487 3426 1565 3487 quae
1586 3403 1744 3470 invisibile
1764 3404 1957 3482 alimentum,
1987 3404 2068 3484 quad
2091 3425 2166 3484 per-

163 3488 315 3573 ligendus
337 3498 396 3568 est,
420 3489 511 3555 nobis
533 3490 660 3573 eripiat,
684 3511 721 3554 ao
739 3490 779 3556 de
797 3491 952 3557 bonitatis
972 3496 1071 3559 etiam
1089 3492 1138 3557 di·
1190 3494 1325 3576 crpimus
1353 3514 1391 3557 ee
1417 3512 1511 3557 carue
1538 3498 1565 3557 et
1594 3493 1747 3574 saupuiae
1771 3488 1904 3569 Christi,
1933 3488 2022 3554 orabis
2042 3510 2166 3570 reprae-

164 3576 263 3641 vinae
286 3575 391 3659 gloria
412 3576 609 3641 tantundem
632 3575 759 3642 delibet.
794 3576 905 3658 Quam
928 3580 1016 3643 enim
1039 3602 1139 3645 suave
1190 3584 1320 3644 scateat.
1370 3577 1465 3643 Sicut
1498 3579 1587 3643 enim
1620 3579 1655 3642 in
1687 3576 1849 3659 baptismo
1877 3596 1937 3641 nos
1965 3597 2165 3658 regenerans

164 3662 229 3746 piis
253 3661 385 3740 animis,
413 3683 480 3726 non
501 3663 600 3728 verbo
624 3670 768 3743 tantum,
799 3664 856 3729 sed
885 3665 1007 3729 oculmi
1040 3666 1139 3730 etiam
1169 3666 1292 3743 Deus,
1314 3666 1349 3728 in
1371 3665 1524 3730 ecclesiae
1547 3686 1625 3729 suae
1647 3664 1834 3730 societatem
1861 3661 1976 3726 inserit
2004 3670 2036 3724 ot
2065 3659 2164 3741 adop·

165 3747 349 3831 spectaculo
375 3747 528 3812 certiores
555 3748 640 3827 fieri,
675 3758 804 3814 tantum
837 3772 872 3815 se
899 3752 1024 3834 gratiae
1053 3749 1139 3834 apud
1191 3752 1278 3815 tione
1300 3772 1375 3816 suos
1396 3751 1484 3831 facit,
1506 3752 1553 3814 ita
1573 3751 1715 3815 diximus
1735 3749 1879 3815 officium
1894 3745 2024 3843 procidi
2045 3745 2163 3843 patris-

164 3844 294 3919 patrem
326 3833 498 3898 coelestem
529 3835 691 3913 obtinere,
725 3843 763 3899 ut
795 3837 970 3919 posteritas
1005 3858 1065 3902 sua
1090 3837 1141 3902 illi
1190 3837 1331 3902 familias
1359 3839 1394 3900 iu
1420 3859 1453 3902 ec
1473 3842 1652 3919 proestare,
1682 3835 1764 3915 quod
1784 3832 1893 3897 cibum
1914 3829 2039 3894 asadue
2066 3850 2164 3892 mmi-

165 3941 263 3986 curae
286 3917 349 3982 sit?
393 3919 460 3984 Hic
481 3921 569 3984 enim
590 3919 701 3985 ridere
723 3930 781 4002 est,
803 3931 842 3987 ut
861 3922 1140 4006 providentissimi
1191 3931 1289 4004 strat,
1319 3944 1383 4006 quo
1405 3945 1464 3988 nos
1486 3923 1522 3986 in
1544 3944 1583 3986 ea
1605 3922 1674 3986 rita
1695 3918 1855 3983 sustineat
1877 3938 1914 3980 ao
1937 3925 2107 3980 conservet
2129 3916 2164 3979 in

166 4027 245 4090 erga
272 4027 332 4070 nos
364 4005 608 4087 patrisfamilias
641 4028 815 4088 personam
848 4009 984 4091 suscipit
1010 4011 1066 4093 qui
1097 4031 1139 4074 ne
1191 4030 1290 4091 quam
1312 4030 1372 4073 nos
1394 4008 1493 4073 verbo
1521 4028 1581 4072 suo
1608 4004 1730 4090 genuit
1773 4003 1877 4067 Porro
1898 4001 2014 4067 unicus
2036 4002 2165 4066 animae

165 4099 404 4175 postmortem
425 4090 558 4174 quidem
579 4099 725 4158 nostram
752 4094 1006 4160 sollicitudinem
1035 4097 1140 4173 nostri
1190 4101 1313 4161 uestrae
1334 4093 1426 4160 cibus
1449 4093 1603 4158 Christus
1624 4099 1682 4168 est,
1704 4089 1831 4169 ideoque
1853 4089 1896 4152 ad
1917 4107 1988 4151 eum
2008 4109 2064 4154 uros
2085 4088 2166 4152 iuui-

166 4177 306 4260 deponit,
325 4170 410 4260 ‘quin
428 4176 541 4243 liberis
570 4179 690 4244 nostris
712 4181 861 4245 consulat
888 4201 925 4246 aa
950 4183 1136 4266 prospiciat.
1189 4186 1235 4246 tat
1262 4180 1409 4246 coelestis
1431 4179 1547 4256 Pater,
1576 4185 1614 4241 ut
1640 4176 1710 4241 eius
1732 4174 2025 4239 communicatione
2051 4174 2164 4240 refecti

165 4266 288 4329 Annon
315 4263 369 4329 hio
397 4263 547 4345 exemplo
568 4262 708 4329 Doridis
735 4271 803 4330 toto
828 4267 924 4332 corde
945 4268 988 4333 ad
1015 4270 1138 4353 gratia
1189 4269 1321 4351 morem
1350 4265 1481 4330 subinde
1506 4263 1701 4347 cettipamus,
1737 4261 1830 4326 douec
1858 4261 1901 4325 ad
1927 4259 2080 4325 coelestem
2107 4261 2165 4322 im·

165 4373 239 4429 rum
267 4351 429 4417 octonem
458 4348 612 4414 debemus
635 4349 813 4430 exsulare,
842 4361 881 4416 ut
903 4354 961 4436 tali
982 4355 1138 4420 bonitatis
1187 4354 1406 4419 mmtatititem
1433 4355 1615 4432 pareutum
1640 4350 1745 4431 fuerit.
1794 4345 1960 4427 Quoniam
1987 4366 2062 4410 vero
2089 4365 2163 4428 my-

163 4437 339 4519 specimine
362 4437 432 4501 eius
450 4457 571 4500 nomen
589 4436 832 4501 sanctificetur?
865 4438 948 4518 Hoc,
968 4440 1029 4505 hoo
1049 4448 1137 4506 certe
1189 4441 1325 4504 sterium
1354 4438 1415 4502 hoo
1441 4456 1577 4502 oreauae
1606 4433 1725 4501 Christi
1751 4453 1822 4498 cum
1842 4434 1913 4514 piis
1945 4431 2073 4495 unionis
2104 4452 2163 4495 na-

163 4522 233 4605 agit
253 4530 346 4588 satan
369 4521 674 4606 paedobaptismum
696 4524 796 4586 mutis
819 4524 918 4605 copiis
935 4525 1136 4610 impetendo:
1188 4533 1264 4589 tura
1285 4521 1615 4607 incomprehensibile
1638 4530 1702 4601 est,
1731 4522 1873 4604 figuram
1895 4517 1965 4583 eius
1986 4524 2019 4581 et
2045 4517 2162 4600 imagi-

162 4627 226 4690 quo
253 4609 388 4688 scilicet,
417 4608 645 4674 testificatione
671 4607 735 4672 ista
756 4610 882 4690 gratiae
903 4610 968 4674 Dei
990 4611 1137 4677 emedio
1187 4633 1264 4675 nem
1291 4613 1328 4676 in
1355 4610 1459 4694 signis
1481 4609 1664 4675 visibilibus
1686 4606 1832 4686 exhibet,
1861 4605 1905 4669 ad
1929 4602 2091 4668 modulum
2111 4623 2164 4667 uo·

162 4690 298 4772 sublata,
327 4717 410 4777 quae
442 4717 502 4778 per
534 4695 640 4777 ipsam
668 4694 771 4760 oculis
799 4697 919 4760 nostris
946 4695 1137 4762 obversatur
1186 4701 1286 4762 strum
1307 4698 1483 4778 aptissimis
1490 4722 1499 4776 ;
1527 4697 1593 4759 imo
1615 4695 1708 4762 velut
1728 4693 1814 4758 datis
1841 4690 1949 4755 arrhis
1972 4710 2009 4754 ac
2031 4689 2163 4754 tesseris

161 4778 333 4862 promissio
376 4783 496 4847 seusun
530 4780 665 4847 tandem
698 4790 878 4846 evanescat.
936 4779 1032 4847 Unda
1070 4805 1136 4848 non
1187 4791 1256 4848 tam
1278 4791 1405 4848 certum
1433 4783 1527 4848 nobis
1556 4781 1633 4846 facit
1660 4801 1759 4863 quam
1785 4779 1813 4843 si
1835 4776 1938 4842 oculis
1960 4781 2162 4854 cerneretur3

162 4863 265 4946 impia
297 4871 427 4930 tantum
464 4867 623 4934 adversus
651 4866 716 4932 Dei
741 4866 999 4932 misericordiam
1024 4870 1135 4952 ingra-
1186 4869 1262 4950 qma
1275 4871 1308 4934 iu
1322 4871 1540 4936 massissimas
1550 4863 1899 4949 quasquemeutesbaec
1912 4861 2164 4942 tumtauritiaris

161 4948 269 5014 titudo
297 4960 498 5031 nasceretur,
528 4954 585 5020 sed
611 4954 647 5017 in
673 4953 786 5019 liboris
814 4951 856 5017 ad
882 4954 1038 5038 pietatem
1060 4977 1134 5020 eru-

163 5035 290 5101 diendis
317 5035 449 5119 ignaria
472 5041 640 5121 quaedam.
685 5039 802 5123 Neque
829 5040 917 5104 enim
944 5061 1062 5123 parum
1084 5043 1134 5107 in-
1407 5093 1412 5104 .
1526 5093 1530 5103 .
1665 5112 1668 5117 ,
2040 5087 2044 5098 -
2144 5086 2149 5097 ·

160 5122 302 5203 aar
331 5120 393 5186 a
415 5123 525 5189 aa
551 5125 593 5190 r
620 5147 676 5192 a
702 5126 842 5192 aa
862 5125 929 5191 a
950 5125 1067 5192 aa
1088 5129 1135 5193 a
1257 5087 1748 5215 e
1766 5157 1789 5223 i.
1809 5085 1978 5209 aaa

160 5209 276 5292 gisque
315 5207 542 5275 observatione
578 5211 776 5293 eduomdos,
816 5210 895 5277 dum
933 5220 1133 5297 reputamus,
1187 5179 1318 5287 garam
1335 5237 1360 5285 a
1378 5230 1524 5284 remanum
1541 5177 1619 5283 saite
1637 5228 1753 5282 curtato.
