4672 5842
245 340 307 406 sss
772 386 779 394 .
826 333 833 345 ·
893 327 1159 444 mammo
1181 328 1288 396 nnn.
1310 326 1492 395 offulsi.
1517 332 1609 396 1559.
1831 317 1834 324 '
2188 336 2253 399 540

241 547 305 596 csse
331 525 494 590 iustitiam.
539 521 639 602 Atqui
666 522 696 585 si
724 521 855 602 proprie
881 518 936 582 hoc
964 519 998 581 in
1026 517 1221 580 diuinitatem
1245 523 1248 583 t
1273 536 1368 598 quam
1395 522 1557 596 assumpta
1586 520 1669 582 serni
1701 518 1830 600 hqura?
1885 517 1971 584 Uudc
1997 519 2188 603 colliqimus,
2214 523 2252 585 in

241 612 387 692 competit,
405 609 566 690 peculiare
588 629 649 673 nou
667 608 726 670 erit
746 606 876 681 Christo,
899 604 954 668 sed
975 624 1133 667 commune
1152 623 1220 666 ciem
1245 600 1248 693 f
1272 622 1364 667 carne
1390 604 1458 668 eius
1484 602 1651 668 ecbibitam
1677 604 1764 668 uobis
1790 625 1856 670 esse
1888 605 2050 668 iustitiam.
2097 605 2254 672 Sirmiitcr

234 703 331 782 patre,
354 702 381 760 et
409 697 545 777 spiritu,·
579 695 703 775 quando
730 712 791 755 nou
819 692 887 755 alia
921 694 965 754 est
996 690 1092 753 unius
1124 709 1221 769 quam
1272 689 1308 752 iu
1335 689 1412 753 aliis
1439 689 1540 753 verbis
1562 689 1657 773 (quae
1684 692 1812 771 saepius
1842 691 1938 755 citare
1964 692 2111 771 momodo
2139 692 2252 758 Osian-

240 783 370 849 alterius
394 782 525 845 iustitia.
570 779 694 844 Deinde
714 777 796 859 quod
818 775 1005 840 naturaliter
1032 775 1071 839 ab
1099 781 1220 838 actcuuo
1272 775 1367 839 drum
1386 796 1447 838 iton
1461 776 1583 854 pudeat
1604 775 1695 840 valde
1716 776 1829 856 miror)
1850 797 1911 840 uon
1932 777 2009 841 alibi
2030 780 2141 842 statuit
2161 780 2252 844 iusti

237 870 309 952 ficit,
341 889 400 931 non
428 871 602 951 couqrneret
631 865 694 929 dici
721 863 808 928 uobis
835 882 900 927 esse
926 862 1053 942 factmu
1090 860 1162 924 ‘Sed
1184 866 1220 924 ut
1272 861 1334 924 tiae
1354 861 1469 939 fortem
1496 882 1591 942 quam
1613 864 1761 925 incarne
1785 861 1913 927 Christi.
1959 862 2045 926 Eum
2065 865 2121 942 qui
2144 885 2252 944 pecca·

239 955 293 1020 hac
318 954 440 1031 clauim,
476 952 579 1016 Deum
609 951 694 1014 »urbm
722 949 841 1029 sactum
869 968 934 1012 esse
961 948 1130 1022 iustitiam,
1165 947 1219 1026 qui
1271 950 1337 1009 tum
1360 966 1419 1009 uon
1441 952 1575 1024 noocrat,
1592 969 1654 1029 pro
1675 948 1763 1012 nobis
1777 953 1939 1027 peccatimi
1958 948 2039 1029 fecit,
2062 954 2096 1012 ut
2113 970 2251 1017 essecutus

239 1041 321 1107 illini
350 1040 431 1120 qnod
457 1038 673 1118 iritmpositum
700 1039 745 1099 est
775 1035 928 1098 conueniet
960 1033 1078 1112 factum
1105 1053 1169 1096 csse
1198 1054 1219 1094 a
1273 1031 1395 1095 iustitia
1428 1031 1491 1095 Dei
1524 1034 1559 1096 iu
1591 1033 1653 1097 illo.
1704 1032 1868 1097 Iustitiam
1900 1034 1964 1099 Dei
1996 1035 2118 1114 intlatis
2149 1037 2252 1101 buccis

240 1126 332 1192 Deo?
376 1124 443 1188 Hoc
476 1130 553 1189 certe
580 1121 738 1203 pecodiare
771 1125 814 1184 est
845 1119 1027 1183 muliatoris
1052 1138 1219 1200 personae:
1271 1116 1380 1181 attollit
1405 1117 1575 1194 Osiander,
1603 1124 1631 1182 ct
1657 1119 1850 1200 triuniphum
1877 1122 1973 1199 canit,
2007 1123 2101 1201 quasi
2128 1123 2253 1186 evicerit

240 1234 320 1295 qiuce
342 1213 399 1275 etsi
424 1212 456 1274 in
477 1231 510 1275 sc
531 1209 659 1272 continet
687 1207 829 1272 divinam
851 1211 1016 1281 naturam,
1046 1203 1096 1268 hic
1116 1210 1219 1268 tanuen
1270 1222 1335 1267 esse
1362 1209 1514 1282 spectrum
1541 1203 1622 1269 illud
1648 1225 1741 1269 suum
1767 1206 1942 1270 essentialis
1968 1208 2126 1284 iustitiae,·
2151 1229 2251 1288 quum

240 1298 414 1380 iusiqnitnr
430 1297 562 1376 proprio
584 1295 693 1376 eloqio,
716 1313 775 1374 quo
794 1312 933 1356 seorsum
955 1312 976 1354 a
991 1295 1085 1370 patre
1105 1295 1134 1353 et
1154 1291 1219 1369 spi·
1242 1280 1245 1369 i
1270 1288 1356 1371 lortqe
1384 1290 1474 1353 aliud
1503 1290 1595 1354 cerba
1622 1296 1741 1368 sonuit,
1774 1293 1873 1356 iustos
1900 1312 1965 1357 asse
1991 1312 2047 1356 uos
2074 1294 2251 1374 capiatione

239 1385 306 1450 ritu
327 1383 521 1446 discernitur.
568 1379 713 1443 Ridicule
737 1398 805 1441 cero
827 1379 862 1440 iu
883 1378 969 1441 verbo
986 1397 1047 1440 turc
1066 1375 1218 1440 Ieremiac
1266 1395 1327 1455 per
1362 1374 1522 1438 Christum
1552 1377 1646 1456 facta.
1698 1376 1860 1441 Iustitiam
1894 1377 1957 1442 Dei
1988 1380 2089 1460 accipi
2116 1401 2181 1460 pro
2212 1401 2249 1444 ea

276 1491 319 1535 or.
333 1472 382 1542 23,
397 1472 414 1530 6
428 1480 461 1530 ct
473 1470 522 1541 33,
541 1466 592 1547 lb)
615 1464 797 1544 triumphat,
819 1463 872 1526 ubi
894 1463 1049 1545 promittit
1072 1461 1218 1527 leliooam
1270 1480 1350 1541 quae
1371 1459 1439 1524 Dec
1454 1462 1620 1541 probatur,
1648 1467 1752 1527 rictum
1773 1484 1839 1527 esse
1859 1464 2005 1529 debuerat
2026 1466 2251 1531 elanerutariis:

239 1469 307 1638 ihre
330 1559 466 1618 nostram
488 1552 652 1616 iustitiam.
691 1551 791 1630 Atqui
813 1549 894 1612 nillil
916 1549 989 1612 irnle
1009 1549 1100 1612 aliud
1121 1548 1219 1611 eliciet
1243 1511 1246 1599 i
1270 1547 1365 1609 sicidi
1393 1547 1479 1626 apud
1509 1547 1658 1611 Ioartrtem
1684 1552 1840 1630 cmitertur
1868 1550 1972 1632 qhnia
1998 1550 2062 1615 Dei
2090 1551 2252 1616 homimum

239 1641 305 1705 nisi
338 1638 512 1717 Christum,
545 1638 600 1717 qui
633 1642 740 1700 nostra
771 1640 815 1699 est
847 1635 986 1712 iustitia,
1022 1655 1086 1698 esse
1114 1633 1219 1696 Deum
1268 1631 1388 1715 qloriae
1405 1632 1534 1715 (Ioann.
1558 1636 1605 1710 12,
1625 1634 1690 1716 43).
1735 1635 1804 1699 Scio
1824 1636 1981 1700 interdum
1997 1639 2101 1701 vocari
2120 1636 2185 1701 Dei
2202 1640 2252 1702 iu·

239 1725 474 1806 manifestatum
503 1725 536 1787 in
562 1742 663 1786 carru.
707 1721 798 1785 Alibi
825 1721 989 1784 retulimus
1017 1720 1052 1782 iu
1080 1720 1220 1784 concione
1271 1718 1405 1794 stitiam,
1429 1720 1525 1793 cuins
1546 1724 1591 1784 est
1612 1721 1679 1799 ipse
1700 1727 1804 1799 autor,
1832 1727 1858 1785 et
1885 1743 1947 1802 qua
1976 1743 2031 1786 uos
2057 1723 2168 1804 donat,
2195 1726 2251 1789 sed

242 1811 342 1878 Pauli
364 1811 451 1893 (Act.
472 1814 522 1885 20,
543 1809 615 1891 28),
641 1808 744 1872 Deum
772 1808 834 1870 sibi
855 1807 1041 1887 acquisiisse
1062 1805 1219 1869 ecclesiam
1271 1803 1325 1867 hoc
1345 1802 1407 1867 loco
1429 1803 1511 1868 m'hil
1532 1806 1623 1869 aliud
1645 1807 1786 1890 intelliqi,
1806 1829 1902 1889 quam
1922 1828 1978 1873 uos
1998 1810 2109 1872 mortis
2131 1808 2252 1874 Christi

240 1919 296 1964 suo
318 1898 478 1979 sanquine.
525 1895 562 1959 Si
590 1896 662 1975 quis
689 1894 759 1957 inde
788 1893 919 1973 inferat,
948 1892 1131 1973 sanquinem
1159 1911 1219 1970 quo
1266 1889 1395 1971 piaculo
1412 1891 1556 1970 suffultas
1573 1893 1660 1972 apud
1677 1892 1740 1955 Dei
1761 1893 1900 1957 tribuual
1917 1899 2008 1972 stare,
2029 1897 2104 1959 sani
2127 1896 2251 1960 lactares

240 1984 369 2065 muna
388 1987 461 2047 suut
476 1987 605 2063 peccata
627 2000 691 2044 esse
708 1980 860 2055 ditinum,
883 1984 910 2042 ct
932 1978 1061 2042 dioiuae
1079 1982 1218 2051 craturae,
1271 1995 1319 2038 me
1340 1981 1453 2039 tacente
1482 1983 1656 2058 aqrmsciiut.
1703 1979 1810 2060 Neque
1832 1982 1867 2043 in
1889 2000 1957 2044 coca
1978 1986 2099 2044 tardum
2121 1987 2166 2046 est
2187 2002 2250 2046 mo

242 2071 314 2153 quis
336 2073 401 2131 tam
421 2068 548 2148 foultcm
570 2086 703 2130 errorem
723 2064 828 2146 terat?
863 2064 965 2146 ,tiqui
987 2063 1041 2127 hoa
1062 2069 1126 2127 tam
1142 2084 1220 2142 pue·
1271 2062 1374 2137 menti,
1396 2063 1485 2125 modo
1507 2063 1664 2127 uobiscum
1683 2065 1721 2128 de
1742 2065 1796 2129 hoc
1817 2068 1986 2130 mouendiat
2007 2066 2171 2144 Osiander,
2194 2087 2250 2132 rias

240 2155 297 2221 rili
330 2154 442 2218 cacillo
470 2175 502 2217 se
531 2153 636 2217 omnia
668 2152 812 2232 adeptum
839 2171 906 2215 esse
933 2154 1026 2231 putat
1057 2149 1218 2225 Osiarulcr,
1271 2149 1306 2210 in
1329 2145 1452 2211 Christo
1479 2148 1668 2228 iustificari,
1697 2157 1849 2231 qriaterius
1874 2171 1937 2231 pro
1966 2153 2053 2216 rtobis
2078 2153 2185 2234 sactus
2207 2160 2250 2218 est

241 2244 349 2316 tunict,
380 2240 527 2317 exsultat,
561 2238 736 2318 multasque
762 2237 902 2319 paqinas
933 2235 1029 2316 sarcit
1056 2237 1125 2298 suis
1154 2256 1219 2298 ani·
1270 2233 1430 2313 capiatris
1462 2235 1603 2313 victima,
1641 2237 1722 2316 quod
1751 2259 1772 2301 a
1804 2237 1915 2301 diviua
1946 2239 2016 2302 eius
2049 2232 2175 2304 natura⁸
2199 2240 2250 2304 ab·

236 2325 356 2407 pullis,·
388 2346 484 2405 quim
511 2329 613 2388 tamen
640 2323 775 2403 sinplea
799 2323 843 2386 sit
874 2326 903 2384 et
929 2320 1072 2400 eipedim
1098 2320 1218 2398 selectio,
1270 2318 1378 2382 horret.
1426 2320 1495 2400 Quia
1516 2321 1609 2384 etiam
1637 2324 1773 2398 ratione,
1801 2324 1855 2386 ubi
1883 2325 2037 2388 iustitiam
2062 2330 2090 2388 et
2116 2327 2250 2391 salutem

244 2410 392 2476 Iehocam
420 2409 557 2490 quidem,
586 2409 639 2472 ubi
666 2409 770 2489 factrus
794 2409 892 2489 fucrit
916 2427 1041 2490 qermen
1069 2404 1217 2483 Daoidis,
1270 2425 1364 2485 quam
1392 2405 1480 2470 nabis
1506 2407 1624 2485 maht,
1657 2408 1819 2490 obsiquarc
1850 2411 1915 2473 mult
1944 2409 2101 2489 Christus,
2134 2418 2249 2476 wtuni

240 2496 461 2580 [areptitium
482 2496 652 2573 iustitianu
680 2495 734 2559 scd
761 2514 820 2574 qno
848 2514 956 2570 sensu,
985 2492 1067 2556 docet
1093 2492 1219 2556 Iesaias
1270 2492 1339 2554 eius
1353 2492 1473 2573 piqnics
1495 2493 1530 2556 in
1552 2512 1645 2557 carne
1665 2514 1725 2558 sua
1746 2497 1904 2574 proponit.
1957 2496 2051 2562 Vocat
2071 2499 2196 2578 quidem
2217 2519 2249 2563 se

243 2582 309 2667 (53,
333 2580 402 2665 ll).·
428 2583 596 2666 coqnitiouc
622 2582 673 2645 sui
703 2579 880 2661 iustificabit
900 2579 1012 2642 multos
1033 2579 1136 2641 iustus
1156 2598 1218 2641 ser-
1264 2597 1382 2658 panem
1402 2578 1525 2656 oieiim;
1546 2579 1600 2643 sut
1620 2580 1745 2644 modum
1766 2582 1926 2663 ccplicans
1948 2582 2101 2664 adiuuqit,
2123 2604 2249 2647 caruem

241 2688 300 2733 aiis
331 2688 425 2731 nuces.
482 2668 631 2732 Natemus
659 2671 784 2748 patrem
818 2666 918 2746 loqui‚·
955 2664 1022 2741 filio
1052 2664 1218 2728 attribuere
1268 2683 1361 2728 acam
1392 2683 1457 2726 csse
1486 2684 1556 2727 acre
1588 2664 1704 2743 cibum,
1744 2671 1772 2729 et
1810 2667 1994 2748 sanquinem
2026 2689 2094 2732 cere
2125 2675 2247 2749 munte.

241 2754 434 2834 iustificandi
455 2759 581 2834 partes,
608 2772 737 2817 causam
765 2752 893 2831 addere,
921 2749 1002 2831 quod
1031 2750 1132 2813 iustus
1160 2751 1217 2827 sit;
1273 2749 1359 2829 Quae
1385 2749 1467 2811 ratio
1493 2749 1621 2814 docendi
1649 2753 1683 2815 iu
1710 2756 1915 2817 sacramentis
1935 2754 2140 2835 perspicitur:
2166 2775 2248 2836 qiuie

240 2841 365 2906 mollum
393 2839 439 2904 oei
465 2841 601 2904 rriedium
623 2843 672 2920 (nt
691 2837 873 2920 loquuntur)
895 2836 994 2900 locare
1020 2836 1057 2899 iu
1077 2836 1218 2899 doctrinm
1268 2837 1326 2899 etsi
1345 2835 1440 2914 fidem
1462 2840 1602 2900 nostram
1622 2835 1665 2900 ad
1686 2843 1781 2902 totum
1801 2836 1970 2917 Christum,
1994 2860 2055 2905 uon
2076 2840 2249 2905 dimidium

240 2947 302 3009 qua
332 2925 477 2991 Christus
502 2926 696 3008 caprasiitur.
742 2923 830 2988 Nam
858 2943 956 2986 racem
982 2935 1070 3019 rip-q
1087 2921 1112 3003 ¹)
1140 2942 1217 3001 pas·
1269 2920 1419 3003 diripient,
1441 2921 1538 2984 simul
1558 2927 1662 2986 tamen
1683 2924 1821 2988 iustitiae
1842 2931 1869 2989 et
1890 2925 2004 2990 salutis
2025 2927 2191 2991 materiam
2212 2929 2247 2991 in

241 3013 306 3076 sii-e
329 3014 468 3093 accipere
493 3011 682 3075 courrnodius
710 3016 761 3073 est.
807 3008 893 3073 Hinc
922 3009 1030 3090 colliqo
1058 3007 1217 3072 Christum
1269 3008 1337 3070 eius
1358 3026 1451 3071 carnia
1471 3007 1606 3072 residere
1626 3009 1738 3073 dormit.
1785 3010 1857 3074 Nou
1878 3012 1959 3092 quad
1976 3033 1997 3075 a
2014 3032 2047 3076 sc
2067 3012 2136 3094 ipso
2157 3015 2249 3077 iusti-

240 3117 306 3161 csse
336 3099 356 3175 t'
387 3102 453 3159 tnm
483 3097 637 3161 iustitiam
668 3095 793 3176 quaudo
824 3095 908 3160 servi
940 3095 1072 3174 speciem
1099 3093 1219 3170 induit,·
1268 3092 1336 3172 ticet
1357 3099 1412 3157 aut
1432 3094 1563 3172 cioiticet
1591 3115 1693 3159 mertis
1714 3095 1815 3175 homa,
1842 3098 1897 3160 scd
1923 3099 2000 3178 quia
2022 3097 2091 3163 Deo
2113 3100 2247 3179 placuit,

241 3182 373 3247 merulo
396 3203 449 3245 nos
471 3184 640 3262 iustificare
666 3187 816 3261 quatenus
845 3181 1053 3262 obsequentem
1073 3197 1107 3241 se
1126 3179 1219 3258 patri
1270 3179 1405 3260 quadiu
1425 3199 1458 3243 se
1479 3179 1692 3245 absconditum
1716 3188 1744 3245 et
1769 3183 2074 3264 incomprehensibile
2101 3190 2184 3264 erat,
2212 3186 2247 3249 in

280 3266 400 3347 aebirit,·
433 3287 469 3330 ac
487 3267 619 3348 proiiule
640 3288 700 3330 non
719 3267 886 3330 secunlum
907 3266 1049 3329 divinam
1070 3269 1219 3328 naturam
1269 3265 1438 3329 mediatore
1453 3265 1565 3345 palam
1583 3268 1694 3348 facere.
1745 3267 1832 3332 Uude
1852 3269 1930 3333 soleo
1951 3269 2060 3347 diacre,
2086 3269 2249 3335 Christum

235 3288 403 3418 {bondis
418 3358 590 3432 praestare,
610 3353 665 3417 sed
680 3372 744 3431 pro
761 3350 1002 3433 dispensationis
1017 3348 1078 3413 sibi
1100 3352 1219 3414 iiiiuuc-
1270 3371 1334 3416 esse
1360 3350 1447 3414 rubis
1474 3353 1568 3430 quasi
1593 3354 1766 3432 eapositum
1791 3356 1919 3435 forrum,
1949 3355 2030 3420 uude
2056 3356 2249 3422 hauriamus

241 3444 290 3504 tae
319 3440 445 3502 ratione.
485 3437 558 3503 Etsi
583 3440 666 3502 euim
690 3438 776 3501 solus
799 3437 889 3500 Deus
910 3435 983 3516 fons
999 3441 1043 3501 est
1069 3437 1217 3512 iustitiae,
1243 3438 1246 3467 ¹
1270 3437 1351 3517 qued
1370 3436 1489 3517 alioqui
1510 3439 1578 3502 sinc
1596 3439 1703 3521 [mictu
1724 3441 1832 3504 lateret
1851 3442 1888 3503 in
1909 3441 2024 3506 occiilta
2044 3442 2103 3506 illa
2125 3449 2153 3507 et
2174 3465 2248 3525 pro-

241 3543 295 3588 nea
317 3525 409 3587 aliter
429 3543 526 3603 qnam
545 3525 612 3587 eius
628 3522 873 3605 participatione
893 3541 1004 3586 minius
1026 3523 1119 3600 iusti,·
1140 3523 1218 3603 quia
1242 3472 1246 3561 i
1268 3522 1368 3603 funda
1391 3524 1593 3605 scaturiqiue,
1615 3527 1751 3606 quaein
1772 3526 1954 3592 ntuliatoris
1969 3548 2108 3608 persam
2129 3530 2172 3593 ad
2192 3551 2249 3594 nos

241 3614 343 3675 tanim
366 3609 485 3689 intelici
502 3609 636 3673 dissidio
653 3608 693 3673 ab
712 3609 781 3673 eius
801 3608 926 3672 iustitia
946 3609 1077 3673 alienati
1097 3627 1216 3683 summ,
1269 3608 1404 3690 errierqit.
1456 3607 1523 3672 Hoc
1549 3612 1638 3675 modo
1666 3617 1694 3675 et
1723 3633 1817 3676 sensu
1843 3633 1902 3676 non
1929 3613 2049 3693 infitior
2078 3612 2246 3692 Cleristum,

240 3714 359 3770 necesse
376 3701 421 3759 est
435 3695 614 3759 descendere
631 3694 674 3758 ad
689 3693 744 3758 hoc
760 3693 895 3774 inferius
912 3694 1087 3771 renalium,
1108 3700 1143 3756 ut
1160 3713 1217 3756 uos
1269 3699 1304 3757 ut
1328 3699 1374 3758 est
1395 3691 1485 3759 Deus
1512 3700 1540 3758 et
1567 3696 1670 3775 hmno,
1699 3719 1755 3763 nos
1783 3699 1969 3778 iustificare,
1997 3719 2153 3763 mmmnrie
2178 3721 2247 3764 esse

242 3778 389 3847 Christus
410 3783 520 3845 necitis
535 3787 564 3844 et
585 3781 820 3845 rancrredionis
843 3800 919 3844 suae
937 3781 1048 3844 virtute
1066 3778 1216 3858 iustificat.
1270 3780 1364 3844 ctiam
1383 3779 1437 3844 hoc
1452 3801 1531 3861 opius
1544 3784 1654 3862 patris
1670 3789 1698 3846 et
1714 3787 1848 3864 spiritus
1870 3786 1980 3862 sancti,
2002 3787 2132 3866 denique
2152 3786 2246 3849 iusti-

328 3872 355 3929 9.
402 3865 440 3930 Si
468 3866 606 3945 obiiciat,
635 3886 712 3948 opus
739 3863 794 3929 hae
819 3886 881 3930 sua
903 3867 1102 3947 praestantia
1128 3885 1218 3945 supo-
1241 3920 1244 3937 .
1269 3867 1356 3945 tiam,
1376 3867 1468 3929 cuius
1488 3887 1544 3931 uos
1563 3874 1715 3934 consortes
1733 3872 1812 3951 tacit
1831 3870 1983 3949 Christus,
2005 3877 2158 3936 aetenum
2178 3892 2246 3937 esse

239 3972 314 4017 rare
331 3952 465 4015 hominis
483 3958 640 4029 naturam,
667 3953 795 4032 ideoque
815 3972 878 4016 nori
892 3971 987 4031 passe
1007 3951 1071 4022 uisi
1092 3951 1218 4015 divinae
1241 3950 1245 4011 t
1269 3951 1333 4017 Dei
1360 3953 1476 4015 aeterni
1502 3954 1671 4032 iustitiam,
1705 3957 1793 4021 niodo
1820 3956 1927 4036 firmis
1957 3963 1986 4022 et
2015 3959 2133 4038 apertis
2163 3979 2247 4038 quas

240 4042 374 4102 naturae
396 4038 547 4115 adscribi,
576 4039 672 4119 prius
693 4037 835 4115 aoircedo;
862 4039 898 4100 in
924 4036 977 4100 hoc
997 4037 1128 4100 secundo
1148 4037 1217 4101 dieo
1269 4039 1364 4102 citari
1386 4039 1561 4103 rationibus
1582 4042 1677 4105 cedat.

240 4143 309 4189 meni
344 4124 452 4187 hiscite
483 4123 681 4188 hallucinari.
727 4122 815 4187 Nam
847 4124 905 4187 etsi
935 4142 1032 4202 noque
1063 4123 1217 4204 sanquine
1359 4128 1405 4187 10.
1459 4123 1560 4188 Porro
1591 4148 1630 4191 ne
1661 4128 1731 4191 suis
1762 4128 1886 4192 catillis
1916 4129 2051 4209 decipiat
2076 4130 2249 4209 imperitas,

239 4229 297 4274 sua
319 4210 446 4274 arrianas
468 4215 590 4274 riastras
605 4230 761 4292 purqare,
784 4229 881 4289 ireque
895 4215 1021 4289 patrem
1041 4228 1099 4272 suo
1120 4208 1217 4271 sacri·
1266 4210 1367 4291 fatcor
1387 4209 1441 4273 hoc
1462 4216 1527 4273 tam
1547 4213 1788 4295 incomparabili
1815 4214 1889 4278 bono
1919 4237 1975 4280 uos
1995 4216 2126 4296 privari
2155 4218 2249 4281 donoc

237 4294 309 4378 ficio
337 4295 486 4375 placare,
519 4316 616 4377 itaque
648 4316 669 4358 a
700 4300 790 4359 reatu
821 4294 975 4359 absdnere
1008 4315 1066 4359 nos
1094 4299 1217 4374 poterat
1240 4284 1245 4383 Ξ
1271 4293 1416 4361 Christus
1438 4301 1537 4361 noster
1563 4298 1628 4378 tiat.
1674 4299 1855 4364 Coniunctio
1881 4303 1982 4384 r'qitur
2006 4301 2063 4365 illa
2085 4305 2248 4371 canitiset

241 4379 394 4455 Christus,
419 4400 472 4444 nec
493 4381 623 4462 dariique
644 4401 760 4445 muretus
782 4381 950 4445 sacerdotis
965 4400 1128 4463 perapere,
1151 4380 1217 4444 nisi
1241 4390 1245 4477 ξ
1269 4381 1482 4460 Μιὸνοναηι,
1505 4382 1654 4449 habitatio
1673 4384 1793 4450 Christi
1816 4387 2014 4452 tricordibus
2036 4377 2160 4467 uostris,
2183 4410 2248 4470 inq

238 4467 462 4547 constitisset
480 4465 578 4545 Deus,
600 4469 675 4548 quia
693 4472 778 4531 tanto
794 4468 880 4531 oncri
903 4467 1008 4546 impar
1023 4471 1092 4530 erat
1112 4466 1217 4530 miritis
1241 4484 1245 4545 ξ
1268 4469 1345 4531 stica
1368 4469 1498 4549 dersique
1520 4472 1596 4534 unio
1618 4493 1639 4536 a
1661 4473 1747 4537 uobis
1768 4475 1803 4535 iu
1821 4494 1942 4536 summo
1961 4474 2066 4557 prada
2086 4477 2246 4543 statccitm.

236 4553 389 4636 facultas,
422 4559 539 4618 catiim
567 4559 669 4616 tannen
701 4557 745 4617 est
772 4553 824 4617 his
848 4553 990 4616 omnihus
1015 4553 1217 4635 perfiirmum
1241 4560 1245 4619 t
1269 4559 1304 4617 ut
1326 4553 1470 4619 Chridus
1498 4562 1596 4621 »iader
1620 4559 1739 4639 factius,
1765 4557 1918 4623 danorum
1945 4560 2059 4642 qurbrcs
2078 4561 2247 4643 praeditus

239 4658 305 4703 esse
337 4640 506 4703 mortridum
538 4639 710 4703 latinianum
743 4644 899 4701 »naturam
946 4638 1101 4718 Quantulo
1135 4640 1217 4701 enim
1242 4656 1246 4715 ι
1269 4645 1314 4703 est
1343 4660 1397 4705 nos
1426 4641 1527 4723 sacient
1553 4649 1711 4719 apusortes.
1757 4644 1829 4708 Non
1862 4666 1934 4729 erqo
1965 4667 2035 4711 aim
2066 4654 2156 4711 extra
2188 4667 2245 4710 nas

238 4724 401 4803 iustificati
418 4746 529 4790 mimus
550 4726 579 4788 si
600 4726 772 4805 quaeritur,
794 4725 955 4805 rcspmidet
975 4723 1108 4800 Paulus,
1128 4722 1218 4787 Chri·
1264 4726 1376 4808 proeul
1399 4729 1610 4809 spamlamur,
1637 4735 1671 4791 ut
1698 4730 1787 4793 nabis
1813 4731 1984 4810 imputetur
2008 4734 2078 4797 eius
2105 4733 2245 4810 insuta,-

238 4810 281 4874 ut
303 4809 742 4895 abalieritiatRonnb,19).
786 4810 842 4874 An
871 4829 940 4874 cero
966 4810 1059 4875 aliter
1089 4809 1218 4873 autea
1269 4812 1324 4876 sed
1356 4814 1432 4893 quia
1465 4815 1570 4894 ipsum
1599 4815 1775 4893 induimus,
1808 4821 1836 4878 et
1863 4818 1954 4882 insiti
1980 4839 2092 4883 manis
2118 4821 2151 4882 in
2177 4820 2246 4883 eius

1270 4918 1390 4979 corpus,
1411 4920 1510 4972 saiwa
1530 4900 1660 4980 denique
1682 4921 1738 4964 uos
1757 4921 1860 4965 secum
1880 4904 2002 4984 efficere
2022 4905 2171 4988 diqnatus
2193 4911 2245 4980 cst,

1270 4983 1339 5047 ideo
1362 4986 1501 5049 iustitiae
1518 4986 1689 5049 societatem
1711 4987 1799 5052 nobis
1818 5008 1889 5052 cum
1909 5011 1944 5053 ec
1968 5011 2035 5055 esse
2082 4992 2246 5055 loriamur.

246 5045 520 5170 Msskfflffi
540 5048 657 5170 &⁵3
673 5050 1126 5188 ffiffffiffffiffls‘
1137 5047 1219 5182 (ffi
1271 5067 1326 5132 Ita
1342 5070 1496 5150 rctbllitur
1509 5069 1659 5134 Osiaudri
1676 5071 1844 5151 edumuia,
1864 5075 1958 5154 lidan
1978 5097 1999 5139 a
2085 5078 2109 5141 's
2127 5078 2246 5141 oerueri

240 5182 356 5249 4585)
374 5186 413 5238 ,d
427 5186 555 5253 ww
574 5187 785 5252 mmm-M
801 5204 916 5241 mm,
937 5188 1037 5258 digna:
1060 5189 1161 5240 mm,-
1175 5187 1219 5240 q,
1242 5136 1247 5294 1
1270 5155 1561 5256 iustitiamqquasi
1584 5154 1742 5221 Clnidnm
1764 5161 1932 5241 spoliemus
1956 5164 2024 5226 iure
2047 5183 2120 5229 suo.
2148 5184 2246 5260 quum

241 5254 363 5309 masma
380 5258 522 5332 natium
539 5255 702 5322 apem.
1270 5239 1405 5304 dcamus
1434 5241 1496 5320 tide
1528 5262 1584 5306 nas
1610 5243 1653 5306 ad
1681 5264 1751 5308 eum
1783 5267 1896 5313 acatos
1926 5249 2078 5327 aucam,
2113 5255 2148 5312 ut
2177 5270 2248 5313 eius
