<?xml version="1.0" encoding="UTF-8"?>
<!DOCTYPE html PUBLIC "-//W3C//DTD XHTML 1.0 Transitional//EN"
    "http://www.w3.org/TR/xhtml1/DTD/xhtml1-transitional.dtd">
<html xmlns="http://www.w3.org/1999/xhtml" xml:lang="en" lang="en">
 <head>
  <title>
</title>
<meta http-equiv="Content-Type" content="text/html;charset=utf-8" />
  <meta name='ocr-system' content='tesseract 3.04.00' />
  <meta name='ocr-capabilities' content='ocr_page ocr_carea ocr_par ocr_line ocrx_word'/>
</head>
<body>
  <div class='ocr_page' id='page_1' title='image "./ioanniscalvinii00cunigoog_0449.png"; bbox 0 0 4672 5842; ppageno 0'>
   <div class='ocr_carea' id='block_1_1' title="bbox 240 276 2262 356">
    <p class='ocr_par' dir='ltr' id='par_1_1' title="bbox 240 276 2262 356">
     <span class='ocr_line' id='line_1_1' title="bbox 240 276 2262 356; baseline -0.007 -1"><span class='ocrx_word' id='word_1_1' title='bbox 240 293 305 356; x_wconf 74' lang='lat'><strong>875</strong></span> <span class='ocrx_word' id='word_1_2' title='bbox 887 276 1153 345; x_wconf 75' lang='lat' dir='ltr'><strong>INSTI&#39;PUTIO</strong></span> <span class='ocrx_word' id='word_1_3' title='bbox 1175 278 1279 343; x_wconf 82' lang='lat' dir='ltr'><strong>REL.</strong></span> <span class='ocrx_word' id='word_1_4' title='bbox 1303 278 1483 345; x_wconf 69' lang='lat' dir='ltr'><strong>euulsa.</strong></span> <span class='ocrx_word' id='word_1_5' title='bbox 1512 283 1602 343; x_wconf 79' lang='grc'><strong>1159.</strong></span> <span class='ocrx_word' id='word_1_6' title='bbox 2194 282 2262 341; x_wconf 82' lang='grc'><strong>876</strong></span> 
     </span>
    </p>
   </div>
   <div class='ocr_carea' id='block_1_2' title="bbox 153 465 2314 5276">
    <p class='ocr_par' dir='ltr' id='par_1_2' title="bbox 153 465 2314 5276">
     <span class='ocr_line' id='line_1_2' title="bbox 240 465 2259 556; baseline -0.006 -13"><span class='ocrx_word' id='word_1_7' title='bbox 240 479 302 544; x_wconf 91' lang='lat' dir='ltr'><strong>hoc</strong></span> <span class='ocrx_word' id='word_1_8' title='bbox 336 486 385 540; x_wconf 93' lang='lat' dir='ltr'><strong>est</strong></span> <span class='ocrx_word' id='word_1_9' title='bbox 417 473 502 556; x_wconf 91' lang='lat' dir='ltr'><strong>quod</strong></span> <span class='ocrx_word' id='word_1_10' title='bbox 534 471 660 536; x_wconf 88' lang='lat' dir='ltr'><strong>Paulus</strong></span> <span class='ocrx_word' id='word_1_11' title='bbox 693 471 815 553; x_wconf 44' lang='lat' dir='ltr'><strong>scribit,</strong></span> <span class='ocrx_word' id='word_1_12' title='bbox 842 469 926 552; x_wconf 81' lang='lat' dir='ltr'><strong>(Col.</strong></span> <span class='ocrx_word' id='word_1_13' title='bbox 951 473 979 545; x_wconf 82' lang='lat'><strong>2,</strong></span> <span class='ocrx_word' id='word_1_14' title='bbox 1004 470 1069 550; x_wconf 81' lang='lat'><strong>23),</strong></span> <span class='ocrx_word' id='word_1_15' title='bbox 1099 467 1218 530; x_wconf 88' lang='lat' dir='ltr'><strong>habere</strong></span> <span class='ocrx_word' id='word_1_16' title='bbox 1244 476 1246 541; x_wconf 73' lang='grc' dir='ltr'>ζ</span> <span class='ocrx_word' id='word_1_17' title='bbox 1271 469 1413 532; x_wconf 92' lang='lat' dir='ltr'><strong>multum</strong></span> <span class='ocrx_word' id='word_1_18' title='bbox 1439 469 1596 532; x_wconf 81' lang='lat' dir='ltr'><strong>momenti</strong></span> <span class='ocrx_word' id='word_1_19' title='bbox 1626 481 1789 550; x_wconf 91' lang='lat' dir='ltr'><strong>reponunt</strong></span> <span class='ocrx_word' id='word_1_20' title='bbox 1817 467 2021 550; x_wconf 87' lang='lat' dir='ltr'><strong>hypocritae:</strong></span> <span class='ocrx_word' id='word_1_21' title='bbox 2051 465 2175 548; x_wconf 89' lang='lat' dir='ltr'><strong>siquis</strong></span> <span class='ocrx_word' id='word_1_22' title='bbox 2208 467 2259 530; x_wconf 91' lang='lat' dir='ltr'><strong>in·</strong></span> 
     </span>
     <span class='ocr_line' id='line_1_3' title="bbox 238 553 2258 646; baseline -0.008 -15"><span class='ocrx_word' id='word_1_23' title='bbox 238 565 378 646; x_wconf 87' lang='lat' dir='ltr'><strong>speciem</strong></span> <span class='ocrx_word' id='word_1_24' title='bbox 401 558 579 640; x_wconf 76' lang='lat' dir='ltr'><strong>sapientiae</strong></span> <span class='ocrx_word' id='word_1_25' title='bbox 600 558 636 622; x_wconf 92' lang='lat' dir='ltr'><strong>in</strong></span> <span class='ocrx_word' id='word_1_26' title='bbox 658 557 878 621; x_wconf 89' lang='lat' dir='ltr'><strong>commentitio</strong></span> <span class='ocrx_word' id='word_1_27' title='bbox 901 554 1001 629; x_wconf 91' lang='lat' dir='ltr'><strong>cultu,</strong></span> <span class='ocrx_word' id='word_1_28' title='bbox 1029 554 1063 616; x_wconf 92' lang='lat' dir='ltr'><strong>in</strong></span> <span class='ocrx_word' id='word_1_29' title='bbox 1086 553 1217 616; x_wconf 91' lang='lat' dir='ltr'><strong>humili·</strong></span> <span class='ocrx_word' id='word_1_30' title='bbox 1243 558 1246 573; x_wconf 94' lang='lat'>&#39;</span> <span class='ocrx_word' id='word_1_31' title='bbox 1271 555 1438 635; x_wconf 87' lang='lat' dir='ltr'><strong>trospioiat</strong></span> <span class='ocrx_word' id='word_1_32' title='bbox 1459 553 1585 629; x_wconf 89' lang='lat' dir='ltr'><strong>melius,</strong></span> <span class='ocrx_word' id='word_1_33' title='bbox 1609 554 1749 635; x_wconf 78' lang='lat' dir='ltr'><strong>reperiet</strong></span> <span class='ocrx_word' id='word_1_34' title='bbox 1771 553 1855 616; x_wconf 89' lang='lat' dir='ltr'><strong>nihil</strong></span> <span class='ocrx_word' id='word_1_35' title='bbox 1877 575 1949 617; x_wconf 89' lang='lat' dir='ltr'><strong>esse</strong></span> <span class='ocrx_word' id='word_1_36' title='bbox 1969 563 2101 635; x_wconf 88' lang='lat' dir='ltr'><strong>practer</strong></span> <span class='ocrx_word' id='word_1_37' title='bbox 2124 553 2258 616; x_wconf 85' lang='lat' dir='ltr'><strong>umhra-</strong></span> 
     </span>
     <span class='ocr_line' id='line_1_4' title="bbox 238 638 1985 751; baseline -0.006 -38"><span class='ocrx_word' id='word_1_38' title='bbox 238 656 313 724; x_wconf 89' lang='lat' dir='ltr'><strong>tate‚</strong></span> <span class='ocrx_word' id='word_1_39' title='bbox 337 657 370 710; x_wconf 89' lang='lat' dir='ltr'><strong>et</strong></span> <span class='ocrx_word' id='word_1_40' title='bbox 387 667 425 709; x_wconf 92' lang='lat' dir='ltr'><strong>eo</strong></span> <span class='ocrx_word' id='word_1_41' title='bbox 442 644 528 727; x_wconf 92' lang='lat' dir='ltr'><strong>quod</strong></span> <span class='ocrx_word' id='word_1_42' title='bbox 547 644 737 708; x_wconf 77' lang='lat' dir='ltr'><strong>austeritate</strong></span> <span class='ocrx_word' id='word_1_43' title='bbox 755 664 817 706; x_wconf 90' lang='lat' dir='ltr'><strong>sua</strong></span> <span class='ocrx_word' id='word_1_44' title='bbox 834 641 944 704; x_wconf 85' lang='lat' dir='ltr'><strong>valere</strong></span> <span class='ocrx_word' id='word_1_45' title='bbox 963 639 1004 703; x_wconf 90' lang='lat' dir='ltr'><strong>ad</strong></span> <span class='ocrx_word' id='word_1_46' title='bbox 1022 638 1218 702; x_wconf 90' lang='lat' dir='ltr'><strong>domandam</strong></span> <span class='ocrx_word' id='word_1_47' title='bbox 1243 666 1247 751; x_wconf 68' lang='grc' dir='ltr'>ι</span> <span class='ocrx_word' id='word_1_48' title='bbox 1270 640 1328 703; x_wconf 85' lang='grc'><strong>1111</strong></span> <span class='ocrx_word' id='word_1_49' title='bbox 1351 649 1384 704; x_wconf 89' lang='grc'><strong>11</strong></span> <span class='ocrx_word' id='word_1_50' title='bbox 1401 638 1577 704; x_wconf 88' lang='lat' dir='ltr'><strong>evanidum</strong></span> <span class='ocrx_word' id='word_1_51' title='bbox 1599 638 1790 721; x_wconf 89' lang='lat' dir='ltr'><strong>disciplinae</strong></span> <span class='ocrx_word' id='word_1_52' title='bbox 1812 647 1985 721; x_wconf 86' lang='lat' dir='ltr'><strong>spectrum.</strong></span> 
     </span>
     <span class='ocr_line' id='line_1_5' title="bbox 237 724 2258 845; baseline -0.005 -47"><span class='ocrx_word' id='word_1_53' title='bbox 237 753 370 800; x_wconf 87' lang='lat' dir='ltr'><strong>earnem</strong></span> <span class='ocrx_word' id='word_1_54' title='bbox 382 730 544 795; x_wconf 89' lang='lat' dir='ltr'><strong>videntur.</strong></span> <span class='ocrx_word' id='word_1_55' title='bbox 580 727 805 793; x_wconf 80' lang='lat' dir='ltr'><strong>Salaberrima</strong></span> <span class='ocrx_word' id='word_1_56' title='bbox 823 734 909 791; x_wconf 84' lang='lat' dir='ltr'><strong>certe</strong></span> <span class='ocrx_word' id='word_1_57' title='bbox 927 724 1116 800; x_wconf 71' lang='lat' dir='ltr'><strong>admonitio</strong></span> <span class='ocrx_word' id='word_1_58' title='bbox 1135 746 1246 845; x_wconf 44' lang='lat' dir='ltr'><strong>quae*</strong></span> <span class='ocrx_word' id='word_1_59' title='bbox 1362 730 1407 789; x_wconf 89' lang='lat'><strong>13.</strong></span> <span class='ocrx_word' id='word_1_60' title='bbox 1452 726 1525 789; x_wconf 81' lang='lat' dir='ltr'><strong>Lam</strong></span> <span class='ocrx_word' id='word_1_61' title='bbox 1559 746 1635 789; x_wconf 91' lang='grc'><strong>1111</strong></span> <span class='ocrx_word' id='word_1_62' title='bbox 1665 724 1717 808; x_wconf 90' lang='grc'><strong>(11</strong></span> <span class='ocrx_word' id='word_1_63' title='bbox 1744 724 1784 788; x_wconf 92' lang='lat' dir='ltr'><strong>ad</strong></span> <span class='ocrx_word' id='word_1_64' title='bbox 1819 725 1961 789; x_wconf 91' lang='lat' dir='ltr'><strong>alterum</strong></span> <span class='ocrx_word' id='word_1_65' title='bbox 1995 726 2152 806; x_wconf 86' lang='lat' dir='ltr'><strong>veniam),</strong></span> <span class='ocrx_word' id='word_1_66' title='bbox 2183 726 2258 806; x_wconf 86' lang='lat' dir='ltr'><strong>quis</strong></span> 
     </span>
     <span class='ocr_line' id='line_1_6' title="bbox 238 809 2256 915; baseline -0.005 -31"><span class='ocrx_word' id='word_1_67' title='bbox 238 818 388 884; x_wconf 80' lang='lat' dir='ltr'><strong>excidere</strong></span> <span class='ocrx_word' id='word_1_68' title='bbox 408 817 500 881; x_wconf 92' lang='lat' dir='ltr'><strong>nobis</strong></span> <span class='ocrx_word' id='word_1_69' title='bbox 523 837 691 896; x_wconf 88' lang='lat' dir='ltr'><strong>nunquam</strong></span> <span class='ocrx_word' id='word_1_70' title='bbox 714 813 815 877; x_wconf 91' lang='lat' dir='ltr'><strong>debet.</strong></span> <span class='ocrx_word' id='word_1_71' title='bbox 853 812 999 887; x_wconf 82' lang='lat' dir='ltr'><strong>Fallunt,</strong></span> <span class='ocrx_word' id='word_1_72' title='bbox 1023 812 1136 892; x_wconf 91' lang='lat' dir='ltr'><strong>inquit,</strong></span> <span class='ocrx_word' id='word_1_73' title='bbox 1157 811 1217 873; x_wconf 91' lang='lat' dir='ltr'><strong>hu·</strong></span> <span class='ocrx_word' id='word_1_74' title='bbox 1243 851 1246 915; x_wconf 64' lang='grc' dir='ltr'>Ι</span> <span class='ocrx_word' id='word_1_75' title='bbox 1271 833 1339 875; x_wconf 89' lang='lat' dir='ltr'><strong>non</strong></span> <span class='ocrx_word' id='word_1_76' title='bbox 1372 811 1460 875; x_wconf 89' lang='lat' dir='ltr'><strong>videt</strong></span> <span class='ocrx_word' id='word_1_77' title='bbox 1493 811 1697 888; x_wconf 82' lang='lat' dir='ltr'><strong>traditiones,</strong></span> <span class='ocrx_word' id='word_1_78' title='bbox 1731 810 1813 874; x_wconf 89' lang='lat' dir='ltr'><strong>alias</strong></span> <span class='ocrx_word' id='word_1_79' title='bbox 1846 811 1918 875; x_wconf 88' lang='lat' dir='ltr'><strong>aliis</strong></span> <span class='ocrx_word' id='word_1_80' title='bbox 1952 809 2186 887; x_wconf 88' lang='lat' dir='ltr'><strong>coacervando,</strong></span> <span class='ocrx_word' id='word_1_81' title='bbox 2223 811 2256 873; x_wconf 93' lang='lat' dir='ltr'><strong>in</strong></span> 
     </span>
     <span class='ocr_line' id='line_1_7' title="bbox 237 894 2256 981; baseline -0.005 -13"><span class='ocrx_word' id='word_1_82' title='bbox 237 925 354 969; x_wconf 89' lang='lat' dir='ltr'><strong>manae</strong></span> <span class='ocrx_word' id='word_1_83' title='bbox 373 902 564 965; x_wconf 82' lang='lat' dir='ltr'><strong>traditiones</strong></span> <span class='ocrx_word' id='word_1_84' title='bbox 582 899 642 965; x_wconf 93' lang='lat' dir='ltr'><strong>sub</strong></span> <span class='ocrx_word' id='word_1_85' title='bbox 665 901 770 981; x_wconf 89' lang='lat' dir='ltr'><strong>specie</strong></span> <span class='ocrx_word' id='word_1_86' title='bbox 792 899 979 980; x_wconf 80' lang='lat' dir='ltr'><strong>sapientiae.</strong></span> <span class='ocrx_word' id='word_1_87' title='bbox 1020 895 1112 961; x_wconf 90' lang='lat' dir='ltr'><strong>Unde</strong></span> <span class='ocrx_word' id='word_1_88' title='bbox 1131 897 1218 959; x_wconf 90' lang='lat' dir='ltr'><strong>hune</strong></span> <span class='ocrx_word' id='word_1_89' title='bbox 1271 908 1399 962; x_wconf 88' lang='lat' dir='ltr'><strong>tantum</strong></span> <span class='ocrx_word' id='word_1_90' title='bbox 1427 919 1602 961; x_wconf 90' lang='lat' dir='ltr'><strong>numerum</strong></span> <span class='ocrx_word' id='word_1_91' title='bbox 1630 898 1830 974; x_wconf 89' lang='lat' dir='ltr'><strong>excrevisse,</strong></span> <span class='ocrx_word' id='word_1_92' title='bbox 1859 906 1895 960; x_wconf 91' lang='lat' dir='ltr'><strong>ut</strong></span> <span class='ocrx_word' id='word_1_93' title='bbox 1920 897 2119 962; x_wconf 82' lang='lat' dir='ltr'><strong>christianae</strong></span> <span class='ocrx_word' id='word_1_94' title='bbox 2151 894 2256 960; x_wconf 89' lang='lat' dir='ltr'><strong>eecle-</strong></span> 
     </span>
     <span class='ocr_line' id='line_1_8' title="bbox 238 982 2254 1067; baseline -0.006 -11"><span class='ocrx_word' id='word_1_95' title='bbox 238 991 379 1056; x_wconf 91' lang='lat' dir='ltr'><strong>colorem</strong></span> <span class='ocrx_word' id='word_1_96' title='bbox 412 986 554 1053; x_wconf 85' lang='lat' dir='ltr'><strong>habent?</strong></span> <span class='ocrx_word' id='word_1_97' title='bbox 609 986 735 1067; x_wconf 90' lang='lat' dir='ltr'><strong>Nempe</strong></span> <span class='ocrx_word' id='word_1_98' title='bbox 768 987 844 1066; x_wconf 92' lang='lat' dir='ltr'><strong>quia</strong></span> <span class='ocrx_word' id='word_1_99' title='bbox 877 985 1033 1047; x_wconf 87' lang='lat' dir='ltr'><strong>confictae</strong></span> <span class='ocrx_word' id='word_1_100' title='bbox 1067 993 1144 1045; x_wconf 91' lang='grc'><strong>11111</strong></span> <span class='ocrx_word' id='word_1_101' title='bbox 1178 983 1217 1046; x_wconf 93' lang='lat' dir='ltr'><strong>ab</strong></span> <span class='ocrx_word' id='word_1_102' title='bbox 1271 984 1338 1047; x_wconf 87' lang='lat' dir='ltr'><strong>siae</strong></span> <span class='ocrx_word' id='word_1_103' title='bbox 1360 983 1452 1046; x_wconf 91' lang='lat' dir='ltr'><strong>nullo</strong></span> <span class='ocrx_word' id='word_1_104' title='bbox 1475 983 1571 1046; x_wconf 92' lang='lat' dir='ltr'><strong>modo</strong></span> <span class='ocrx_word' id='word_1_105' title='bbox 1595 983 1662 1047; x_wconf 89' lang='lat' dir='ltr'><strong>siut</strong></span> <span class='ocrx_word' id='word_1_106' title='bbox 1684 982 1892 1047; x_wconf 85' lang='lat' dir='ltr'><strong>tolerabiles?</strong></span> <span class='ocrx_word' id='word_1_107' title='bbox 1938 983 2027 1047; x_wconf 91' lang='lat' dir='ltr'><strong>Hinc</strong></span> <span class='ocrx_word' id='word_1_108' title='bbox 2046 983 2172 1047; x_wconf 86' lang='lat' dir='ltr'><strong>laetum</strong></span> <span class='ocrx_word' id='word_1_109' title='bbox 2195 994 2254 1055; x_wconf 89' lang='lat' dir='ltr'><strong>est,</strong></span> 
     </span>
     <span class='ocr_line' id='line_1_9' title="bbox 239 1067 2255 1152; baseline -0.004 -12"><span class='ocrx_word' id='word_1_110' title='bbox 239 1074 435 1140; x_wconf 88' lang='lat' dir='ltr'><strong>hominibus.</strong></span> <span class='ocrx_word' id='word_1_111' title='bbox 491 1073 684 1136; x_wconf 90' lang='lat' dir='ltr'><strong>Humanum</strong></span> <span class='ocrx_word' id='word_1_112' title='bbox 717 1073 886 1152; x_wconf 84' lang='lat' dir='ltr'><strong>ingenium</strong></span> <span class='ocrx_word' id='word_1_113' title='bbox 919 1069 1003 1150; x_wconf 90' lang='lat' dir='ltr'><strong>quod</strong></span> <span class='ocrx_word' id='word_1_114' title='bbox 1038 1090 1136 1132; x_wconf 91' lang='lat' dir='ltr'><strong>suum</strong></span> <span class='ocrx_word' id='word_1_115' title='bbox 1169 1079 1219 1132; x_wconf 84' lang='lat' dir='ltr'><strong>est</strong></span> <span class='ocrx_word' id='word_1_116' title='bbox 1271 1080 1309 1133; x_wconf 92' lang='lat' dir='ltr'><strong>ut</strong></span> <span class='ocrx_word' id='word_1_117' title='bbox 1336 1070 1609 1151; x_wconf 83' lang='lat' dir='ltr'><strong>incaeremeniis</strong></span> <span class='ocrx_word' id='word_1_118' title='bbox 1637 1080 1794 1151; x_wconf 88' lang='lat' dir='ltr'><strong>appareat</strong></span> <span class='ocrx_word' id='word_1_119' title='bbox 1820 1067 2002 1133; x_wconf 82' lang='lat' dir='ltr'><strong>ludaismus</strong></span> <span class='ocrx_word' id='word_1_120' title='bbox 2029 1069 2139 1132; x_wconf 91' lang='lat' dir='ltr'><strong>neseio</strong></span> <span class='ocrx_word' id='word_1_121' title='bbox 2167 1068 2255 1150; x_wconf 89' lang='lat' dir='ltr'><strong>quis;</strong></span> 
     </span>
     <span class='ocr_line' id='line_1_10' title="bbox 236 1153 2256 1243; baseline -0.005 -17"><span class='ocrx_word' id='word_1_122' title='bbox 236 1162 304 1227; x_wconf 92' lang='lat' dir='ltr'><strong>illie</strong></span> <span class='ocrx_word' id='word_1_123' title='bbox 323 1160 532 1243; x_wconf 87' lang='lat' dir='ltr'><strong>recognoscit,</strong></span> <span class='ocrx_word' id='word_1_124' title='bbox 556 1166 589 1221; x_wconf 91' lang='lat' dir='ltr'><strong>et</strong></span> <span class='ocrx_word' id='word_1_125' title='bbox 607 1158 812 1239; x_wconf 87' lang='lat' dir='ltr'><strong>recognitum</strong></span> <span class='ocrx_word' id='word_1_126' title='bbox 829 1155 982 1219; x_wconf 90' lang='lat' dir='ltr'><strong>libentius</strong></span> <span class='ocrx_word' id='word_1_127' title='bbox 1001 1154 1217 1235; x_wconf 81' lang='lat' dir='ltr'><strong>amplectitur,</strong></span> <span class='ocrx_word' id='word_1_128' title='bbox 1272 1156 1356 1218; x_wconf 88' lang='lat' dir='ltr'><strong>aliae</strong></span> <span class='ocrx_word' id='word_1_129' title='bbox 1378 1156 1619 1219; x_wconf 86' lang='lat' dir='ltr'><strong>observationes</strong></span> <span class='ocrx_word' id='word_1_130' title='bbox 1642 1176 1777 1238; x_wconf 89' lang='lat' dir='ltr'><strong>gravem</strong></span> <span class='ocrx_word' id='word_1_131' title='bbox 1795 1157 1858 1238; x_wconf 89' lang='lat' dir='ltr'><strong>piis</strong></span> <span class='ocrx_word' id='word_1_132' title='bbox 1888 1155 2006 1219; x_wconf 90' lang='lat' dir='ltr'><strong>animis</strong></span> <span class='ocrx_word' id='word_1_133' title='bbox 2029 1153 2256 1218; x_wconf 87' lang='lat' dir='ltr'><strong>carnificinam</strong></span> 
     </span>
     <span class='ocr_line' id='line_1_11' title="bbox 237 1239 2256 1331; baseline -0.004 -19"><span class='ocrx_word' id='word_1_134' title='bbox 237 1269 337 1331; x_wconf 89' lang='lat' dir='ltr'><strong>quam</strong></span> <span class='ocrx_word' id='word_1_135' title='bbox 368 1247 527 1328; x_wconf 88' lang='lat' dir='ltr'><strong>optimum</strong></span> <span class='ocrx_word' id='word_1_136' title='bbox 560 1242 681 1325; x_wconf 91' lang='lat' dir='ltr'><strong>aliquid</strong></span> <span class='ocrx_word' id='word_1_137' title='bbox 715 1241 800 1324; x_wconf 92' lang='lat' dir='ltr'><strong>quod</strong></span> <span class='ocrx_word' id='word_1_138' title='bbox 833 1264 911 1305; x_wconf 90' lang='lat' dir='ltr'><strong>suae</strong></span> <span class='ocrx_word' id='word_1_139' title='bbox 941 1241 1079 1305; x_wconf 84' lang='lat' dir='ltr'><strong>vanitati</strong></span> <span class='ocrx_word' id='word_1_140' title='bbox 1109 1240 1218 1304; x_wconf 85' lang='lat' dir='ltr'><strong>minus</strong></span> <span class='ocrx_word' id='word_1_141' title='bbox 1272 1242 1418 1305; x_wconf 86' lang='lat' dir='ltr'><strong>afferant.</strong></span> <span class='ocrx_word' id='word_1_142' title='bbox 1476 1240 1745 1322; x_wconf 74' lang='lat' dir='ltr'><strong>Conquerehatur</strong></span> <span class='ocrx_word' id='word_1_143' title='bbox 1778 1242 1994 1323; x_wconf 84' lang='lat' dir='ltr'><strong>Augustinus,</strong></span> <span class='ocrx_word' id='word_1_144' title='bbox 2017 1243 2041 1323; x_wconf 85' lang='lat'><strong>¹)</strong></span> <span class='ocrx_word' id='word_1_145' title='bbox 2072 1239 2161 1322; x_wconf 89' lang='lat' dir='ltr'><strong>qued</strong></span> <span class='ocrx_word' id='word_1_146' title='bbox 2195 1261 2256 1304; x_wconf 88' lang='grc'><strong>1111</strong></span> 
     </span>
     <span class='ocr_line' id='line_1_12' title="bbox 238 1325 2257 1435; baseline -0.004 -37"><span class='ocrx_word' id='word_1_147' title='bbox 238 1333 434 1397; x_wconf 83' lang='grc'><strong>1111111111</strong></span> <span class='ocrx_word' id='word_1_148' title='bbox 485 1328 613 1394; x_wconf 91' lang='lat' dir='ltr'><strong>Deinde</strong></span> <span class='ocrx_word' id='word_1_149' title='bbox 640 1329 716 1410; x_wconf 91' lang='lat' dir='ltr'><strong>quia</strong></span> <span class='ocrx_word' id='word_1_150' title='bbox 747 1326 899 1391; x_wconf 85' lang='lat' dir='ltr'><strong>videntur</strong></span> <span class='ocrx_word' id='word_1_151' title='bbox 927 1342 1004 1409; x_wconf 87' lang='lat' dir='ltr'><strong>apta</strong></span> <span class='ocrx_word' id='word_1_152' title='bbox 1031 1347 1102 1389; x_wconf 89' lang='lat' dir='ltr'><strong>esse</strong></span> <span class='ocrx_word' id='word_1_153' title='bbox 1129 1325 1218 1389; x_wconf 86' lang='lat' dir='ltr'><strong>rudi-</strong></span> <span class='ocrx_word' id='word_1_154' title='bbox 1244 1346 1247 1435; x_wconf 68' lang='grc' dir='ltr'>ι</span> <span class='ocrx_word' id='word_1_155' title='bbox 1272 1336 1427 1408; x_wconf 88' lang='lat' dir='ltr'><strong>tempore,</strong></span> <span class='ocrx_word' id='word_1_156' title='bbox 1452 1326 1609 1408; x_wconf 83' lang='lat' dir='ltr'><strong>neglectis</strong></span> <span class='ocrx_word' id='word_1_157' title='bbox 1632 1327 1695 1391; x_wconf 90' lang='lat' dir='ltr'><strong>Dei</strong></span> <span class='ocrx_word' id='word_1_158' title='bbox 1719 1328 1908 1409; x_wconf 83' lang='lat' dir='ltr'><strong>praeceptis,</strong></span> <span class='ocrx_word' id='word_1_159' title='bbox 1933 1335 2002 1389; x_wconf 88' lang='lat' dir='ltr'><strong>tam</strong></span> <span class='ocrx_word' id='word_1_160' title='bbox 2023 1325 2138 1390; x_wconf 89' lang='lat' dir='ltr'><strong>multis</strong></span> <span class='ocrx_word' id='word_1_161' title='bbox 2161 1347 2257 1407; x_wconf 89' lang='lat' dir='ltr'><strong>prae-</strong></span> 
     </span>
     <span class='ocr_line' id='line_1_13' title="bbox 238 1412 2258 1496; baseline -0.004 -13"><span class='ocrx_word' id='word_1_162' title='bbox 238 1428 351 1484; x_wconf 88' lang='lat' dir='ltr'><strong>menta</strong></span> <span class='ocrx_word' id='word_1_163' title='bbox 373 1417 414 1480; x_wconf 90' lang='lat' dir='ltr'><strong>ad</strong></span> <span class='ocrx_word' id='word_1_164' title='bbox 442 1415 671 1488; x_wconf 84' lang='lat' dir='ltr'><strong>humilitatem,</strong></span> <span class='ocrx_word' id='word_1_165' title='bbox 695 1414 780 1496; x_wconf 90' lang='lat' dir='ltr'><strong>quod</strong></span> <span class='ocrx_word' id='word_1_166' title='bbox 803 1413 973 1476; x_wconf 90' lang='lat' dir='ltr'><strong>hominum</strong></span> <span class='ocrx_word' id='word_1_167' title='bbox 995 1427 1120 1475; x_wconf 85' lang='lat' dir='ltr'><strong>mentes</strong></span> <span class='ocrx_word' id='word_1_168' title='bbox 1143 1412 1218 1494; x_wconf 87' lang='lat' dir='ltr'><strong>iugo</strong></span> <span class='ocrx_word' id='word_1_169' title='bbox 1244 1448 1247 1487; x_wconf 66' lang='grc' dir='ltr'>Ι</span> <span class='ocrx_word' id='word_1_170' title='bbox 1272 1413 1513 1493; x_wconf 86' lang='lat' dir='ltr'><strong>sumptionibus</strong></span> <span class='ocrx_word' id='word_1_171' title='bbox 1535 1412 1632 1494; x_wconf 91' lang='lat' dir='ltr'><strong>plena</strong></span> <span class='ocrx_word' id='word_1_172' title='bbox 1658 1423 1768 1476; x_wconf 91' lang='lat' dir='ltr'><strong>essent</strong></span> <span class='ocrx_word' id='word_1_173' title='bbox 1794 1414 1905 1476; x_wconf 89' lang='lat' dir='ltr'><strong>omnia</strong></span> <span class='ocrx_word' id='word_1_174' title='bbox 1934 1421 1971 1475; x_wconf 91' lang='lat' dir='ltr'><strong>ut</strong></span> <span class='ocrx_word' id='word_1_175' title='bbox 1998 1413 2132 1495; x_wconf 88' lang='lat' dir='ltr'><strong>gravius</strong></span> <span class='ocrx_word' id='word_1_176' title='bbox 2155 1414 2258 1476; x_wconf 91' lang='lat' dir='ltr'><strong>corri-</strong></span> 
     </span>
     <span class='ocr_line' id='line_1_14' title="bbox 238 1497 2257 1585; baseline -0.003 -16"><span class='ocrx_word' id='word_1_177' title='bbox 238 1526 297 1570; x_wconf 91' lang='lat' dir='ltr'><strong>suo</strong></span> <span class='ocrx_word' id='word_1_178' title='bbox 327 1502 495 1585; x_wconf 84' lang='lat' dir='ltr'><strong>depressas</strong></span> <span class='ocrx_word' id='word_1_179' title='bbox 526 1501 617 1564; x_wconf 91' lang='lat' dir='ltr'><strong>humi</strong></span> <span class='ocrx_word' id='word_1_180' title='bbox 647 1500 809 1573; x_wconf 87' lang='lat' dir='ltr'><strong>detinent,</strong></span> <span class='ocrx_word' id='word_1_181' title='bbox 839 1500 916 1563; x_wconf 93' lang='lat' dir='ltr'><strong>hinc</strong></span> <span class='ocrx_word' id='word_1_182' title='bbox 938 1498 1075 1561; x_wconf 87' lang='lat' dir='ltr'><strong>alteram</strong></span> <span class='ocrx_word' id='word_1_183' title='bbox 1098 1497 1220 1562; x_wconf 90' lang='lat' dir='ltr'><strong>habent</strong></span> <span class='ocrx_word' id='word_1_184' title='bbox 1272 1510 1406 1580; x_wconf 90' lang='lat' dir='ltr'><strong>peretur</strong></span> <span class='ocrx_word' id='word_1_185' title='bbox 1433 1499 1488 1580; x_wconf 92' lang='lat' dir='ltr'><strong>qui</strong></span> <span class='ocrx_word' id='word_1_186' title='bbox 1517 1520 1576 1581; x_wconf 90' lang='lat' dir='ltr'><strong>per</strong></span> <span class='ocrx_word' id='word_1_187' title='bbox 1597 1505 1729 1563; x_wconf 85' lang='lat' dir='ltr'><strong>octavas</strong></span> <span class='ocrx_word' id='word_1_188' title='bbox 1748 1520 1824 1562; x_wconf 90' lang='lat' dir='ltr'><strong>suas</strong></span> <span class='ocrx_word' id='word_1_189' title='bbox 1847 1511 1970 1562; x_wconf 90' lang='lat' dir='ltr'><strong>terram</strong></span> <span class='ocrx_word' id='word_1_190' title='bbox 1992 1497 2080 1565; x_wconf 88' lang='lat' dir='ltr'><strong>nudo</strong></span> <span class='ocrx_word' id='word_1_191' title='bbox 2100 1497 2186 1579; x_wconf 88' lang='lat' dir='ltr'><strong>pede</strong></span> <span class='ocrx_word' id='word_1_192' title='bbox 2209 1512 2257 1562; x_wconf 90' lang='lat' dir='ltr'><strong>te-</strong></span> 
     </span>
     <span class='ocr_line' id='line_1_15' title="bbox 238 1583 2256 1677; baseline -0.004 -21"><span class='ocrx_word' id='word_1_193' title='bbox 238 1586 560 1657; x_wconf 88' lang='lat' dir='ltr'><strong>oommendatienem.</strong></span> <span class='ocrx_word' id='word_1_194' title='bbox 605 1586 775 1649; x_wconf 89' lang='lat' dir='ltr'><strong>Postremo</strong></span> <span class='ocrx_word' id='word_1_195' title='bbox 797 1586 872 1666; x_wconf 88' lang='lat' dir='ltr'><strong>quia</strong></span> <span class='ocrx_word' id='word_1_196' title='bbox 894 1583 1047 1648; x_wconf 88' lang='lat' dir='ltr'><strong>videntur</strong></span> <span class='ocrx_word' id='word_1_197' title='bbox 1068 1604 1105 1647; x_wconf 91' lang='grc'><strong>11</strong></span> <span class='ocrx_word' id='word_1_198' title='bbox 1127 1606 1218 1666; x_wconf 90' lang='lat' dir='ltr'><strong>spec·</strong></span> <span class='ocrx_word' id='word_1_199' title='bbox 1244 1660 1247 1677; x_wconf 89' lang='lat'><strong>.</strong></span> <span class='ocrx_word' id='word_1_200' title='bbox 1272 1584 1401 1666; x_wconf 86' lang='lat' dir='ltr'><strong>tigerat,</strong></span> <span class='ocrx_word' id='word_1_201' title='bbox 1442 1607 1540 1666; x_wconf 88' lang='lat' dir='ltr'><strong>quam</strong></span> <span class='ocrx_word' id='word_1_202' title='bbox 1580 1586 1634 1665; x_wconf 90' lang='lat' dir='ltr'><strong>qui</strong></span> <span class='ocrx_word' id='word_1_203' title='bbox 1675 1595 1819 1648; x_wconf 84' lang='lat' dir='ltr'><strong>mentem</strong></span> <span class='ocrx_word' id='word_1_204' title='bbox 1855 1585 2032 1648; x_wconf 88' lang='lat' dir='ltr'><strong>vinolentia</strong></span> <span class='ocrx_word' id='word_1_205' title='bbox 2071 1583 2256 1665; x_wconf 85' lang='lat' dir='ltr'><strong>sepelierat.</strong></span> 
     </span>
     <span class='ocr_line' id='line_1_16' title="bbox 239 1669 2258 1757; baseline -0.003 -18"><span class='ocrx_word' id='word_1_206' title='bbox 239 1684 309 1739; x_wconf 89' lang='lat' dir='ltr'><strong>tare</strong></span> <span class='ocrx_word' id='word_1_207' title='bbox 331 1686 368 1738; x_wconf 90' lang='lat' dir='ltr'><strong>ut</strong></span> <span class='ocrx_word' id='word_1_208' title='bbox 390 1673 496 1738; x_wconf 87' lang='lat' dir='ltr'><strong>carnis</strong></span> <span class='ocrx_word' id='word_1_209' title='bbox 526 1672 657 1736; x_wconf 83' lang='lat' dir='ltr'><strong>delicias</strong></span> <span class='ocrx_word' id='word_1_210' title='bbox 686 1672 858 1735; x_wconf 88' lang='lat' dir='ltr'><strong>cohibeant</strong></span> <span class='ocrx_word' id='word_1_211' title='bbox 881 1681 914 1734; x_wconf 92' lang='lat' dir='ltr'><strong>et</strong></span> <span class='ocrx_word' id='word_1_212' title='bbox 936 1670 1152 1734; x_wconf 88' lang='lat' dir='ltr'><strong>abstinentiae</strong></span> <span class='ocrx_word' id='word_1_213' title='bbox 1175 1670 1218 1732; x_wconf 90' lang='lat' dir='ltr'><strong>ri·</strong></span> <span class='ocrx_word' id='word_1_214' title='bbox 1244 1692 1247 1757; x_wconf 64' lang='lat'><em>5</em></span> <span class='ocrx_word' id='word_1_215' title='bbox 1272 1669 1557 1750; x_wconf 82' lang='lat' dir='ltr'><strong>Conquerebatur‚</strong></span> <span class='ocrx_word' id='word_1_216' title='bbox 1598 1670 1767 1736; x_wconf 89' lang='lat' dir='ltr'><strong>ecclesiam</strong></span> <span class='ocrx_word' id='word_1_217' title='bbox 1800 1692 1900 1752; x_wconf 89' lang='lat' dir='ltr'><strong>quam</strong></span> <span class='ocrx_word' id='word_1_218' title='bbox 1934 1669 1998 1734; x_wconf 88' lang='lat' dir='ltr'><strong>Dei</strong></span> <span class='ocrx_word' id='word_1_219' title='bbox 2032 1669 2258 1734; x_wconf 86' lang='lat' dir='ltr'><strong>misericordia</strong></span> 
     </span>
     <span class='ocr_line' id='line_1_17' title="bbox 238 1755 2259 1904; baseline -0.002 -81"><span class='ocrx_word' id='word_1_220' title='bbox 238 1781 316 1846; x_wconf 84' lang='lat' dir='ltr'><strong>gere</strong></span> <span class='ocrx_word' id='word_1_221' title='bbox 341 1759 432 1823; x_wconf 88' lang='lat' dir='ltr'><strong>illam</strong></span> <span class='ocrx_word' id='word_1_222' title='bbox 460 1757 623 1841; x_wconf 89' lang='lat' dir='ltr'><strong>subigant,</strong></span> <span class='ocrx_word' id='word_1_223' title='bbox 648 1757 720 1821; x_wconf 89' lang='lat' dir='ltr'><strong>ideo</strong></span> <span class='ocrx_word' id='word_1_224' title='bbox 743 1755 897 1820; x_wconf 91' lang='lat' dir='ltr'><strong>videntur</strong></span> <span class='ocrx_word' id='word_1_225' title='bbox 911 1755 1218 1904; x_wconf 65' lang='grc' dir='ltr'><strong>Ι11111111111111-</strong></span> <span class='ocrx_word' id='word_1_226' title='bbox 1244 1760 1247 1855; x_wconf 56' lang='grc'><strong>1</strong></span> <span class='ocrx_word' id='word_1_227' title='bbox 1271 1755 1408 1820; x_wconf 89' lang='lat' dir='ltr'><strong>liberam</strong></span> <span class='ocrx_word' id='word_1_228' title='bbox 1438 1778 1509 1820; x_wconf 90' lang='lat' dir='ltr'><strong>osse</strong></span> <span class='ocrx_word' id='word_1_229' title='bbox 1538 1756 1656 1833; x_wconf 89' lang='lat' dir='ltr'><strong>veluit,</strong></span> <span class='ocrx_word' id='word_1_230' title='bbox 1677 1756 1725 1822; x_wconf 89' lang='lat' dir='ltr'><strong>sic</strong></span> <span class='ocrx_word' id='word_1_231' title='bbox 1746 1758 1851 1837; x_wconf 90' lang='lat' dir='ltr'><strong>premi</strong></span> <span class='ocrx_word' id='word_1_232' title='bbox 1873 1765 1911 1819; x_wconf 93' lang='lat' dir='ltr'><strong>ut</strong></span> <span class='ocrx_word' id='word_1_233' title='bbox 1933 1755 2135 1820; x_wconf 82' lang='lat' dir='ltr'><strong>tolerabilior</strong></span> <span class='ocrx_word' id='word_1_234' title='bbox 2159 1756 2259 1819; x_wconf 87' lang='lat' dir='ltr'><strong>fuerit</strong></span> 
     </span>
     <span class='ocr_line' id='line_1_18' title="bbox 262 1840 2258 1935; baseline -0.003 -25"><span class='ocrx_word' id='word_1_235' title='bbox 262 1847 368 1910; x_wconf 78' lang='lat' dir='ltr'><strong>‘tatae</strong></span> <span class='ocrx_word' id='word_1_236' title='bbox 414 1842 503 1924; x_wconf 79' lang='lat' dir='ltr'><strong>Quid</strong></span> <span class='ocrx_word' id='word_1_237' title='bbox 532 1853 642 1908; x_wconf 90' lang='lat' dir='ltr'><strong>autem</strong></span> <span class='ocrx_word' id='word_1_238' title='bbox 670 1843 710 1906; x_wconf 87' lang='lat' dir='ltr'><strong>ad</strong></span> <span class='ocrx_word' id='word_1_239' title='bbox 739 1842 817 1906; x_wconf 90' lang='lat' dir='ltr'><strong>haec</strong></span> <span class='ocrx_word' id='word_1_240' title='bbox 837 1843 909 1907; x_wconf 91' lang='lat' dir='ltr'><strong>Pau</strong></span> <span class='ocrx_word' id='word_1_241' title='bbox 924 1841 983 1904; x_wconf 84' lang='lat' dir='ltr'><strong>us?</strong></span> <span class='ocrx_word' id='word_1_242' title='bbox 1007 1864 1088 1905; x_wconf 91' lang='lat' dir='ltr'><strong>num</strong></span> <span class='ocrx_word' id='word_1_243' title='bbox 1110 1841 1218 1904; x_wconf 85' lang='lat' dir='ltr'><strong>larvas</strong></span> <span class='ocrx_word' id='word_1_244' title='bbox 1244 1876 1246 1935; x_wconf 54' lang='lat' dir='ltr'><strong>q</strong></span> <span class='ocrx_word' id='word_1_245' title='bbox 1271 1841 1469 1905; x_wconf 88' lang='lat' dir='ltr'><strong>Iudaeorum</strong></span> <span class='ocrx_word' id='word_1_246' title='bbox 1497 1841 1647 1907; x_wconf 90' lang='lat' dir='ltr'><strong>conditio.</strong></span> <span class='ocrx_word' id='word_1_247' title='bbox 1693 1840 1731 1906; x_wconf 79' lang='lat' dir='ltr'><strong>Si</strong></span> <span class='ocrx_word' id='word_1_248' title='bbox 1758 1843 1793 1905; x_wconf 92' lang='lat' dir='ltr'><strong>in</strong></span> <span class='ocrx_word' id='word_1_249' title='bbox 1817 1843 1982 1920; x_wconf 83' lang='lat' dir='ltr'><strong>saeculum</strong></span> <span class='ocrx_word' id='word_1_250' title='bbox 2001 1850 2153 1905; x_wconf 89' lang='lat' dir='ltr'><strong>nostrum</strong></span> <span class='ocrx_word' id='word_1_251' title='bbox 2175 1842 2258 1906; x_wconf 93' lang='lat' dir='ltr'><strong>inci-</strong></span> 
     </span>
     <span class='ocr_line' id='line_1_19' title="bbox 240 1925 2258 2012; baseline -0.002 -17"><span class='ocrx_word' id='word_1_252' title='bbox 240 1932 247 1944; x_wconf 92' lang='lat'>&#39;</span> <span class='ocrx_word' id='word_1_253' title='bbox 275 1954 311 1996; x_wconf 92' lang='lat' dir='ltr'><strong>as</strong></span> <span class='ocrx_word' id='word_1_254' title='bbox 339 1931 477 2008; x_wconf 81' lang='lat' dir='ltr'><strong>excutit,</strong></span> <span class='ocrx_word' id='word_1_255' title='bbox 508 1952 549 1994; x_wconf 90' lang='lat' dir='ltr'><strong>ne</strong></span> <span class='ocrx_word' id='word_1_256' title='bbox 576 1929 656 1992; x_wconf 85' lang='lat' dir='ltr'><strong>falso</strong></span> <span class='ocrx_word' id='word_1_257' title='bbox 679 1936 851 2012; x_wconf 88' lang='lat' dir='ltr'><strong>praetextu</strong></span> <span class='ocrx_word' id='word_1_258' title='bbox 875 1927 1039 2009; x_wconf 90' lang='lat' dir='ltr'><strong>simplices</strong></span> <span class='ocrx_word' id='word_1_259' title='bbox 1061 1925 1218 1991; x_wconf 88' lang='lat' dir='ltr'><strong>deludan·</strong></span> <span class='ocrx_word' id='word_1_260' title='bbox 1272 1927 1372 1991; x_wconf 89' lang='lat' dir='ltr'><strong>disset</strong></span> <span class='ocrx_word' id='word_1_261' title='bbox 1399 1938 1532 1992; x_wconf 88' lang='lat' dir='ltr'><strong>sanetus</strong></span> <span class='ocrx_word' id='word_1_262' title='bbox 1561 1927 1616 1992; x_wconf 94' lang='lat' dir='ltr'><strong>illo</strong></span> <span class='ocrx_word' id='word_1_263' title='bbox 1646 1930 1711 2005; x_wconf 87' lang='lat' dir='ltr'><strong>vir,</strong></span> <span class='ocrx_word' id='word_1_264' title='bbox 1739 1929 1856 2009; x_wconf 88' lang='lat' dir='ltr'><strong>quibus</strong></span> <span class='ocrx_word' id='word_1_265' title='bbox 1884 1927 2025 2009; x_wconf 85' lang='lat' dir='ltr'><strong>querelis</strong></span> <span class='ocrx_word' id='word_1_266' title='bbox 2053 1927 2258 2009; x_wconf 89' lang='lat' dir='ltr'><strong>deplorasset</strong></span> 
     </span>
     <span class='ocr_line' id='line_1_20' title="bbox 238 2012 2258 2096; baseline -0.001 -15"><span class='ocrx_word' id='word_1_267' title='bbox 238 2017 313 2082; x_wconf 79' lang='lat' dir='ltr'><strong>tur?</strong></span> <span class='ocrx_word' id='word_1_268' title='bbox 360 2014 524 2096; x_wconf 81' lang='lat' dir='ltr'><strong>Quoniam</strong></span> <span class='ocrx_word' id='word_1_269' title='bbox 553 2016 613 2079; x_wconf 92' lang='lat' dir='ltr'><strong>hoe</strong></span> <span class='ocrx_word' id='word_1_270' title='bbox 640 2016 719 2079; x_wconf 90' lang='lat' dir='ltr'><strong>satis</strong></span> <span class='ocrx_word' id='word_1_271' title='bbox 749 2014 789 2077; x_wconf 87' lang='lat' dir='ltr'><strong>ad</strong></span> <span class='ocrx_word' id='word_1_272' title='bbox 812 2012 1026 2079; x_wconf 86' lang='lat' dir='ltr'><strong>refellendum</strong></span> <span class='ocrx_word' id='word_1_273' title='bbox 1049 2033 1119 2077; x_wconf 89' lang='lat' dir='ltr'><strong>esse</strong></span> <span class='ocrx_word' id='word_1_274' title='bbox 1142 2033 1217 2076; x_wconf 87' lang='lat' dir='ltr'><strong>een·</strong></span> <span class='ocrx_word' id='word_1_275' title='bbox 1271 2035 1353 2088; x_wconf 91' lang='lat' dir='ltr'><strong>eam,</strong></span> <span class='ocrx_word' id='word_1_276' title='bbox 1376 2036 1458 2095; x_wconf 87' lang='lat' dir='ltr'><strong>quae</strong></span> <span class='ocrx_word' id='word_1_277' title='bbox 1481 2036 1569 2078; x_wconf 91' lang='lat' dir='ltr'><strong>nune</strong></span> <span class='ocrx_word' id='word_1_278' title='bbox 1590 2024 1647 2092; x_wconf 90' lang='lat' dir='ltr'><strong>est,</strong></span> <span class='ocrx_word' id='word_1_279' title='bbox 1671 2013 1885 2079; x_wconf 83' lang='lat' dir='ltr'><strong>servitutem?</strong></span> <span class='ocrx_word' id='word_1_280' title='bbox 1932 2014 2018 2077; x_wconf 92' lang='lat' dir='ltr'><strong>Nam</strong></span> <span class='ocrx_word' id='word_1_281' title='bbox 2041 2024 2075 2077; x_wconf 95' lang='grc'><strong>11</strong></span> <span class='ocrx_word' id='word_1_282' title='bbox 2095 2034 2258 2078; x_wconf 90' lang='lat' dir='ltr'><strong>numerus</strong></span> 
     </span>
     <span class='ocr_line' id='line_1_21' title="bbox 237 2097 2259 2184; baseline -0.003 -16"><span class='ocrx_word' id='word_1_283' title='bbox 237 2113 359 2176; x_wconf 90' lang='lat' dir='ltr'><strong>suerat,</strong></span> <span class='ocrx_word' id='word_1_284' title='bbox 383 2101 469 2184; x_wconf 89' lang='lat' dir='ltr'><strong>quod</strong></span> <span class='ocrx_word' id='word_1_285' title='bbox 491 2101 618 2165; x_wconf 84' lang='lat' dir='ltr'><strong>dixerat</strong></span> <span class='ocrx_word' id='word_1_286' title='bbox 638 2123 709 2165; x_wconf 91' lang='lat' dir='ltr'><strong>esse</strong></span> <span class='ocrx_word' id='word_1_287' title='bbox 732 2101 901 2164; x_wconf 90' lang='lat' dir='ltr'><strong>homiuum</strong></span> <span class='ocrx_word' id='word_1_288' title='bbox 924 2107 1115 2174; x_wconf 88' lang='lat' dir='ltr'><strong>commenta,</strong></span> <span class='ocrx_word' id='word_1_289' title='bbox 1137 2097 1218 2163; x_wconf 88' lang='lat' dir='ltr'><strong>haec</strong></span> <span class='ocrx_word' id='word_1_290' title='bbox 1271 2111 1320 2163; x_wconf 91' lang='lat' dir='ltr'><strong>est</strong></span> <span class='ocrx_word' id='word_1_291' title='bbox 1348 2098 1483 2181; x_wconf 89' lang='lat' dir='ltr'><strong>decuplo</strong></span> <span class='ocrx_word' id='word_1_292' title='bbox 1511 2101 1622 2177; x_wconf 91' lang='lat' dir='ltr'><strong>maior,</strong></span> <span class='ocrx_word' id='word_1_293' title='bbox 1654 2110 1687 2163; x_wconf 91' lang='lat' dir='ltr'><strong>et</strong></span> <span class='ocrx_word' id='word_1_294' title='bbox 1715 2100 1837 2183; x_wconf 83' lang='lat' dir='ltr'><strong>singuli</strong></span> <span class='ocrx_word' id='word_1_295' title='bbox 1865 2100 1974 2183; x_wconf 91' lang='lat' dir='ltr'><strong>apices</strong></span> <span class='ocrx_word' id='word_1_296' title='bbox 1996 2099 2153 2180; x_wconf 90' lang='lat' dir='ltr'><strong>centuplo</strong></span> <span class='ocrx_word' id='word_1_297' title='bbox 2178 2101 2259 2182; x_wconf 86' lang='lat' dir='ltr'><strong>rigi-</strong></span> 
     </span>
     <span class='ocr_line' id='line_1_22' title="bbox 166 2183 2259 2270; baseline -0.001 -17"><span class='ocrx_word' id='word_1_298' title='bbox 166 2254 170 2267; x_wconf 68' lang='grc'><strong>,</strong></span> <span class='ocrx_word' id='word_1_299' title='bbox 239 2190 359 2265; x_wconf 88' lang='lat' dir='ltr'><strong>emnia,</strong></span> <span class='ocrx_word' id='word_1_300' title='bbox 391 2197 545 2268; x_wconf 87' lang='lat' dir='ltr'><strong>tanquam</strong></span> <span class='ocrx_word' id='word_1_301' title='bbox 574 2208 632 2269; x_wconf 92' lang='lat' dir='ltr'><strong>pro</strong></span> <span class='ocrx_word' id='word_1_302' title='bbox 655 2187 758 2250; x_wconf 92' lang='lat' dir='ltr'><strong>nihilo</strong></span> <span class='ocrx_word' id='word_1_303' title='bbox 781 2186 908 2261; x_wconf 89' lang='lat' dir='ltr'><strong>habeat,</strong></span> <span class='ocrx_word' id='word_1_304' title='bbox 933 2186 1002 2249; x_wconf 90' lang='lat' dir='ltr'><strong>sine</strong></span> <span class='ocrx_word' id='word_1_305' title='bbox 1025 2186 1218 2249; x_wconf 86' lang='lat' dir='ltr'><strong>refutatione</strong></span> <span class='ocrx_word' id='word_1_306' title='bbox 1271 2183 1344 2249; x_wconf 86' lang='lat' dir='ltr'><strong>dius</strong></span> <span class='ocrx_word' id='word_1_307' title='bbox 1372 2206 1470 2267; x_wconf 89' lang='lat' dir='ltr'><strong>quam</strong></span> <span class='ocrx_word' id='word_1_308' title='bbox 1498 2194 1576 2251; x_wconf 92' lang='lat' dir='ltr'><strong>tune</strong></span> <span class='ocrx_word' id='word_1_309' title='bbox 1605 2187 1791 2270; x_wconf 87' lang='lat' dir='ltr'><strong>exiguntur.</strong></span> <span class='ocrx_word' id='word_1_310' title='bbox 1837 2187 1890 2250; x_wconf 90' lang='lat' dir='ltr'><strong>Ita</strong></span> <span class='ocrx_word' id='word_1_311' title='bbox 1910 2187 1985 2249; x_wconf 88' lang='lat' dir='ltr'><strong>fieri</strong></span> <span class='ocrx_word' id='word_1_312' title='bbox 2005 2185 2101 2250; x_wconf 88' lang='lat' dir='ltr'><strong>solet:</strong></span> <span class='ocrx_word' id='word_1_313' title='bbox 2125 2184 2182 2249; x_wconf 90' lang='lat' dir='ltr'><strong>ubi</strong></span> <span class='ocrx_word' id='word_1_314' title='bbox 2206 2207 2259 2250; x_wconf 89' lang='lat' dir='ltr'><strong>se-</strong></span> 
     </span>
     <span class='ocr_line' id='line_1_23' title="bbox 238 2271 2257 2358; baseline -0.001 -19"><span class='ocrx_word' id='word_1_315' title='bbox 238 2274 402 2358; x_wconf 90' lang='lat' dir='ltr'><strong>praeterit.</strong></span> <span class='ocrx_word' id='word_1_316' title='bbox 434 2273 505 2337; x_wconf 94' lang='lat' dir='ltr'><strong>Imo</strong></span> <span class='ocrx_word' id='word_1_317' title='bbox 526 2274 602 2355; x_wconf 90' lang='lat' dir='ltr'><strong>quia</strong></span> <span class='ocrx_word' id='word_1_318' title='bbox 624 2280 769 2348; x_wconf 89' lang='lat' dir='ltr'><strong>noverat,</strong></span> <span class='ocrx_word' id='word_1_319' title='bbox 792 2273 827 2335; x_wconf 92' lang='lat' dir='ltr'><strong>in</strong></span> <span class='ocrx_word' id='word_1_320' title='bbox 845 2271 980 2336; x_wconf 89' lang='lat' dir='ltr'><strong>eeclesia</strong></span> <span class='ocrx_word' id='word_1_321' title='bbox 999 2293 1111 2335; x_wconf 89' lang='lat' dir='ltr'><strong>omnes</strong></span> <span class='ocrx_word' id='word_1_322' title='bbox 1131 2293 1218 2334; x_wconf 92' lang='lat' dir='ltr'><strong>eom·</strong></span> <span class='ocrx_word' id='word_1_323' title='bbox 1271 2271 1336 2334; x_wconf 89' lang='lat' dir='ltr'><strong>mel</strong></span> <span class='ocrx_word' id='word_1_324' title='bbox 1363 2273 1508 2353; x_wconf 90' lang='lat' dir='ltr'><strong>perversi</strong></span> <span class='ocrx_word' id='word_1_325' title='bbox 1535 2274 1589 2336; x_wconf 94' lang='lat' dir='ltr'><strong>isti</strong></span> <span class='ocrx_word' id='word_1_326' title='bbox 1617 2272 1819 2354; x_wconf 82' lang='lat' dir='ltr'><strong>legislatores</strong></span> <span class='ocrx_word' id='word_1_327' title='bbox 1846 2272 2022 2353; x_wconf 92' lang='lat' dir='ltr'><strong>imperium</strong></span> <span class='ocrx_word' id='word_1_328' title='bbox 2042 2286 2257 2353; x_wconf 88' lang='lat' dir='ltr'><strong>occuparunt,</strong></span> 
     </span>
     <span class='ocr_line' id='line_1_24' title="bbox 238 2355 2259 2439; baseline -0.001 -14"><span class='ocrx_word' id='word_1_329' title='bbox 238 2361 408 2425; x_wconf 91' lang='lat' dir='ltr'><strong>mentitios</strong></span> <span class='ocrx_word' id='word_1_330' title='bbox 425 2359 532 2424; x_wconf 88' lang='lat' dir='ltr'><strong>cultus</strong></span> <span class='ocrx_word' id='word_1_331' title='bbox 550 2380 620 2422; x_wconf 88' lang='lat' dir='ltr'><strong>esse</strong></span> <span class='ocrx_word' id='word_1_332' title='bbox 643 2357 821 2433; x_wconf 88' lang='lat' dir='ltr'><strong>damnatos,</strong></span> <span class='ocrx_word' id='word_1_333' title='bbox 846 2370 878 2420; x_wconf 90' lang='lat' dir='ltr'><strong>ot</strong></span> <span class='ocrx_word' id='word_1_334' title='bbox 900 2377 938 2421; x_wconf 92' lang='grc'><strong>11</strong></span> <span class='ocrx_word' id='word_1_335' title='bbox 960 2358 1065 2438; x_wconf 83' lang='lat' dir='ltr'><strong>magis</strong></span> <span class='ocrx_word' id='word_1_336' title='bbox 1088 2378 1219 2438; x_wconf 90' lang='lat' dir='ltr'><strong>suspec·</strong></span> <span class='ocrx_word' id='word_1_337' title='bbox 1271 2356 1402 2420; x_wconf 90' lang='lat' dir='ltr'><strong>nullum</strong></span> <span class='ocrx_word' id='word_1_338' title='bbox 1423 2359 1523 2421; x_wconf 88' lang='lat' dir='ltr'><strong>finem</strong></span> <span class='ocrx_word' id='word_1_339' title='bbox 1545 2357 1676 2423; x_wconf 89' lang='lat' dir='ltr'><strong>iubendi</strong></span> <span class='ocrx_word' id='word_1_340' title='bbox 1705 2368 1738 2423; x_wconf 93' lang='lat' dir='ltr'><strong>et</strong></span> <span class='ocrx_word' id='word_1_341' title='bbox 1764 2355 1897 2422; x_wconf 89' lang='lat' dir='ltr'><strong>vetandi</strong></span> <span class='ocrx_word' id='word_1_342' title='bbox 1919 2357 2059 2436; x_wconf 90' lang='lat' dir='ltr'><strong>faciunt,</strong></span> <span class='ocrx_word' id='word_1_343' title='bbox 2088 2356 2192 2422; x_wconf 92' lang='lat' dir='ltr'><strong>donec</strong></span> <span class='ocrx_word' id='word_1_344' title='bbox 2215 2357 2259 2439; x_wconf 80' lang='lat' dir='ltr'><strong>ad</strong></span> 
     </span>
     <span class='ocr_line' id='line_1_25' title="bbox 239 2441 2260 2527; baseline -0 -17"><span class='ocrx_word' id='word_1_345' title='bbox 239 2454 291 2511; x_wconf 90' lang='grc'><strong>111</strong></span> <span class='ocrx_word' id='word_1_346' title='bbox 323 2467 393 2524; x_wconf 79' lang='lat' dir='ltr'><strong>esse</strong></span> <span class='ocrx_word' id='word_1_347' title='bbox 430 2444 581 2508; x_wconf 90' lang='lat' dir='ltr'><strong>fidelibus</strong></span> <span class='ocrx_word' id='word_1_348' title='bbox 613 2466 677 2527; x_wconf 94' lang='lat' dir='ltr'><strong>quo</strong></span> <span class='ocrx_word' id='word_1_349' title='bbox 707 2444 891 2507; x_wconf 86' lang='lat' dir='ltr'><strong>humanum</strong></span> <span class='ocrx_word' id='word_1_350' title='bbox 918 2443 1087 2525; x_wconf 86' lang='lat' dir='ltr'><strong>ingenium</strong></span> <span class='ocrx_word' id='word_1_351' title='bbox 1114 2443 1219 2525; x_wconf 89' lang='lat' dir='ltr'><strong>magis</strong></span> <span class='ocrx_word' id='word_1_352' title='bbox 1272 2451 1458 2506; x_wconf 91' lang='lat' dir='ltr'><strong>extromum</strong></span> <span class='ocrx_word' id='word_1_353' title='bbox 1498 2445 1694 2509; x_wconf 88' lang='lat' dir='ltr'><strong>morositatis</strong></span> <span class='ocrx_word' id='word_1_354' title='bbox 1733 2444 1935 2526; x_wconf 88' lang='lat' dir='ltr'><strong>perveniant.</strong></span> <span class='ocrx_word' id='word_1_355' title='bbox 1993 2441 2090 2522; x_wconf 81' lang='lat' dir='ltr'><strong>Quod</strong></span> <span class='ocrx_word' id='word_1_356' title='bbox 2128 2443 2260 2509; x_wconf 86' lang='lat' dir='ltr'><strong>Paulus</strong></span> 
     </span>
     <span class='ocr_line' id='line_1_26' title="bbox 239 2528 2260 2612; baseline 0 -17"><span class='ocrx_word' id='word_1_357' title='bbox 239 2531 416 2607; x_wconf 90' lang='lat' dir='ltr'><strong>oblectant;</strong></span> <span class='ocrx_word' id='word_1_358' title='bbox 446 2531 521 2611; x_wconf 90' lang='lat' dir='ltr'><strong>quia</strong></span> <span class='ocrx_word' id='word_1_359' title='bbox 548 2540 691 2604; x_wconf 90' lang='lat' dir='ltr'><strong>noverat,</strong></span> <span class='ocrx_word' id='word_1_360' title='bbox 719 2529 836 2594; x_wconf 84' lang='lat' dir='ltr'><strong>salsam</strong></span> <span class='ocrx_word' id='word_1_361' title='bbox 858 2529 950 2592; x_wconf 89' lang='lat' dir='ltr'><strong>illam</strong></span> <span class='ocrx_word' id='word_1_362' title='bbox 972 2540 1127 2592; x_wconf 86' lang='lat' dir='ltr'><strong>externae</strong></span> <span class='ocrx_word' id='word_1_363' title='bbox 1158 2529 1218 2591; x_wconf 92' lang='lat' dir='ltr'><strong>hu·</strong></span> <span class='ocrx_word' id='word_1_364' title='bbox 1271 2530 1372 2592; x_wconf 89' lang='lat' dir='ltr'><strong>etiam</strong></span> <span class='ocrx_word' id='word_1_365' title='bbox 1393 2529 1562 2611; x_wconf 86' lang='lat' dir='ltr'><strong>eleganter</strong></span> <span class='ocrx_word' id='word_1_366' title='bbox 1583 2530 1742 2595; x_wconf 89' lang='lat' dir='ltr'><strong>indicavit</strong></span> <span class='ocrx_word' id='word_1_367' title='bbox 1763 2528 1815 2594; x_wconf 93' lang='lat' dir='ltr'><strong>his</strong></span> <span class='ocrx_word' id='word_1_368' title='bbox 1839 2529 1947 2595; x_wconf 90' lang='lat' dir='ltr'><strong>verbis</strong></span> <span class='ocrx_word' id='word_1_369' title='bbox 1970 2528 2054 2612; x_wconf 80' lang='lat'><strong>(001.</strong></span> <span class='ocrx_word' id='word_1_370' title='bbox 2078 2533 2106 2605; x_wconf 84' lang='lat'><strong>2,</strong></span> <span class='ocrx_word' id='word_1_371' title='bbox 2131 2530 2203 2607; x_wconf 80' lang='lat'>20):</span> <span class='ocrx_word' id='word_1_372' title='bbox 2228 2532 2260 2595; x_wconf 85' lang='lat' dir='ltr'><strong>si</strong></span> 
     </span>
     <span class='ocr_line' id='line_1_27' title="bbox 238 2613 2257 2700; baseline -0.001 -19"><span class='ocrx_word' id='word_1_373' title='bbox 238 2617 389 2681; x_wconf 90' lang='lat' dir='ltr'><strong>militatis</strong></span> <span class='ocrx_word' id='word_1_374' title='bbox 405 2617 583 2700; x_wconf 86' lang='lat' dir='ltr'><strong>imaginem</strong></span> <span class='ocrx_word' id='word_1_375' title='bbox 601 2638 621 2680; x_wconf 97' lang='grc'><strong>1</strong></span> <span class='ocrx_word' id='word_1_376' title='bbox 639 2638 717 2681; x_wconf 84' lang='lat' dir='ltr'><strong>vera</strong></span> <span class='ocrx_word' id='word_1_377' title='bbox 735 2615 922 2679; x_wconf 89' lang='lat' dir='ltr'><strong>humilitate</strong></span> <span class='ocrx_word' id='word_1_378' title='bbox 939 2623 1069 2678; x_wconf 89' lang='lat' dir='ltr'><strong>tantum</strong></span> <span class='ocrx_word' id='word_1_379' title='bbox 1087 2614 1218 2689; x_wconf 88' lang='lat' dir='ltr'><strong>distare,</strong></span> <span class='ocrx_word' id='word_1_380' title='bbox 1271 2616 1392 2678; x_wconf 90' lang='lat' dir='ltr'><strong>mortui</strong></span> <span class='ocrx_word' id='word_1_381' title='bbox 1425 2615 1503 2679; x_wconf 89' lang='lat' dir='ltr'><strong>estis</strong></span> <span class='ocrx_word' id='word_1_382' title='bbox 1531 2614 1667 2692; x_wconf 88' lang='lat' dir='ltr'><strong>mundo,</strong></span> <span class='ocrx_word' id='word_1_383' title='bbox 1704 2613 1785 2699; x_wconf 90' lang='lat' dir='ltr'><strong>quid</strong></span> <span class='ocrx_word' id='word_1_384' title='bbox 1811 2616 1904 2699; x_wconf 85' lang='lat' dir='ltr'><strong>quasi</strong></span> <span class='ocrx_word' id='word_1_385' title='bbox 1934 2616 2079 2681; x_wconf 89' lang='lat' dir='ltr'><strong>viventes</strong></span> <span class='ocrx_word' id='word_1_386' title='bbox 2111 2614 2257 2679; x_wconf 87' lang='lat' dir='ltr'><strong>decretis</strong></span> 
     </span>
     <span class='ocr_line' id='line_1_28' title="bbox 239 2700 2255 2786; baseline -0.001 -19"><span class='ocrx_word' id='word_1_387' title='bbox 239 2711 279 2767; x_wconf 93' lang='lat' dir='ltr'><strong>ut</strong></span> <span class='ocrx_word' id='word_1_388' title='bbox 305 2703 398 2767; x_wconf 85' lang='lat' dir='ltr'><strong>facile</strong></span> <span class='ocrx_word' id='word_1_389' title='bbox 420 2701 672 2779; x_wconf 86' lang='lat' dir='ltr'><strong>discerneretur;</strong></span> <span class='ocrx_word' id='word_1_390' title='bbox 696 2701 773 2783; x_wconf 88' lang='lat' dir='ltr'><strong>quia</strong></span> <span class='ocrx_word' id='word_1_391' title='bbox 796 2701 934 2782; x_wconf 89' lang='lat' dir='ltr'><strong>denique</strong></span> <span class='ocrx_word' id='word_1_392' title='bbox 956 2712 1105 2777; x_wconf 89' lang='lat' dir='ltr'><strong>noverat,</strong></span> <span class='ocrx_word' id='word_1_393' title='bbox 1128 2700 1220 2764; x_wconf 89' lang='lat' dir='ltr'><strong>illam</strong></span> <span class='ocrx_word' id='word_1_394' title='bbox 1271 2701 1450 2764; x_wconf 83' lang='lat' dir='ltr'><strong>tenemini?</strong></span> <span class='ocrx_word' id='word_1_395' title='bbox 1482 2724 1523 2765; x_wconf 91' lang='lat' dir='ltr'><strong>ne</strong></span> <span class='ocrx_word' id='word_1_396' title='bbox 1544 2701 1762 2781; x_wconf 88' lang='lat' dir='ltr'><strong>manducaris,</strong></span> <span class='ocrx_word' id='word_1_397' title='bbox 1789 2723 1831 2766; x_wconf 91' lang='lat' dir='ltr'><strong>ne</strong></span> <span class='ocrx_word' id='word_1_398' title='bbox 1853 2703 2043 2786; x_wconf 82' lang='lat' dir='ltr'><strong>gustaveris,</strong></span> <span class='ocrx_word' id='word_1_399' title='bbox 2066 2721 2106 2764; x_wconf 92' lang='lat' dir='ltr'><strong>ne</strong></span> <span class='ocrx_word' id='word_1_400' title='bbox 2127 2707 2255 2764; x_wconf 90' lang='lat' dir='ltr'><strong>attrec-</strong></span> 
     </span>
     <span class='ocr_line' id='line_1_29' title="bbox 239 2782 2254 2872; baseline -0.001 -20"><span class='ocrx_word' id='word_1_401' title='bbox 239 2788 474 2872; x_wconf 86' lang='lat' dir='ltr'><strong>paedagogiam</strong></span> <span class='ocrx_word' id='word_1_402' title='bbox 508 2811 574 2852; x_wconf 92' lang='lat' dir='ltr'><strong>nou</strong></span> <span class='ocrx_word' id='word_1_403' title='bbox 610 2789 713 2871; x_wconf 89' lang='lat' dir='ltr'><strong>pluris</strong></span> <span class='ocrx_word' id='word_1_404' title='bbox 747 2788 913 2851; x_wconf 89' lang='lat' dir='ltr'><strong>aestimari</strong></span> <span class='ocrx_word' id='word_1_405' title='bbox 947 2808 1046 2868; x_wconf 94' lang='lat' dir='ltr'><strong>quam</strong></span> <span class='ocrx_word' id='word_1_406' title='bbox 1076 2787 1219 2868; x_wconf 90' lang='lat' dir='ltr'><strong>corporis</strong></span> <span class='ocrx_word' id='word_1_407' title='bbox 1272 2787 1359 2849; x_wconf 86' lang='lat' dir='ltr'><strong>taris.</strong></span> <span class='ocrx_word' id='word_1_408' title='bbox 1405 2786 1491 2851; x_wconf 90' lang='lat' dir='ltr'><strong>Nam</strong></span> <span class='ocrx_word' id='word_1_409' title='bbox 1520 2809 1622 2869; x_wconf 92' lang='lat' dir='ltr'><strong>quum</strong></span> <span class='ocrx_word' id='word_1_410' title='bbox 1651 2788 1789 2853; x_wconf 88' lang='lat' dir='ltr'><strong>verbum</strong></span> <span class='ocrx_word' id='word_1_411' title='bbox 1817 2783 1973 2850; x_wconf 73' lang='grc' dir='ltr'><strong>ἅπτεσθαι</strong></span> <span class='ocrx_word' id='word_1_412' title='bbox 1992 2795 2024 2850; x_wconf 89' lang='grc'><strong>11</strong></span> <span class='ocrx_word' id='word_1_413' title='bbox 2048 2782 2254 2850; x_wconf 89' lang='lat' dir='ltr'><strong>manducare</strong></span> 
     </span>
     <span class='ocr_line' id='line_1_30' title="bbox 239 2871 2258 2959; baseline -0.002 -19"><span class='ocrx_word' id='word_1_414' title='bbox 239 2875 519 2940; x_wconf 86' lang='lat' dir='ltr'><strong>exercitationem:</strong></span> <span class='ocrx_word' id='word_1_415' title='bbox 539 2894 579 2937; x_wconf 88' lang='lat' dir='ltr'><strong>ea</strong></span> <span class='ocrx_word' id='word_1_416' title='bbox 595 2875 666 2956; x_wconf 88' lang='lat' dir='ltr'><strong>ipsa</strong></span> <span class='ocrx_word' id='word_1_417' title='bbox 684 2894 743 2956; x_wconf 91' lang='lat' dir='ltr'><strong>pro</strong></span> <span class='ocrx_word' id='word_1_418' title='bbox 766 2873 987 2937; x_wconf 88' lang='lat' dir='ltr'><strong>humanarum</strong></span> <span class='ocrx_word' id='word_1_419' title='bbox 1005 2872 1219 2936; x_wconf 89' lang='lat' dir='ltr'><strong>traditionum</strong></span> <span class='ocrx_word' id='word_1_420' title='bbox 1273 2882 1306 2936; x_wconf 92' lang='lat' dir='ltr'><strong>et</strong></span> <span class='ocrx_word' id='word_1_421' title='bbox 1334 2882 1469 2956; x_wconf 88' lang='lat' dir='ltr'><strong>tangere</strong></span> <span class='ocrx_word' id='word_1_422' title='bbox 1498 2874 1674 2956; x_wconf 84' lang='lat' dir='ltr'><strong>significet,</strong></span> <span class='ocrx_word' id='word_1_423' title='bbox 1702 2874 1738 2937; x_wconf 93' lang='lat' dir='ltr'><strong>in</strong></span> <span class='ocrx_word' id='word_1_424' title='bbox 1763 2874 1871 2959; x_wconf 86' lang='lat' dir='ltr'><strong>priore</strong></span> <span class='ocrx_word' id='word_1_425' title='bbox 1894 2873 2076 2957; x_wconf 86' lang='lat' dir='ltr'><strong>significatu</strong></span> <span class='ocrx_word' id='word_1_426' title='bbox 2097 2871 2152 2935; x_wconf 91' lang='lat' dir='ltr'><strong>hic</strong></span> <span class='ocrx_word' id='word_1_427' title='bbox 2174 2892 2258 2952; x_wconf 89' lang='lat' dir='ltr'><strong>pro·</strong></span> 
     </span>
     <span class='ocr_line' id='line_1_31' title="bbox 239 2956 2259 3043; baseline -0.002 -17"><span class='ocrx_word' id='word_1_428' title='bbox 239 2960 437 3026; x_wconf 87' lang='lat' dir='ltr'><strong>refutatione</strong></span> <span class='ocrx_word' id='word_1_429' title='bbox 460 2960 564 3023; x_wconf 86' lang='lat' dir='ltr'><strong>voluit</strong></span> <span class='ocrx_word' id='word_1_430' title='bbox 585 2981 656 3024; x_wconf 89' lang='lat' dir='ltr'><strong>esse</strong></span> <span class='ocrx_word' id='word_1_431' title='bbox 674 2959 832 3034; x_wconf 89' lang='lat' dir='ltr'><strong>fidelibus,</strong></span> <span class='ocrx_word' id='word_1_432' title='bbox 856 2981 995 3039; x_wconf 91' lang='lat' dir='ltr'><strong>quorum</strong></span> <span class='ocrx_word' id='word_1_433' title='bbox 1016 2959 1124 3041; x_wconf 88' lang='lat' dir='ltr'><strong>gratia</strong></span> <span class='ocrx_word' id='word_1_434' title='bbox 1145 2958 1220 3022; x_wconf 91' lang='lat' dir='ltr'><strong>illae</strong></span> <span class='ocrx_word' id='word_1_435' title='bbox 1272 2958 1324 3023; x_wconf 92' lang='lat' dir='ltr'><strong>cul</strong></span> <span class='ocrx_word' id='word_1_436' title='bbox 1348 2958 1445 3023; x_wconf 92' lang='lat' dir='ltr'><strong>dubio</strong></span> <span class='ocrx_word' id='word_1_437' title='bbox 1464 2960 1630 3041; x_wconf 86' lang='lat' dir='ltr'><strong>accipitur,</strong></span> <span class='ocrx_word' id='word_1_438' title='bbox 1654 2982 1696 3024; x_wconf 92' lang='lat' dir='ltr'><strong>ne</strong></span> <span class='ocrx_word' id='word_1_439' title='bbox 1714 2978 1916 3043; x_wconf 82' lang='lat' dir='ltr'><strong>supervacua</strong></span> <span class='ocrx_word' id='word_1_440' title='bbox 1934 2960 1978 3022; x_wconf 95' lang='lat' dir='ltr'><strong>sit</strong></span> <span class='ocrx_word' id='word_1_441' title='bbox 1993 2957 2149 3040; x_wconf 89' lang='lat' dir='ltr'><strong>repetitio.</strong></span> <span class='ocrx_word' id='word_1_442' title='bbox 2187 2956 2259 3022; x_wconf 87' lang='lat' dir='ltr'><strong>Hic</strong></span> 
     </span>
     <span class='ocr_line' id='line_1_32' title="bbox 239 3041 2260 3129; baseline -0.002 -18"><span class='ocrx_word' id='word_1_443' title='bbox 239 3046 326 3129; x_wconf 86' lang='lat' dir='ltr'><strong>apud</strong></span> <span class='ocrx_word' id='word_1_444' title='bbox 348 3047 515 3128; x_wconf 90' lang='lat' dir='ltr'><strong>imperitos</strong></span> <span class='ocrx_word' id='word_1_445' title='bbox 536 3044 856 3111; x_wconf 89' lang='lat' dir='ltr'><strong>commendabantur.</strong></span> <span class='ocrx_word' id='word_1_446' title='bbox 1272 3065 1350 3127; x_wconf 88' lang='lat' dir='ltr'><strong>ergo</strong></span> <span class='ocrx_word' id='word_1_447' title='bbox 1372 3045 1716 3127; x_wconf 89' lang='lat' dir='ltr'><strong>pseudoapostolorum</strong></span> <span class='ocrx_word' id='word_1_448' title='bbox 1736 3064 1930 3129; x_wconf 85' lang='lat' dir='ltr'><strong>progressus</strong></span> <span class='ocrx_word' id='word_1_449' title='bbox 1955 3043 2175 3127; x_wconf 88' lang='lat' dir='ltr'><strong>pulcherrime</strong></span> <span class='ocrx_word' id='word_1_450' title='bbox 2198 3041 2260 3107; x_wconf 88' lang='lat' dir='ltr'><strong>de-</strong></span> 
     </span>
     <span class='ocr_line' id='line_1_33' title="bbox 329 3128 2259 3215; baseline -0.001 -21"><span class='ocrx_word' id='word_1_451' title='bbox 329 3136 376 3195; x_wconf 85' lang='lat'><strong>12.</strong></span> <span class='ocrx_word' id='word_1_452' title='bbox 422 3130 479 3196; x_wconf 85' lang='lat' dir='ltr'><strong>Sic</strong></span> <span class='ocrx_word' id='word_1_453' title='bbox 511 3131 608 3195; x_wconf 90' lang='lat' dir='ltr'><strong>hodie</strong></span> <span class='ocrx_word' id='word_1_454' title='bbox 636 3132 913 3195; x_wconf 90' lang='lat' dir='ltr'><strong>caeremoniarum</strong></span> <span class='ocrx_word' id='word_1_455' title='bbox 940 3131 1124 3212; x_wconf 87' lang='lat' dir='ltr'><strong>spectaculo</strong></span> <span class='ocrx_word' id='word_1_456' title='bbox 1152 3150 1218 3194; x_wconf 91' lang='lat' dir='ltr'><strong>non</strong></span> <span class='ocrx_word' id='word_1_457' title='bbox 1272 3130 1393 3195; x_wconf 89' lang='lat' dir='ltr'><strong>scribit.</strong></span> <span class='ocrx_word' id='word_1_458' title='bbox 1439 3131 1574 3194; x_wconf 90' lang='lat' dir='ltr'><strong>Initium</strong></span> <span class='ocrx_word' id='word_1_459' title='bbox 1597 3153 1617 3195; x_wconf 91' lang='lat' dir='ltr'><strong>a</strong></span> <span class='ocrx_word' id='word_1_460' title='bbox 1639 3131 1871 3215; x_wconf 89' lang='lat' dir='ltr'><strong>superstitione</strong></span> <span class='ocrx_word' id='word_1_461' title='bbox 1894 3139 1953 3208; x_wconf 89' lang='lat' dir='ltr'><strong>est,</strong></span> <span class='ocrx_word' id='word_1_462' title='bbox 1982 3128 2069 3213; x_wconf 91' lang='lat' dir='ltr'><strong>quod</strong></span> <span class='ocrx_word' id='word_1_463' title='bbox 2090 3150 2159 3193; x_wconf 92' lang='lat' dir='ltr'><strong>non</strong></span> <span class='ocrx_word' id='word_1_464' title='bbox 2181 3137 2259 3193; x_wconf 85' lang='lat' dir='ltr'><strong>tan-</strong></span> 
     </span>
     <span class='ocr_line' id='line_1_34' title="bbox 239 3215 2259 3299; baseline -0 -18"><span class='ocrx_word' id='word_1_465' title='bbox 239 3217 336 3282; x_wconf 92' lang='lat' dir='ltr'><strong>modo</strong></span> <span class='ocrx_word' id='word_1_466' title='bbox 370 3216 490 3299; x_wconf 83' lang='lat' dir='ltr'><strong>vulgus</strong></span> <span class='ocrx_word' id='word_1_467' title='bbox 523 3216 704 3294; x_wconf 93' lang='lat' dir='ltr'><strong>indoctum,</strong></span> <span class='ocrx_word' id='word_1_468' title='bbox 738 3217 795 3280; x_wconf 89' lang='lat' dir='ltr'><strong>sed</strong></span> <span class='ocrx_word' id='word_1_469' title='bbox 824 3227 861 3280; x_wconf 92' lang='grc'><strong>111</strong></span> <span class='ocrx_word' id='word_1_470' title='bbox 887 3218 1025 3299; x_wconf 90' lang='lat' dir='ltr'><strong>quisque</strong></span> <span class='ocrx_word' id='word_1_471' title='bbox 1051 3216 1219 3280; x_wconf 89' lang='lat' dir='ltr'><strong>mundana</strong></span> <span class='ocrx_word' id='word_1_472' title='bbox 1272 3225 1343 3280; x_wconf 91' lang='lat' dir='ltr'><strong>tum</strong></span> <span class='ocrx_word' id='word_1_473' title='bbox 1371 3216 1468 3280; x_wconf 90' lang='lat' dir='ltr'><strong>edere</strong></span> <span class='ocrx_word' id='word_1_474' title='bbox 1498 3226 1619 3289; x_wconf 87' lang='lat' dir='ltr'><strong>vetant,</strong></span> <span class='ocrx_word' id='word_1_475' title='bbox 1649 3217 1827 3281; x_wconf 89' lang='lat' dir='ltr'><strong>sedetiam</strong></span> <span class='ocrx_word' id='word_1_476' title='bbox 1851 3218 1993 3281; x_wconf 83' lang='lat' dir='ltr'><strong>tenuiter</strong></span> <span class='ocrx_word' id='word_1_477' title='bbox 2015 3217 2141 3280; x_wconf 91' lang='lat' dir='ltr'><strong>esitare.</strong></span> <span class='ocrx_word' id='word_1_478' title='bbox 2189 3215 2259 3280; x_wconf 91' lang='lat' dir='ltr'><strong>Ubi</strong></span> 
     </span>
     <span class='ocr_line' id='line_1_35' title="bbox 239 3301 2259 3386; baseline -0.001 -19"><span class='ocrx_word' id='word_1_479' title='bbox 239 3303 414 3386; x_wconf 89' lang='lat' dir='ltr'><strong>prudentia</strong></span> <span class='ocrx_word' id='word_1_480' title='bbox 430 3302 573 3366; x_wconf 88' lang='lat' dir='ltr'><strong>maxime</strong></span> <span class='ocrx_word' id='word_1_481' title='bbox 591 3304 724 3366; x_wconf 87' lang='lat' dir='ltr'><strong>inflatus</strong></span> <span class='ocrx_word' id='word_1_482' title='bbox 742 3313 800 3380; x_wconf 90' lang='lat' dir='ltr'><strong>est,</strong></span> <span class='ocrx_word' id='word_1_483' title='bbox 818 3303 955 3367; x_wconf 90' lang='lat' dir='ltr'><strong>mirifice</strong></span> <span class='ocrx_word' id='word_1_484' title='bbox 973 3304 1107 3385; x_wconf 88' lang='lat' dir='ltr'><strong>capitur.</strong></span> <span class='ocrx_word' id='word_1_485' title='bbox 1143 3303 1218 3384; x_wconf 89' lang='lat' dir='ltr'><strong>Hy·</strong></span> <span class='ocrx_word' id='word_1_486' title='bbox 1271 3301 1332 3366; x_wconf 91' lang='lat' dir='ltr'><strong>hoe</strong></span> <span class='ocrx_word' id='word_1_487' title='bbox 1350 3302 1568 3379; x_wconf 88' lang='lat' dir='ltr'><strong>obtinuerunt,</strong></span> <span class='ocrx_word' id='word_1_488' title='bbox 1588 3304 1653 3366; x_wconf 91' lang='lat' dir='ltr'><strong>iam</strong></span> <span class='ocrx_word' id='word_1_489' title='bbox 1671 3315 1803 3386; x_wconf 86' lang='lat' dir='ltr'><strong>gustare</strong></span> <span class='ocrx_word' id='word_1_490' title='bbox 1820 3305 1919 3368; x_wconf 89' lang='lat' dir='ltr'><strong>otiam</strong></span> <span class='ocrx_word' id='word_1_491' title='bbox 1939 3302 2120 3384; x_wconf 86' lang='lat' dir='ltr'><strong>prohibent</strong></span> <span class='ocrx_word' id='word_1_492' title='bbox 2159 3301 2259 3366; x_wconf 91' lang='lat' dir='ltr'><strong>Post-</strong></span> 
     </span>
     <span class='ocr_line' id='line_1_36' title="bbox 239 3386 2258 3472; baseline -0.001 -20"><span class='ocrx_word' id='word_1_493' title='bbox 239 3389 384 3472; x_wconf 89' lang='lat' dir='ltr'><strong>pocritae</strong></span> <span class='ocrx_word' id='word_1_494' title='bbox 411 3409 489 3451; x_wconf 90' lang='lat' dir='ltr'><strong>vero</strong></span> <span class='ocrx_word' id='word_1_495' title='bbox 516 3401 550 3451; x_wconf 90' lang='lat' dir='ltr'><strong>et</strong></span> <span class='ocrx_word' id='word_1_496' title='bbox 575 3389 684 3452; x_wconf 84' lang='lat' dir='ltr'><strong>fatuae</strong></span> <span class='ocrx_word' id='word_1_497' title='bbox 710 3388 921 3453; x_wconf 86' lang='lat' dir='ltr'><strong>mulierculae</strong></span> <span class='ocrx_word' id='word_1_498' title='bbox 949 3389 1033 3451; x_wconf 90' lang='lat' dir='ltr'><strong>nihil</strong></span> <span class='ocrx_word' id='word_1_499' title='bbox 1060 3410 1119 3452; x_wconf 93' lang='lat' dir='ltr'><strong>nec</strong></span> <span class='ocrx_word' id='word_1_500' title='bbox 1146 3410 1218 3470; x_wconf 89' lang='lat' dir='ltr'><strong>spe·</strong></span> <span class='ocrx_word' id='word_1_501' title='bbox 1271 3409 1369 3469; x_wconf 85' lang='lat' dir='ltr'><strong>quem</strong></span> <span class='ocrx_word' id='word_1_502' title='bbox 1388 3388 1448 3452; x_wconf 88' lang='lat' dir='ltr'><strong>hoe</strong></span> <span class='ocrx_word' id='word_1_503' title='bbox 1470 3409 1595 3470; x_wconf 91' lang='lat' dir='ltr'><strong>queque</strong></span> <span class='ocrx_word' id='word_1_504' title='bbox 1617 3388 1682 3453; x_wconf 92' lang='lat' dir='ltr'><strong>illis</strong></span> <span class='ocrx_word' id='word_1_505' title='bbox 1701 3411 1888 3454; x_wconf 89' lang='lat' dir='ltr'><strong>eoncessum</strong></span> <span class='ocrx_word' id='word_1_506' title='bbox 1911 3395 1969 3465; x_wconf 91' lang='lat' dir='ltr'><strong>est,</strong></span> <span class='ocrx_word' id='word_1_507' title='bbox 1992 3410 2034 3453; x_wconf 92' lang='lat' dir='ltr'><strong>ne</strong></span> <span class='ocrx_word' id='word_1_508' title='bbox 2056 3386 2160 3469; x_wconf 85' lang='lat' dir='ltr'><strong>digito</strong></span> <span class='ocrx_word' id='word_1_509' title='bbox 2182 3388 2258 3469; x_wconf 87' lang='lat' dir='ltr'><strong>qui-</strong></span> 
     </span>
     <span class='ocr_line' id='line_1_37' title="bbox 238 3473 1888 3556; baseline 0 -18"><span class='ocrx_word' id='word_1_510' title='bbox 238 3475 358 3538; x_wconf 89' lang='lat' dir='ltr'><strong>ciosius</strong></span> <span class='ocrx_word' id='word_1_511' title='bbox 392 3495 452 3537; x_wconf 91' lang='lat' dir='ltr'><strong>nec</strong></span> <span class='ocrx_word' id='word_1_512' title='bbox 478 3473 595 3537; x_wconf 90' lang='lat' dir='ltr'><strong>melius</strong></span> <span class='ocrx_word' id='word_1_513' title='bbox 627 3474 760 3556; x_wconf 87' lang='lat' dir='ltr'><strong>eogitari</strong></span> <span class='ocrx_word' id='word_1_514' title='bbox 796 3495 890 3556; x_wconf 91' lang='lat' dir='ltr'><strong>posse</strong></span> <span class='ocrx_word' id='word_1_515' title='bbox 925 3475 1122 3538; x_wconf 89' lang='lat' dir='ltr'><strong>existimant.</strong></span> <span class='ocrx_word' id='word_1_516' title='bbox 1172 3475 1219 3537; x_wconf 90' lang='lat' dir='ltr'><strong>At</strong></span> <span class='ocrx_word' id='word_1_517' title='bbox 1271 3473 1347 3537; x_wconf 91' lang='lat' dir='ltr'><strong>dem</strong></span> <span class='ocrx_word' id='word_1_518' title='bbox 1369 3483 1570 3539; x_wconf 89' lang='lat' dir='ltr'><strong>contrectare</strong></span> <span class='ocrx_word' id='word_1_519' title='bbox 1592 3476 1641 3539; x_wconf 89' lang='lat' dir='ltr'><strong>fas</strong></span> <span class='ocrx_word' id='word_1_520' title='bbox 1663 3497 1734 3540; x_wconf 87' lang='lat' dir='ltr'><strong>esse</strong></span> <span class='ocrx_word' id='word_1_521' title='bbox 1755 3475 1888 3539; x_wconf 87' lang='lat' dir='ltr'><strong>ducunt</strong></span> 
     </span>
     <span class='ocr_line' id='line_1_38' title="bbox 261 3559 2257 3642; baseline 0.001 -19"><span class='ocrx_word' id='word_1_522' title='bbox 261 3561 296 3623; x_wconf 92' lang='lat' dir='ltr'><strong>ui</strong></span> <span class='ocrx_word' id='word_1_523' title='bbox 323 3559 465 3641; x_wconf 90' lang='lat' dir='ltr'><strong>penitius</strong></span> <span class='ocrx_word' id='word_1_524' title='bbox 488 3559 668 3624; x_wconf 90' lang='lat' dir='ltr'><strong>discutiunt</strong></span> <span class='ocrx_word' id='word_1_525' title='bbox 693 3574 726 3623; x_wconf 90' lang='lat' dir='ltr'><strong>et</strong></span> <span class='ocrx_word' id='word_1_526' title='bbox 747 3560 857 3623; x_wconf 88' lang='lat' dir='ltr'><strong>verius</strong></span> <span class='ocrx_word' id='word_1_527' title='bbox 880 3559 1079 3642; x_wconf 90' lang='lat' dir='ltr'><strong>expendunt,</strong></span> <span class='ocrx_word' id='word_1_528' title='bbox 1103 3582 1218 3625; x_wconf 88' lang='lat' dir='ltr'><strong>secun·</strong></span> <span class='ocrx_word' id='word_1_529' title='bbox 1360 3564 1408 3624; x_wconf 87' lang='grc'><strong>14.</strong></span> <span class='ocrx_word' id='word_1_530' title='bbox 1454 3560 1550 3625; x_wconf 89' lang='grc' dir='ltr'><strong>Η111</strong></span> <span class='ocrx_word' id='word_1_531' title='bbox 1578 3567 1592 3623; x_wconf 94' lang='grc'><strong>1</strong></span> <span class='ocrx_word' id='word_1_532' title='bbox 1634 3560 1788 3625; x_wconf 84' lang='lat' dir='ltr'><strong>anaidem</strong></span> <span class='ocrx_word' id='word_1_533' title='bbox 1816 3560 2027 3625; x_wconf 90' lang='lat' dir='ltr'><strong>inhumanis</strong></span> <span class='ocrx_word' id='word_1_534' title='bbox 2049 3559 2257 3624; x_wconf 89' lang='lat' dir='ltr'><strong>constitutio-</strong></span> 
     </span>
     <span class='ocr_line' id='line_1_39' title="bbox 239 3581 2256 3729; baseline 0 -21"><span class='ocrx_word' id='word_1_535' title='bbox 239 3581 319 3709; x_wconf 81' lang='lat' dir='ltr'><strong>dum</strong></span> <span class='ocrx_word' id='word_1_536' title='bbox 336 3646 467 3727; x_wconf 88' lang='lat' dir='ltr'><strong>pietatis</strong></span> <span class='ocrx_word' id='word_1_537' title='bbox 484 3645 642 3728; x_wconf 87' lang='lat' dir='ltr'><strong>regulam,</strong></span> <span class='ocrx_word' id='word_1_538' title='bbox 666 3643 745 3726; x_wconf 92' lang='lat' dir='ltr'><strong>quid</strong></span> <span class='ocrx_word' id='word_1_539' title='bbox 767 3654 815 3708; x_wconf 91' lang='lat' dir='ltr'><strong>tet</strong></span> <span class='ocrx_word' id='word_1_540' title='bbox 832 3666 869 3710; x_wconf 88' lang='lat' dir='ltr'><strong>ae</strong></span> <span class='ocrx_word' id='word_1_541' title='bbox 892 3646 974 3710; x_wconf 88' lang='lat' dir='ltr'><strong>talos</strong></span> <span class='ocrx_word' id='word_1_542' title='bbox 997 3647 1218 3710; x_wconf 89' lang='lat' dir='ltr'><strong>caeremoniae</strong></span> <span class='ocrx_word' id='word_1_543' title='bbox 1271 3645 1368 3710; x_wconf 92' lang='lat' dir='ltr'><strong>nibus</strong></span> <span class='ocrx_word' id='word_1_544' title='bbox 1395 3647 1512 3710; x_wconf 89' lang='lat' dir='ltr'><strong>merito</strong></span> <span class='ocrx_word' id='word_1_545' title='bbox 1536 3647 1578 3710; x_wconf 93' lang='lat' dir='ltr'><strong>ho</strong></span> <span class='ocrx_word' id='word_1_546' title='bbox 1604 3648 1631 3711; x_wconf 82' lang='lat' dir='ltr'><strong>&#39;e</strong></span> <span class='ocrx_word' id='word_1_547' title='bbox 1658 3646 1940 3729; x_wconf 90' lang='lat' dir='ltr'><strong>reprehendimus,</strong></span> <span class='ocrx_word' id='word_1_548' title='bbox 1971 3666 2036 3728; x_wconf 89' lang='lat' dir='ltr'><strong>qua</strong></span> <span class='ocrx_word' id='word_1_549' title='bbox 2057 3646 2183 3710; x_wconf 82' lang='lat' dir='ltr'><strong>tactum</strong></span> <span class='ocrx_word' id='word_1_550' title='bbox 2205 3656 2256 3710; x_wconf 87' lang='grc'><strong>111</strong></span> 
     </span>
     <span class='ocr_line' id='line_1_40' title="bbox 153 3730 2253 3815; baseline -0.002 -19"><span class='ocrx_word' id='word_1_551' title='bbox 153 3757 155 3761; x_wconf 55' lang='grc'><strong>”</strong></span> <span class='ocrx_word' id='word_1_552' title='bbox 237 3731 380 3809; x_wconf 80' lang='lat' dir='ltr'><strong>valeant,</strong></span> <span class='ocrx_word' id='word_1_553' title='bbox 408 3731 598 3815; x_wconf 88' lang='lat' dir='ltr'><strong>intelligunt</strong></span> <span class='ocrx_word' id='word_1_554' title='bbox 624 3732 768 3813; x_wconf 90' lang='lat' dir='ltr'><strong>primum</strong></span> <span class='ocrx_word' id='word_1_555' title='bbox 795 3753 901 3814; x_wconf 87' lang='lat' dir='ltr'><strong>nugas</strong></span> <span class='ocrx_word' id='word_1_556' title='bbox 923 3754 1003 3810; x_wconf 86' lang='lat' dir='ltr'><strong>esse,</strong></span> <span class='ocrx_word' id='word_1_557' title='bbox 1027 3730 1113 3814; x_wconf 92' lang='lat' dir='ltr'><strong>quod</strong></span> <span class='ocrx_word' id='word_1_558' title='bbox 1135 3730 1217 3794; x_wconf 91' lang='lat' dir='ltr'><strong>nihil</strong></span> <span class='ocrx_word' id='word_1_559' title='bbox 1270 3740 1310 3794; x_wconf 92' lang='lat' dir='ltr'><strong>ut</strong></span> <span class='ocrx_word' id='word_1_560' title='bbox 1335 3732 1518 3797; x_wconf 89' lang='lat' dir='ltr'><strong>innumeris</strong></span> <span class='ocrx_word' id='word_1_561' title='bbox 1545 3731 1659 3798; x_wconf 89' lang='lat' dir='ltr'><strong>edictis</strong></span> <span class='ocrx_word' id='word_1_562' title='bbox 1687 3742 1720 3798; x_wconf 93' lang='grc'><strong>11</strong></span> <span class='ocrx_word' id='word_1_563' title='bbox 1745 3733 1921 3798; x_wconf 88' lang='lat' dir='ltr'><strong>immodica</strong></span> <span class='ocrx_word' id='word_1_564' title='bbox 1947 3753 2062 3796; x_wconf 91' lang='lat' dir='ltr'><strong>eorum</strong></span> <span class='ocrx_word' id='word_1_565' title='bbox 2083 3731 2253 3796; x_wconf 82' lang='lat' dir='ltr'><strong>exactione</strong></span> 
     </span>
     <span class='ocr_line' id='line_1_41' title="bbox 239 3814 2252 3901; baseline -0.001 -20"><span class='ocrx_word' id='word_1_566' title='bbox 239 3817 389 3881; x_wconf 86' lang='lat' dir='ltr'><strong>utilitatis</strong></span> <span class='ocrx_word' id='word_1_567' title='bbox 411 3817 568 3895; x_wconf 90' lang='lat' dir='ltr'><strong>habeant;</strong></span> <span class='ocrx_word' id='word_1_568' title='bbox 593 3816 708 3881; x_wconf 90' lang='lat' dir='ltr'><strong>deinde</strong></span> <span class='ocrx_word' id='word_1_569' title='bbox 735 3818 936 3901; x_wconf 82' lang='lat' dir='ltr'><strong>praestigias,</strong></span> <span class='ocrx_word' id='word_1_570' title='bbox 960 3817 1045 3900; x_wconf 92' lang='lat' dir='ltr'><strong>quod</strong></span> <span class='ocrx_word' id='word_1_571' title='bbox 1067 3825 1217 3899; x_wconf 88' lang='lat' dir='ltr'><strong>spectan-</strong></span> <span class='ocrx_word' id='word_1_572' title='bbox 1270 3818 1408 3882; x_wconf 87' lang='lat' dir='ltr'><strong>miserae</strong></span> <span class='ocrx_word' id='word_1_573' title='bbox 1443 3820 1657 3884; x_wconf 86' lang='lat' dir='ltr'><strong>conscientiae</strong></span> <span class='ocrx_word' id='word_1_574' title='bbox 1689 3818 1884 3884; x_wconf 91' lang='lat' dir='ltr'><strong>mirabiliter</strong></span> <span class='ocrx_word' id='word_1_575' title='bbox 1920 3826 2145 3899; x_wconf 89' lang='lat' dir='ltr'><strong>torqueantur.</strong></span> <span class='ocrx_word' id='word_1_576' title='bbox 2198 3814 2252 3878; x_wconf 92' lang='lat' dir='ltr'><strong>De</strong></span> 
     </span>
     <span class='ocr_line' id='line_1_42' title="bbox 238 3901 2253 3987; baseline -0 -20"><span class='ocrx_word' id='word_1_577' title='bbox 238 3903 324 3967; x_wconf 88' lang='lat' dir='ltr'><strong>tium</strong></span> <span class='ocrx_word' id='word_1_578' title='bbox 350 3903 458 3968; x_wconf 91' lang='lat' dir='ltr'><strong>oculos</strong></span> <span class='ocrx_word' id='word_1_579' title='bbox 485 3905 576 3968; x_wconf 90' lang='lat' dir='ltr'><strong>inani</strong></span> <span class='ocrx_word' id='word_1_580' title='bbox 604 3924 723 3987; x_wconf 89' lang='lat' dir='ltr'><strong>pompa</strong></span> <span class='ocrx_word' id='word_1_581' title='bbox 750 3902 916 3968; x_wconf 86' lang='lat' dir='ltr'><strong>deludunt</strong></span> <span class='ocrx_word' id='word_1_582' title='bbox 961 3904 1217 3967; x_wconf 74' lang='grc'><strong>1111111111-</strong></span> <span class='ocrx_word' id='word_1_583' title='bbox 1270 3904 1447 3968; x_wconf 90' lang='lat' dir='ltr'><strong>canonibus</strong></span> <span class='ocrx_word' id='word_1_584' title='bbox 1469 3902 1511 3968; x_wconf 91' lang='lat' dir='ltr'><strong>ad</strong></span> <span class='ocrx_word' id='word_1_585' title='bbox 1533 3904 1737 3986; x_wconf 86' lang='lat' dir='ltr'><strong>disciplinam</strong></span> <span class='ocrx_word' id='word_1_586' title='bbox 1760 3904 2001 3987; x_wconf 91' lang='lat' dir='ltr'><strong>pertinentibus</strong></span> <span class='ocrx_word' id='word_1_587' title='bbox 2028 3903 2109 3967; x_wconf 85' lang='lat' dir='ltr'><strong>alibi</strong></span> <span class='ocrx_word' id='word_1_588' title='bbox 2130 3901 2253 3967; x_wconf 91' lang='lat' dir='ltr'><strong>dietum</strong></span> 
     </span>
     <span class='ocr_line' id='line_1_43' title="bbox 238 3988 2252 4074; baseline -0.001 -22"><span class='ocrx_word' id='word_1_589' title='bbox 238 3988 357 4053; x_wconf 88' lang='lat' dir='ltr'><strong>moniis</strong></span> <span class='ocrx_word' id='word_1_590' title='bbox 385 3989 499 4071; x_wconf 90' lang='lat' dir='ltr'><strong>loquor</strong></span> <span class='ocrx_word' id='word_1_591' title='bbox 526 3991 643 4073; x_wconf 89' lang='lat' dir='ltr'><strong>quibus</strong></span> <span class='ocrx_word' id='word_1_592' title='bbox 671 3991 805 4055; x_wconf 91' lang='lat' dir='ltr'><strong>subesse</strong></span> <span class='ocrx_word' id='word_1_593' title='bbox 831 4011 953 4073; x_wconf 85' lang='lat' dir='ltr'><strong>magna</strong></span> <span class='ocrx_word' id='word_1_594' title='bbox 980 3991 1139 4074; x_wconf 90' lang='lat' dir='ltr'><strong>mysteria</strong></span> <span class='ocrx_word' id='word_1_595' title='bbox 1160 4010 1217 4052; x_wconf 91' lang='grc'><strong>11-</strong></span> <span class='ocrx_word' id='word_1_596' title='bbox 1270 4000 1328 4052; x_wconf 87' lang='lat' dir='ltr'><strong>est</strong></span> <span class='ocrx_word' id='word_1_597' title='bbox 1374 3989 1425 4053; x_wconf 88' lang='lat' dir='ltr'><strong>De</strong></span> <span class='ocrx_word' id='word_1_598' title='bbox 1452 3991 1665 4054; x_wconf 90' lang='lat' dir='ltr'><strong>eaeremoniis</strong></span> <span class='ocrx_word' id='word_1_599' title='bbox 1693 3990 1772 4073; x_wconf 91' lang='lat' dir='ltr'><strong>quid</strong></span> <span class='ocrx_word' id='word_1_600' title='bbox 1800 3990 1920 4067; x_wconf 92' lang='lat' dir='ltr'><strong>dicam,</strong></span> <span class='ocrx_word' id='word_1_601' title='bbox 1949 3989 2066 4071; x_wconf 89' lang='lat' dir='ltr'><strong>quibus</strong></span> <span class='ocrx_word' id='word_1_602' title='bbox 2095 3989 2154 4054; x_wconf 88' lang='lat' dir='ltr'><strong>hoo</strong></span> <span class='ocrx_word' id='word_1_603' title='bbox 2174 4008 2252 4070; x_wconf 92' lang='lat' dir='ltr'><strong>per-</strong></span> 
     </span>
     <span class='ocr_line' id='line_1_44' title="bbox 239 4074 2255 4159; baseline 0.001 -22"><span class='ocrx_word' id='word_1_604' title='bbox 239 4074 315 4138; x_wconf 90' lang='lat' dir='ltr'><strong>lunt</strong></span> <span class='ocrx_word' id='word_1_605' title='bbox 335 4095 544 4140; x_wconf 86' lang='lat' dir='ltr'><strong>romanenscs</strong></span> <span class='ocrx_word' id='word_1_606' title='bbox 567 4077 728 4159; x_wconf 91' lang='lat' dir='ltr'><strong>magistri:</strong></span> <span class='ocrx_word' id='word_1_607' title='bbox 752 4098 811 4140; x_wconf 92' lang='lat' dir='ltr'><strong>nos</strong></span> <span class='ocrx_word' id='word_1_608' title='bbox 833 4075 917 4140; x_wconf 92' lang='lat' dir='ltr'><strong>nihil</strong></span> <span class='ocrx_word' id='word_1_609' title='bbox 939 4096 1037 4158; x_wconf 90' lang='lat' dir='ltr'><strong>quam</strong></span> <span class='ocrx_word' id='word_1_610' title='bbox 1058 4096 1150 4139; x_wconf 89' lang='lat' dir='ltr'><strong>mera</strong></span> <span class='ocrx_word' id='word_1_611' title='bbox 1167 4075 1217 4137; x_wconf 91' lang='lat' dir='ltr'><strong>lu·</strong></span> <span class='ocrx_word' id='word_1_612' title='bbox 1270 4075 1390 4139; x_wconf 86' lang='lat' dir='ltr'><strong>lectum</strong></span> <span class='ocrx_word' id='word_1_613' title='bbox 1412 4085 1470 4151; x_wconf 90' lang='lat' dir='ltr'><strong>est,</strong></span> <span class='ocrx_word' id='word_1_614' title='bbox 1494 4083 1531 4138; x_wconf 93' lang='lat' dir='ltr'><strong>ut</strong></span> <span class='ocrx_word' id='word_1_615' title='bbox 1552 4076 1762 4159; x_wconf 90' lang='lat' dir='ltr'><strong>semisepulto</strong></span> <span class='ocrx_word' id='word_1_616' title='bbox 1780 4075 1913 4141; x_wconf 82' lang='lat' dir='ltr'><strong>Christo</strong></span> <span class='ocrx_word' id='word_1_617' title='bbox 1936 4075 1976 4140; x_wconf 89' lang='lat' dir='ltr'><strong>ad</strong></span> <span class='ocrx_word' id='word_1_618' title='bbox 1999 4074 2148 4140; x_wconf 84' lang='lat' dir='ltr'><strong>iudaicae</strong></span> <span class='ocrx_word' id='word_1_619' title='bbox 2166 4075 2255 4158; x_wconf 81' lang='lat' dir='ltr'><strong>figu-</strong></span> 
     </span>
     <span class='ocr_line' id='line_1_45' title="bbox 240 4159 2257 4243; baseline -0 -18"><span class='ocrx_word' id='word_1_620' title='bbox 240 4159 346 4225; x_wconf 90' lang='lat' dir='ltr'><strong>dibria</strong></span> <span class='ocrx_word' id='word_1_621' title='bbox 372 4162 567 4243; x_wconf 89' lang='lat' dir='ltr'><strong>experimur.</strong></span> <span class='ocrx_word' id='word_1_622' title='bbox 608 4163 678 4228; x_wconf 88' lang='lat' dir='ltr'><strong>Nec</strong></span> <span class='ocrx_word' id='word_1_623' title='bbox 706 4164 826 4225; x_wconf 91' lang='lat' dir='ltr'><strong>mirum</strong></span> <span class='ocrx_word' id='word_1_624' title='bbox 856 4171 917 4238; x_wconf 89' lang='lat' dir='ltr'><strong>est,</strong></span> <span class='ocrx_word' id='word_1_625' title='bbox 946 4183 1061 4226; x_wconf 90' lang='lat' dir='ltr'><strong>earum</strong></span> <span class='ocrx_word' id='word_1_626' title='bbox 1088 4170 1218 4224; x_wconf 87' lang='lat' dir='ltr'><strong>autores</strong></span> <span class='ocrx_word' id='word_1_627' title='bbox 1270 4182 1324 4224; x_wconf 91' lang='lat' dir='ltr'><strong>ras</strong></span> <span class='ocrx_word' id='word_1_628' title='bbox 1354 4159 1570 4225; x_wconf 87' lang='lat' dir='ltr'><strong>redierimus?</strong></span> <span class='ocrx_word' id='word_1_629' title='bbox 1619 4160 1783 4226; x_wconf 92' lang='lat' dir='ltr'><strong>Dominus</strong></span> <span class='ocrx_word' id='word_1_630' title='bbox 1812 4173 1924 4226; x_wconf 86' lang='lat' dir='ltr'><strong>nostor</strong></span> <span class='ocrx_word' id='word_1_631' title='bbox 1953 4160 2257 4243; x_wconf 70' lang='lat' dir='ltr'><strong>Christus&#39;inquit</strong></span> 
     </span>
     <span class='ocr_line' id='line_1_46' title="bbox 239 4245 2255 4330; baseline -0 -19"><span class='ocrx_word' id='word_1_632' title='bbox 239 4268 278 4311; x_wconf 90' lang='lat' dir='ltr'><strong>eo</strong></span> <span class='ocrx_word' id='word_1_633' title='bbox 303 4245 453 4328; x_wconf 89' lang='lat' dir='ltr'><strong>delapsos</strong></span> <span class='ocrx_word' id='word_1_634' title='bbox 480 4269 566 4326; x_wconf 91' lang='lat' dir='ltr'><strong>esse,</strong></span> <span class='ocrx_word' id='word_1_635' title='bbox 596 4259 633 4312; x_wconf 92' lang='lat' dir='ltr'><strong>ut</strong></span> <span class='ocrx_word' id='word_1_636' title='bbox 655 4247 781 4313; x_wconf 82' lang='lat' dir='ltr'><strong>frivolis</strong></span> <span class='ocrx_word' id='word_1_637' title='bbox 804 4247 935 4329; x_wconf 91' lang='lat' dir='ltr'><strong>ineptiis</strong></span> <span class='ocrx_word' id='word_1_638' title='bbox 965 4257 999 4311; x_wconf 90' lang='lat' dir='ltr'><strong>ot</strong></span> <span class='ocrx_word' id='word_1_639' title='bbox 1025 4270 1060 4312; x_wconf 88' lang='lat' dir='ltr'><strong>se</strong></span> <span class='ocrx_word' id='word_1_640' title='bbox 1083 4256 1116 4311; x_wconf 92' lang='lat' dir='ltr'><strong>et</strong></span> <span class='ocrx_word' id='word_1_641' title='bbox 1138 4246 1218 4311; x_wconf 90' lang='lat' dir='ltr'><strong>alios</strong></span> <span class='ocrx_word' id='word_1_642' title='bbox 1271 4246 1488 4329; x_wconf 87' lang='lat' dir='ltr'><strong>Augustinus,</strong></span> <span class='ocrx_word' id='word_1_643' title='bbox 1497 4246 1526 4329; x_wconf 78' lang='lat'><strong>²)</strong></span> <span class='ocrx_word' id='word_1_644' title='bbox 1549 4249 1761 4313; x_wconf 88' lang='lat' dir='ltr'><strong>sacramentis</strong></span> <span class='ocrx_word' id='word_1_645' title='bbox 1783 4269 1921 4313; x_wconf 91' lang='lat' dir='ltr'><strong>numero</strong></span> <span class='ocrx_word' id='word_1_646' title='bbox 1942 4247 2164 4330; x_wconf 87' lang='lat' dir='ltr'><strong>paucissimis,</strong></span> <span class='ocrx_word' id='word_1_647' title='bbox 2188 4248 2255 4330; x_wconf 86' lang='lat' dir='ltr'><strong>sig·</strong></span> 
     </span>
     <span class='ocr_line' id='line_1_47' title="bbox 239 4331 2254 4416; baseline 0.001 -20"><span class='ocrx_word' id='word_1_648' title='bbox 239 4331 404 4397; x_wconf 91' lang='lat' dir='ltr'><strong>luderent:</strong></span> <span class='ocrx_word' id='word_1_649' title='bbox 428 4335 504 4415; x_wconf 90' lang='lat' dir='ltr'><strong>quia</strong></span> <span class='ocrx_word' id='word_1_650' title='bbox 525 4337 646 4415; x_wconf 89' lang='lat' dir='ltr'><strong>partim</strong></span> <span class='ocrx_word' id='word_1_651' title='bbox 668 4355 709 4397; x_wconf 90' lang='lat' dir='ltr'><strong>ex</strong></span> <span class='ocrx_word' id='word_1_652' title='bbox 732 4335 880 4416; x_wconf 88' lang='lat' dir='ltr'><strong>gentium</strong></span> <span class='ocrx_word' id='word_1_653' title='bbox 903 4333 1026 4397; x_wconf 90' lang='lat' dir='ltr'><strong>deliriis</strong></span> <span class='ocrx_word' id='word_1_654' title='bbox 1051 4333 1218 4416; x_wconf 87' lang='lat' dir='ltr'><strong>exemplar</strong></span> <span class='ocrx_word' id='word_1_655' title='bbox 1271 4332 1455 4397; x_wconf 89' lang='lat' dir='ltr'><strong>nlficatione</strong></span> <span class='ocrx_word' id='word_1_656' title='bbox 1482 4334 1787 4414; x_wconf 71' lang='lat' dir='ltr'><strong>praestantissime,</strong></span> <span class='ocrx_word' id='word_1_657' title='bbox 1822 4334 2049 4399; x_wconf 82' lang='lat' dir='ltr'><strong>observatione</strong></span> <span class='ocrx_word' id='word_1_658' title='bbox 2075 4333 2254 4409; x_wconf 71' lang='lat' dir='ltr'><strong>iecillimis,</strong></span> 
     </span>
     <span class='ocr_line' id='line_1_48' title="bbox 239 4417 2255 4503; baseline 0.001 -21"><span class='ocrx_word' id='word_1_659' title='bbox 239 4417 301 4482; x_wconf 89' lang='lat' dir='ltr'><strong>sibi</strong></span> <span class='ocrx_word' id='word_1_660' title='bbox 319 4430 539 4501; x_wconf 87' lang='lat' dir='ltr'><strong>sumpserunt,</strong></span> <span class='ocrx_word' id='word_1_661' title='bbox 561 4421 680 4502; x_wconf 89' lang='lat' dir='ltr'><strong>partim</strong></span> <span class='ocrx_word' id='word_1_662' title='bbox 703 4420 874 4483; x_wconf 89' lang='lat' dir='ltr'><strong>simiarum</strong></span> <span class='ocrx_word' id='word_1_663' title='bbox 891 4441 982 4484; x_wconf 89' lang='lat' dir='ltr'><strong>more</strong></span> <span class='ocrx_word' id='word_1_664' title='bbox 1003 4427 1126 4484; x_wconf 91' lang='lat' dir='ltr'><strong>temere</strong></span> <span class='ocrx_word' id='word_1_665' title='bbox 1144 4418 1217 4482; x_wconf 90' lang='lat' dir='ltr'><strong>imi-</strong></span> <span class='ocrx_word' id='word_1_666' title='bbox 1271 4419 1348 4483; x_wconf 89' lang='lat' dir='ltr'><strong>novi</strong></span> <span class='ocrx_word' id='word_1_667' title='bbox 1375 4419 1486 4500; x_wconf 94' lang='lat' dir='ltr'><strong>populi</strong></span> <span class='ocrx_word' id='word_1_668' title='bbox 1511 4420 1697 4483; x_wconf 89' lang='lat' dir='ltr'><strong>societatem</strong></span> <span class='ocrx_word' id='word_1_669' title='bbox 1719 4420 1893 4503; x_wconf 85' lang='lat' dir='ltr'><strong>colligavit</strong></span> <span class='ocrx_word' id='word_1_670' title='bbox 1937 4417 1991 4484; x_wconf 88' lang='lat' dir='ltr'><strong>Ab</strong></span> <span class='ocrx_word' id='word_1_671' title='bbox 2010 4419 2071 4483; x_wconf 83' lang='lat' dir='ltr'><strong>hae</strong></span> <span class='ocrx_word' id='word_1_672' title='bbox 2094 4419 2255 4502; x_wconf 90' lang='lat' dir='ltr'><strong>simplici·</strong></span> 
     </span>
     <span class='ocr_line' id='line_1_49' title="bbox 238 4503 2255 4588; baseline 0.001 -21"><span class='ocrx_word' id='word_1_673' title='bbox 238 4505 299 4568; x_wconf 84' lang='lat' dir='ltr'><strong>tati</strong></span> <span class='ocrx_word' id='word_1_674' title='bbox 317 4512 397 4568; x_wconf 92' lang='lat' dir='ltr'><strong>sunt</strong></span> <span class='ocrx_word' id='word_1_675' title='bbox 412 4513 539 4570; x_wconf 88' lang='lat' dir='ltr'><strong>veteres</strong></span> <span class='ocrx_word' id='word_1_676' title='bbox 556 4506 715 4569; x_wconf 88' lang='lat' dir='ltr'><strong>mosaicae</strong></span> <span class='ocrx_word' id='word_1_677' title='bbox 732 4505 814 4588; x_wconf 87' lang='lat' dir='ltr'><strong>legis</strong></span> <span class='ocrx_word' id='word_1_678' title='bbox 835 4505 929 4582; x_wconf 88' lang='lat' dir='ltr'><strong>ritus,</strong></span> <span class='ocrx_word' id='word_1_679' title='bbox 951 4507 1006 4587; x_wconf 94' lang='lat' dir='ltr'><strong>qui</strong></span> <span class='ocrx_word' id='word_1_680' title='bbox 1028 4505 1131 4569; x_wconf 87' lang='lat' dir='ltr'><strong>nihilo</strong></span> <span class='ocrx_word' id='word_1_681' title='bbox 1149 4526 1218 4568; x_wconf 73' lang='lat' dir='ltr'><strong>ma</strong></span> <span class='ocrx_word' id='word_1_682' title='bbox 1271 4511 1337 4568; x_wconf 88' lang='lat' dir='ltr'><strong>tate</strong></span> <span class='ocrx_word' id='word_1_683' title='bbox 1368 4513 1527 4586; x_wconf 88' lang='lat' dir='ltr'><strong>quantum</strong></span> <span class='ocrx_word' id='word_1_684' title='bbox 1558 4506 1643 4570; x_wconf 89' lang='lat' dir='ltr'><strong>absit</strong></span> <span class='ocrx_word' id='word_1_685' title='bbox 1674 4507 1798 4569; x_wconf 91' lang='lat' dir='ltr'><strong>rituum</strong></span> <span class='ocrx_word' id='word_1_686' title='bbox 1831 4503 2007 4569; x_wconf 88' lang='lat' dir='ltr'><strong>multitudo</strong></span> <span class='ocrx_word' id='word_1_687' title='bbox 2039 4513 2073 4567; x_wconf 90' lang='lat' dir='ltr'><strong>et</strong></span> <span class='ocrx_word' id='word_1_688' title='bbox 2107 4505 2255 4570; x_wconf 85' lang='lat' dir='ltr'><strong>varietas</strong></span> 
     </span>
     <span class='ocr_line' id='line_1_50' title="bbox 240 4588 2255 4675; baseline 0.002 -22"><span class='ocrx_word' id='word_1_689' title='bbox 240 4589 291 4672; x_wconf 86' lang='lat' dir='ltr'><strong>gis</strong></span> <span class='ocrx_word' id='word_1_690' title='bbox 313 4590 354 4653; x_wconf 88' lang='lat' dir='ltr'><strong>ad</strong></span> <span class='ocrx_word' id='word_1_691' title='bbox 376 4612 435 4655; x_wconf 88' lang='lat' dir='ltr'><strong>nos</strong></span> <span class='ocrx_word' id='word_1_692' title='bbox 457 4591 664 4673; x_wconf 87' lang='lat' dir='ltr'><strong>pertinebant</strong></span> <span class='ocrx_word' id='word_1_693' title='bbox 692 4611 790 4671; x_wconf 90' lang='lat' dir='ltr'><strong>quam</strong></span> <span class='ocrx_word' id='word_1_694' title='bbox 816 4591 980 4672; x_wconf 90' lang='lat' dir='ltr'><strong>pecudum</strong></span> <span class='ocrx_word' id='word_1_695' title='bbox 1001 4591 1162 4668; x_wconf 89' lang='lat' dir='ltr'><strong>victimae,</strong></span> <span class='ocrx_word' id='word_1_696' title='bbox 1186 4597 1219 4654; x_wconf 92' lang='lat' dir='ltr'><strong>et</strong></span> <span class='ocrx_word' id='word_1_697' title='bbox 1270 4588 1386 4672; x_wconf 90' lang='lat' dir='ltr'><strong>quibus</strong></span> <span class='ocrx_word' id='word_1_698' title='bbox 1420 4590 1515 4654; x_wconf 91' lang='lat' dir='ltr'><strong>hodie</strong></span> <span class='ocrx_word' id='word_1_699' title='bbox 1548 4591 1709 4675; x_wconf 89' lang='lat' dir='ltr'><strong>implicari</strong></span> <span class='ocrx_word' id='word_1_700' title='bbox 1742 4591 1913 4657; x_wconf 90' lang='lat' dir='ltr'><strong>ecclesiam</strong></span> <span class='ocrx_word' id='word_1_701' title='bbox 1946 4591 2133 4668; x_wconf 90' lang='lat' dir='ltr'><strong>cernimus,</strong></span> <span class='ocrx_word' id='word_1_702' title='bbox 2172 4592 2255 4657; x_wconf 79' lang='lat' dir='ltr'><strong>satis</strong></span> 
     </span>
     <span class='ocr_line' id='line_1_51' title="bbox 239 4674 2256 4760; baseline 0.001 -22"><span class='ocrx_word' id='word_1_703' title='bbox 239 4676 366 4758; x_wconf 91' lang='lat' dir='ltr'><strong>reliqua</strong></span> <span class='ocrx_word' id='word_1_704' title='bbox 389 4675 440 4739; x_wconf 86' lang='lat' dir='ltr'><strong>his</strong></span> <span class='ocrx_word' id='word_1_705' title='bbox 462 4677 588 4742; x_wconf 88' lang='lat' dir='ltr'><strong>similia.</strong></span> <span class='ocrx_word' id='word_1_706' title='bbox 635 4674 725 4740; x_wconf 83' lang='lat' dir='ltr'><strong>Sane</strong></span> <span class='ocrx_word' id='word_1_707' title='bbox 751 4678 878 4742; x_wconf 89' lang='lat' dir='ltr'><strong>etiamsi</strong></span> <span class='ocrx_word' id='word_1_708' title='bbox 905 4677 1033 4741; x_wconf 91' lang='lat' dir='ltr'><strong>nullum</strong></span> <span class='ocrx_word' id='word_1_709' title='bbox 1060 4677 1148 4741; x_wconf 92' lang='lat' dir='ltr'><strong>aliud</strong></span> <span class='ocrx_word' id='word_1_710' title='bbox 1175 4676 1218 4738; x_wconf 91' lang='lat' dir='ltr'><strong>sit</strong></span> <span class='ocrx_word' id='word_1_711' title='bbox 1269 4677 1417 4740; x_wconf 82' lang='lat' dir='ltr'><strong>enarrari</strong></span> <span class='ocrx_word' id='word_1_712' title='bbox 1456 4699 1520 4741; x_wconf 91' lang='lat' dir='ltr'><strong>non</strong></span> <span class='ocrx_word' id='word_1_713' title='bbox 1553 4687 1668 4759; x_wconf 88' lang='lat' dir='ltr'><strong>potest.</strong></span> <span class='ocrx_word' id='word_1_714' title='bbox 1724 4676 1800 4743; x_wconf 82' lang='lat' dir='ltr'><strong>Scio</strong></span> <span class='ocrx_word' id='word_1_715' title='bbox 1832 4700 1896 4760; x_wconf 92' lang='lat' dir='ltr'><strong>quo</strong></span> <span class='ocrx_word' id='word_1_716' title='bbox 1929 4677 2064 4741; x_wconf 91' lang='lat' dir='ltr'><strong>artificio</strong></span> <span class='ocrx_word' id='word_1_717' title='bbox 2098 4677 2256 4741; x_wconf 93' lang='lat' dir='ltr'><strong>nonnulli</strong></span> 
     </span>
     <span class='ocr_line' id='line_1_52' title="bbox 239 4763 2257 4846; baseline 0.002 -21"><span class='ocrx_word' id='word_1_718' title='bbox 239 4773 485 4845; x_wconf 83' lang='lat' dir='ltr'><strong>argumentum,</strong></span> <span class='ocrx_word' id='word_1_719' title='bbox 509 4773 619 4827; x_wconf 90' lang='lat' dir='ltr'><strong>tamen</strong></span> <span class='ocrx_word' id='word_1_720' title='bbox 641 4785 683 4826; x_wconf 92' lang='lat' dir='ltr'><strong>ex</strong></span> <span class='ocrx_word' id='word_1_721' title='bbox 704 4763 869 4845; x_wconf 88' lang='lat' dir='ltr'><strong>farragine</strong></span> <span class='ocrx_word' id='word_1_722' title='bbox 891 4771 959 4826; x_wconf 88' lang='lat' dir='ltr'><strong>tam</strong></span> <span class='ocrx_word' id='word_1_723' title='bbox 978 4763 1062 4826; x_wconf 88' lang='lat' dir='ltr'><strong>male</strong></span> <span class='ocrx_word' id='word_1_724' title='bbox 1084 4770 1218 4828; x_wconf 88' lang='lat' dir='ltr'><strong>consuta</strong></span> <span class='ocrx_word' id='word_1_725' title='bbox 1269 4763 1356 4826; x_wconf 88' lang='lat' dir='ltr'><strong>acuti</strong></span> <span class='ocrx_word' id='word_1_726' title='bbox 1379 4763 1528 4828; x_wconf 91' lang='lat' dir='ltr'><strong>homines</strong></span> <span class='ocrx_word' id='word_1_727' title='bbox 1551 4763 1635 4829; x_wconf 89' lang='lat' dir='ltr'><strong>hane</strong></span> <span class='ocrx_word' id='word_1_728' title='bbox 1656 4764 1905 4846; x_wconf 89' lang='lat' dir='ltr'><strong>perversitatem</strong></span> <span class='ocrx_word' id='word_1_729' title='bbox 1932 4770 2099 4828; x_wconf 85' lang='lat' dir='ltr'><strong>excusent</strong></span> <span class='ocrx_word' id='word_1_730' title='bbox 2146 4765 2257 4829; x_wconf 81' lang='lat' dir='ltr'><strong>Aiunt</strong></span> 
     </span>
     <span class='ocr_line' id='line_1_53' title="bbox 239 4847 2314 4932; baseline 0.002 -22"><span class='ocrx_word' id='word_1_731' title='bbox 239 4867 335 4912; x_wconf 91' lang='lat' dir='ltr'><strong>nemo</strong></span> <span class='ocrx_word' id='word_1_732' title='bbox 358 4869 459 4913; x_wconf 86' lang='grc'><strong>111111</strong></span> <span class='ocrx_word' id='word_1_733' title='bbox 481 4847 604 4932; x_wconf 90' lang='lat' dir='ltr'><strong>aliquid</strong></span> <span class='ocrx_word' id='word_1_734' title='bbox 634 4849 708 4913; x_wconf 92' lang='lat' dir='ltr'><strong>boni</strong></span> <span class='ocrx_word' id='word_1_735' title='bbox 731 4849 882 4931; x_wconf 87' lang='lat' dir='ltr'><strong>sperabit.</strong></span> <span class='ocrx_word' id='word_1_736' title='bbox 927 4849 974 4912; x_wconf 84' lang='lat' dir='ltr'><strong>Et</strong></span> <span class='ocrx_word' id='word_1_737' title='bbox 995 4870 1048 4912; x_wconf 90' lang='lat' dir='ltr'><strong>res</strong></span> <span class='ocrx_word' id='word_1_738' title='bbox 1070 4849 1140 4930; x_wconf 92' lang='lat' dir='ltr'><strong>ipsa</strong></span> <span class='ocrx_word' id='word_1_739' title='bbox 1160 4868 1217 4930; x_wconf 89' lang='lat' dir='ltr'><strong>pa·</strong></span> <span class='ocrx_word' id='word_1_740' title='bbox 1270 4847 1437 4914; x_wconf 91' lang='lat' dir='ltr'><strong>internos</strong></span> <span class='ocrx_word' id='word_1_741' title='bbox 1465 4870 1535 4914; x_wconf 92' lang='lat' dir='ltr'><strong>csse</strong></span> <span class='ocrx_word' id='word_1_742' title='bbox 1565 4850 1905 4932; x_wconf 84' lang='lat' dir='ltr'><strong>plurimosperaeque</strong></span> <span class='ocrx_word' id='word_1_743' title='bbox 1935 4847 2256 4930; x_wconf 75' lang='grc' dir='ltr'><strong>111111111υοί111-</strong></span> <span class='ocrx_word' id='word_1_744' title='bbox 2312 4924 2314 4929; x_wconf 47' lang='grc'><strong>,</strong></span> 
     </span>
     <span class='ocr_line' id='line_1_54' title="bbox 238 4930 1218 5017; baseline 0.001 -20"><span class='ocrx_word' id='word_1_745' title='bbox 238 4930 307 4997; x_wconf 87' lang='lat' dir='ltr'><strong>lam</strong></span> <span class='ocrx_word' id='word_1_746' title='bbox 339 4933 558 5012; x_wconf 89' lang='lat' dir='ltr'><strong>demonstrat,</strong></span> <span class='ocrx_word' id='word_1_747' title='bbox 591 4935 749 5017; x_wconf 89' lang='lat' dir='ltr'><strong>plurimas</strong></span> <span class='ocrx_word' id='word_1_748' title='bbox 777 4936 997 5000; x_wconf 89' lang='lat' dir='ltr'><strong>caeremonias</strong></span> <span class='ocrx_word' id='word_1_749' title='bbox 1024 4955 1089 4998; x_wconf 91' lang='lat' dir='ltr'><strong>non</strong></span> <span class='ocrx_word' id='word_1_750' title='bbox 1117 4934 1218 4998; x_wconf 88' lang='lat' dir='ltr'><strong>alium</strong></span> 
     </span>
     <span class='ocr_line' id='line_1_55' title="bbox 239 5016 1276 5104; baseline 0.003 -24"><span class='ocrx_word' id='word_1_751' title='bbox 239 5016 361 5083; x_wconf 89' lang='lat' dir='ltr'><strong>habere</strong></span> <span class='ocrx_word' id='word_1_752' title='bbox 382 5040 486 5097; x_wconf 89' lang='lat' dir='ltr'><strong>usum,</strong></span> <span class='ocrx_word' id='word_1_753' title='bbox 509 5021 574 5084; x_wconf 89' lang='lat' dir='ltr'><strong>nisi</strong></span> <span class='ocrx_word' id='word_1_754' title='bbox 595 5028 633 5084; x_wconf 90' lang='lat' dir='ltr'><strong>ut</strong></span> <span class='ocrx_word' id='word_1_755' title='bbox 650 5020 808 5104; x_wconf 92' lang='lat' dir='ltr'><strong>populum</strong></span> <span class='ocrx_word' id='word_1_756' title='bbox 828 5020 1087 5102; x_wconf 80' lang='lat' dir='ltr'><strong>obstupefeciant</strong></span> <span class='ocrx_word' id='word_1_757' title='bbox 1112 5020 1218 5104; x_wconf 86' lang='lat' dir='ltr'><strong>magis</strong></span> <span class='ocrx_word' id='word_1_758' title='bbox 1273 5025 1276 5028; x_wconf 75' lang='grc'>’</span> 
     </span>
     <span class='ocr_line' id='line_1_56' title="bbox 239 5103 2259 5208; baseline 0.002 -43"><span class='ocrx_word' id='word_1_759' title='bbox 239 5122 339 5185; x_wconf 94' lang='lat' dir='ltr'><strong>quam</strong></span> <span class='ocrx_word' id='word_1_760' title='bbox 365 5104 510 5171; x_wconf 90' lang='lat' dir='ltr'><strong>doceant.</strong></span> <span class='ocrx_word' id='word_1_761' title='bbox 561 5103 618 5171; x_wconf 85' lang='lat' dir='ltr'><strong>Sic</strong></span> <span class='ocrx_word' id='word_1_762' title='bbox 648 5115 681 5170; x_wconf 91' lang='lat' dir='ltr'><strong>et</strong></span> <span class='ocrx_word' id='word_1_763' title='bbox 706 5107 744 5170; x_wconf 89' lang='lat' dir='ltr'><strong>in</strong></span> <span class='ocrx_word' id='word_1_764' title='bbox 771 5107 904 5171; x_wconf 89' lang='lat' dir='ltr'><strong>novitiis</strong></span> <span class='ocrx_word' id='word_1_765' title='bbox 931 5106 1003 5170; x_wconf 91' lang='lat' dir='ltr'><strong>istis</strong></span> <span class='ocrx_word' id='word_1_766' title='bbox 1028 5105 1216 5184; x_wconf 88' lang='lat' dir='ltr'><strong>canonibus,</strong></span> <span class='ocrx_word' id='word_1_767' title='bbox 1340 5139 1367 5197; x_wconf 72' lang='lat' dir='ltr'><strong>lt</strong></span> <span class='ocrx_word' id='word_1_768' title='bbox 1387 5140 1431 5190; x_wconf 65' lang='lat' dir='ltr'><strong>A„</strong></span> <span class='ocrx_word' id='word_1_769' title='bbox 1451 5141 1556 5192; x_wconf 76' lang='lat' dir='ltr'><strong>Ianuar.</strong></span> <span class='ocrx_word' id='word_1_770' title='bbox 1577 5143 1653 5208; x_wconf 78' lang='lat' dir='ltr'><strong>epia.</strong></span> <span class='ocrx_word' id='word_1_771' title='bbox 1675 5139 1725 5189; x_wconf 83' lang='lat'><strong>119</strong></span> <span class='ocrx_word' id='word_1_772' title='bbox 1742 5139 1812 5207; x_wconf 28' lang='lat'><strong>(55).</strong></span> <span class='ocrx_word' id='word_1_773' title='bbox 1919 5141 1948 5203; x_wconf 73' lang='lat'><strong>2)</strong></span> <span class='ocrx_word' id='word_1_774' title='bbox 1978 5141 2062 5207; x_wconf 67' lang='lat' dir='ltr'><strong>spise.</strong></span> <span class='ocrx_word' id='word_1_775' title='bbox 2085 5140 2135 5192; x_wconf 81' lang='lat'><strong>118</strong></span> <span class='ocrx_word' id='word_1_776' title='bbox 2156 5143 2193 5194; x_wconf 72' lang='lat' dir='ltr'><strong>ad</strong></span> <span class='ocrx_word' id='word_1_777' title='bbox 2214 5144 2259 5195; x_wconf 33' lang='grc' dir='ltr'><strong>[μ</strong></span> 
     </span>
     <span class='ocr_line' id='line_1_57' title="bbox 239 5188 1476 5276; baseline 0.005 -23"><span class='ocrx_word' id='word_1_778' title='bbox 239 5188 295 5272; x_wconf 92' lang='lat' dir='ltr'><strong>qui</strong></span> <span class='ocrx_word' id='word_1_779' title='bbox 324 5188 531 5275; x_wconf 87' lang='lat' dir='ltr'><strong>disciplinam</strong></span> <span class='ocrx_word' id='word_1_780' title='bbox 558 5193 728 5257; x_wconf 89' lang='lat' dir='ltr'><strong>invertunt</strong></span> <span class='ocrx_word' id='word_1_781' title='bbox 756 5193 862 5276; x_wconf 80' lang='lat' dir='ltr'><strong>magis</strong></span> <span class='ocrx_word' id='word_1_782' title='bbox 889 5213 988 5274; x_wconf 90' lang='lat' dir='ltr'><strong>quam</strong></span> <span class='ocrx_word' id='word_1_783' title='bbox 1009 5200 1215 5268; x_wconf 88' lang='lat' dir='ltr'><strong>conservant,</strong></span> <span class='ocrx_word' id='word_1_784' title='bbox 1269 5206 1476 5272; x_wconf 64' lang='grc'><strong>11111111).</strong></span> 
     </span>
    </p>
   </div>
   <div class='ocr_carea' id='block_1_3' title="bbox 0 0 2340 5842">
    <p class='ocr_par' dir='ltr' id='par_1_3' title="bbox 0 0 2340 5842">
     <span class='ocr_line' id='line_1_58' title="bbox 0 0 2340 5842; baseline 0 0"><span class='ocrx_word' id='word_1_785' title='bbox 0 0 2340 5842; x_wconf 95' lang='lat' dir='ltr'><strong> </strong></span> 
     </span>
    </p>
   </div>
  </div>
 </body>
</html>
