4672 5842
113 314 156 376 37
479 308 570 374 LIB.
593 309 619 372 Ι.
662 310 726 375 DE
750 308 1038 376 OOGNITIONE
1060 312 1144 378 DEI
1166 311 1439 379 eustacius.
1485 314 1584 381 GAP.
1608 316 1671 381 III.
1695 316 1752 382 IV.
2081 318 2123 381 38

112 501 172 567 scd
190 500 224 565 id
242 521 403 582 nusquam
421 498 638 563 obtinuissent
655 497 718 560 nisi
736 498 803 561 iam
821 498 911 579 prius
930 500 1093 564 constanti
1145 520 1296 581 emerpere
1318 520 1409 579 quem
1437 503 1574 566 uiasiute
1596 505 1781 568 easliuetum
1809 510 1967 584 cupereui,
1996 505 2124 569 deitatis

46 631 48 634 -
111 588 173 653 illa
194 586 235 650 dc
256 587 328 652 Deo
350 585 560 668 persuasione
589 583 732 647 imbutae
759 583 898 648 fuissent
924 585 1092 649 hominum
1144 606 1275 649 seusam.
1328 584 1415 650 Uude
1436 588 1611 670 eollipimas
1632 611 1694 653 666
1716 610 1780 653 6666
1797 591 1971 655 doctrinam
1989 611 2070 671 quae
2086 591 2123 655 iu

112 681 250 751 mentes,
273 693 315 736 ex
337 692 400 754 quo
422 671 514 736 velut
536 668 659 734 semine
682 671 820 752 emergit
842 669 884 734 ad
902 671 1093 753 religionem
1144 671 1257 735 sobolis
1272 672 1417 750 primum
1444 672 1592 738 <lisanda
1619 677 1675 752 sil,
1704 676 1758 740 sed
1783 677 1875 740 cuius
1901 675 1964 740 sibi
1990 676 2123 756 quisquc

111 759 294 844 propensio,
338 759 389 823 Ac
411 779 453 821 ne
473 756 548 819 illos
576 754 707 836 quidem
735 756 820 836 ipsos
847 756 903 838 qui
926 757 1093 840 religionis
1144 756 1183 820 ab
1205 761 1290 820 utero
1312 759 1459 836 anaqisler
1481 765 1533 836 esi,
1556 765 1585 822 ei
1605 763 1697 825 cuius
1718 763 1870 825 uemiuem
1897 761 2038 824 oblivisci
2065 781 2123 825 aa

112 846 211 910 titulo
244 843 361 908 callide
399 842 585 907 rudioribus
623 841 847 923 imponebant,
887 843 952 906 Dei
983 844 1093 906 aalide
1144 847 1217 905 tura
1244 844 1316 921 ipsa
1338 844 1478 924 patitur,
1508 848 1653 924 quaiucis
1680 846 1739 910 1666
1765 847 1856 910 inulti
1883 866 1992 910 666666
2018 866 2123 911 moues

111 953 248 1015 prorsus
269 952 403 995 vacasse
426 927 581 994 credibile
604 934 661 990 est.
708 927 852 991 Tametsi
881 929 968 992 enim
991 928 1091 992 exsti·
1143 928 1310 992 iuteridaul.
1358 928 1457 992 Porro
1473 928 1496 1012 ¹)
1524 932 1554 994 si
1581 953 1619 994 ea
1641 931 1825 996 conditione
1852 934 1920 995 nati
1953 939 2031 1005 suut
2052 953 2123 995 om·

111 1025 227 1085 terunt
248 1017 325 1079 elim
348 1014 511 1090 nonnulli,
539 1024 572 1076 et
594 1011 690 1076 hodie
712 1033 779 1076 non
801 1014 895 1093 pauci
918 1021 1092 1096 emergunt
1144 1035 1203 1077 nes
1226 1035 1262 1077 ac
1285 1014 1402 1078 vivunt
1423 1022 1462 1076 ut
1483 1016 1592 1079 Deum
1614 1029 1818 1099 cognoscant,
1842 1016 1907 1080 Dei
1931 1027 2040 1081 autem
2062 1038 2122 1081 no-
2152 1036 2155 1053 ·

111 1105 169 1187 qui
191 1103 301 1166 Deum
328 1124 399 1166 csse
423 1108 557 1182 negent:
586 1098 689 1162 velint
716 1110 827 1162 tamen
854 1100 973 1177 nolint,
1003 1099 1089 1181 qued
1145 1100 1225 1174 titia,
1249 1100 1312 1163 uisi
1336 1099 1399 1164 huc
1429 1122 1529 1182 usque
1558 1104 1764 1183 processerit,
1794 1105 1884 1167 fluxa
1910 1111 1960 1167 est
1986 1124 2024 1167 ae
2045 1125 2122 1168 eva-

111 1189 239 1256 nescirc
260 1190 405 1271 cupiunt,
429 1184 567 1257 subinde
589 1185 778 1249 sentiscunt.
812 1184 916 1248 Neruo
933 1187 968 1248 in
992 1185 1091 1249 auda
1144 1183 1234 1248 uida:
1265 1206 1318 1248 eos
1346 1207 1459 1250 omnes
1487 1189 1700 1253 acreatiouis
1730 1211 1807 1253 suae
1830 1190 1901 1272 lege
1923 1188 2122 1271 degenerare

111 1277 235 1343 ciorem
279 1281 337 1338 aut
376 1272 636 1337 effraenatiercm
680 1271 823 1334 numinis
868 1279 1091 1353 contemptum
1144 1271 1251 1352 palam
1275 1272 1401 1352 estqui
1425 1293 1489 1334 non
1521 1273 1562 1336 ad
1585 1274 1672 1338 hune
1695 1297 1828 1356 scopum
1851 1275 2021 1339 universas
2043 1295 2122 1339 suae

111 1360 301 1446 prorupisse
331 1360 451 1441 legitur
478 1379 576 1439 quam
605 1355 640 1419 O.
666 1356 830 1439 Caligula;
865 1378 961 1420 nemo
982 1367 1092 1420 tamon
1144 1358 1230 1421 vitae
1251 1357 1462 1439 cogitationes
1485 1361 1690 1442 actionesque
1718 1358 1893 1424 destinant.
1939 1359 2034 1439 Quod
2062 1381 2123 1424 nec

111 1447 266 1513 miserius
289 1444 480 1528 trepidavit,
511 1464 612 1524 quum
634 1440 764 1523 aliquod
783 1443 861 1506 ¹irae
890 1442 1019 1506 divinae
1042 1442 1092 1505 in·
1145 1443 1352 1524 philosophos
1374 1444 1460 1523 ipsos
1482 1445 1585 1508 latuit.
1632 1446 1707 1508 Nou
1735 1447 1823 1509 enim
1852 1446 1941 1509 aliud
1965 1444 2122 1527 estquod

112 1535 235 1600 dicium
263 1553 298 1598 se
328 1530 524 1615 proferebat:
554 1530 601 1591 ita
623 1528 733 1591 Deum
761 1549 857 1609 quem
879 1526 1030 1592 studebat
1051 1551 1092 1591 ex
1144 1528 1249 1592 voluit
1275 1528 1419 1610 Plato,'·')
1447 1528 1524 1593 dum
1554 1525 1682 1613 saepius
1711 1532 1836 1609 docuit,
1865 1553 2030 1596 summum
2053 1532 2123 1595 ani·

110 1621 259 1703 professo
292 1627 516 1693 contemnere,
549 1614 673 1678 invitus
705 1613 963 1679 exhorrescebat
1019 1615 1096 1679 Hoo
1144 1636 1216 1678 mue
1244 1615 1366 1678 bouum
1391 1616 1452 1678 Dei
1484 1639 1553 1680 esse
1587 1617 1847 1694 similitudinem,
1882 1617 1938 1680 ubi
1969 1627 2124 1700 percepta

111 1706 238 1791 passim
267 1705 336 1768 eius
363 1723 489 1785 quoquo
523 1700 685 1764 similibus
718 1702 850 1764 evenire
892 1699 1015 1764 videas:
1056 1708 1093 1762 ut
1144 1701 1214 1764 eius
1236 1701 1421 1783 cognitione
1444 1702 1478 1763 iu
1505 1703 1613 1784 ipsum
1634 1711 1704 1769 teta
1731 1704 1993 1766 transformatur.
2038 1704 2123 1767 Pro·

110 1794 203 1858 enim
224 1793 360 1874 quisquc
382 1798 432 1853 est
458 1786 693 1851 audacissimus
715 1786 779 1849 Dei
801 1796 1017 1868 contemptor,
1046 1787 1092 1849 ita
1144 1785 1221 1850 inde
1242 1787 1405 1849 scitissime
1430 1808 1556 1868 quoquc
1584 1788 1639 1852 ille
1666 1787 1752 1870 apud
1780 1789 1997 1852 Plutarchum
2021 1788 2123 1871 Gryl-

110 1879 166 1945 vel
190 1876 231 1943 ad
255 1877 322 1940 lolii
342 1874 489 1941 eruleutis
512 1873 682 1953 strepitum
705 1873 848 1935 maxime
871 1872 1090 1953 perturbat-ur.
1142 1872 1194 1935 lus
1217 1873 1438 1950 ratiocinetur,
1462 1872 1541 1936 dum
1563 1874 1712 1938 homiues
1730 1875 1879 1949 affirmat,
1900 1874 1927 1937 si
1948 1875 1988 1937 ab
2008 1894 2123 1937 eorum

111 1965 211 2031 Unde
234 1963 282 2040 id,
312 1962 437 2026 nisiex
465 1959 595 2022 divinae
622 1959 802 2022 maiestatis
836 1958 973 2034 ultione,
1008 1979 1091 2038 quac
1145 1959 1212 2022 vita
1234 1957 1333 2022 semel
1354 1958 1439 2022 absit
1460 1959 1583 2042 religio,
1614 1982 1679 2024 non
1700 1958 1794 2022 medo
1818 1959 1921 2023 brutis
1943 1956 2122 2040 pecudibus

111 2051 245 2116 illorum
274 2046 487 2113 conscientias
515 2066 552 2108 eo
582 2044 807 2107 vehementius
834 2044 993 2124 percellit,
1028 2064 1091 2125 quo
1144 2044 1229 2106 nihil
1252 2043 1428 2119 excellere,
1459 2044 1515 2108 scd
1543 2046 1655 2110 multis
1678 2045 1825 2127 partibus
1848 2046 1945 2128 lenge
1968 2066 2038 2109 esse
2060 2045 2122 2107 mi-

111 2139 221 2220 magis
243 2156 315 2199 eam
338 2134 486 2214 refugere
509 2128 687 2193 conantur?
712 2127 836 2193 Omnes
858 2128 989 2210 quidem
1011 2129 1092 2192 late-
1144 2130 1290 2202 seriores,
1314 2142 1352 2192 ut
1374 2132 1438 2210 qui,
1463 2131 1681 2195 totmalorum
1703 2132 1814 2195 formis
1836 2131 1976 2206 obnoxii,
2001 2129 2123 2193 tumul-

112 2224 191 2289 bras
220 2226 421 2303 respectant,
451 2216 568 2299 quibus
596 2236 630 2279 se
658 2213 781 2278 abdant
801 2237 821 2279 a
841 2216 977 2279 Domini
998 2236 1091 2296 prae-
1145 2217 1285 2278 tuariam
1323 2225 1357 2278 ct
1389 2216 1599 2298 irrequietum
1640 2219 1743 2281 vitam
1783 2226 1940 2298 perpetue
1978 2216 2121 2280 trahant

112 2309 236 2384 sentia,
265 2317 298 2370 et
324 2326 397 2368 eam
419 2323 551 2366 nusum
579 2323 620 2365 cx
648 2301 756 2364 auimo
783 2321 841 2366 suo
865 2300 1008 2378 deleant;
1035 2299 1092 2365 sed
1145 2301 1258 2366 Unum
1280 2322 1357 2383 orgo
1385 2324 1455 2366 csse
1483 2302 1547 2366 Dei
1574 2303 1711 2381 cultum,
1740 2305 1795 2383 qui
1824 2302 2007 2384 superiores
2035 2302 2124 2383 ipsos

112 2395 218 2460 velint
246 2392 367 2466 nolint,
400 2389 519 2453 irretiti
552 2408 680 2468 semper
713 2394 873 2450 tenentur.
920 2386 1092 2468 Utcunque
1146 2386 1268 2464 reddat,
1288 2409 1347 2468 per
1365 2409 1463 2469 quem
1476 2389 1581 2453 solum
1600 2388 1641 2452 ad
1659 2389 1938 2452 immortalitatem
1950 2388 2122 2470 aspiratur.
2152 2448 2158 2457 ,

112 2479 281 2546 interdum
316 2475 468 2541 videatur
504 2494 698 2538 evanescere
732 2471 772 2534 nd
804 2480 1006 2536 momentum
1034 2473 1092 2535 ali-

111 2565 211 2650 quod,
234 2563 370 2629 subinde
382 2571 491 2624 tamcn
510 2560 662 2635 recurrit,
686 2567 719 2620 et
740 2578 824 2623 novo
847 2559 970 2639 impetu
987 2559 1091 2621 irruit.

111 2646 162 2719 Ui
193 2653 223 2715 si
250 2671 315 2732 qua
343 2648 408 2712 illis
432 2646 580 2710 remissio
609 2652 659 2708 est
687 2666 707 2706 a
729 2645 945 2708 conscientiae
979 2645 1092 2708 anxie·
1498 2644 1649 2711 CAPUT
1671 2646 1731 2709 IV.
1748 2646 1776 2729 ⁸)

112 2745 192 2809 tate.
216 2758 281 2801 non
304 2734 444 2798 mrdtum
472 2731 630 2796 absimilis
652 2730 695 2794 sit
716 2751 736 2793 a
757 2750 872 2795 somno
894 2731 1093 2795 ebriosorum
1301 2740 1303 2744 ·
1456 2788 1463 2802 ‚
1491 2787 1498 2802 ,
1665 2785 1671 2801 ,
1709 2787 1716 2802 ‚
1808 2788 1815 2802 ,
1897 2786 1904 2801 ‚
1932 2786 1939 2801 ,

113 2835 174 2889 sut
193 2821 474 2906 phreneticorum,
503 2819 558 2899 qui
588 2837 629 2880 ne
652 2815 849 2879 dormientes
871 2815 1002 2901 quidem
1024 2815 1092 2898 pla·
1145 2787 1339 2869 Eandem
1376 2799 1571 2869 noblllaln
1607 2798 1763 2897 partlm
1805 2798 1987 2891 ursellus,
2024 2816 2123 2896 pal·-

113 2908 186 2976 cidc
208 2908 457 2990 conquiescunt:
485 2904 562 2986 quia
584 2903 663 2966 diris
685 2910 724 3000 61
740 2901 901 3000 berrifieis
923 2903 1093 3000 insomniis
1146 2902 1224 2988 ffi'm
1264 2907 1426 2988 malitia
1464 2908 1533 2988 VO]
1565 2908 1759 2990 suffocari
1797 2908 1867 2988 vel
1898 2907 2121 3018 eorrumpi·

113 2998 321 3062 continenter
349 3000 520 3056 vexantur.
566 2989 657 3071 Ergo
684 3008 776 3070 rmpu
803 3009 930 3086 quoque
952 3009 1014 3070 rpsr
1036 3010 1092 3052 ex-

112 3082 223 3165 emplo
256 3091 348 3157 suut,
383 3079 495 3159 vigere
527 3096 656 3156 semper
682 3073 719 3136 iu
748 3096 896 3138 omnrum
923 3074 1092 3138 hominum
1234 3079 1259 3137 1.
1307 3073 1396 3138 Sicut
1422 3079 1524 3138 aulem
1551 3074 1692 3137 eueiiibus
1717 3075 1853 3138 inditum
1881 3093 1945 3137 esse
1967 3072 2123 3136 diviuitas

113 3169 235 3233 animis
258 3166 400 3248 aliquam
423 3164 487 3227 Dei
509 3162 669 3226 uoliouuu.
1145 3161 1304 3242 relipiouis
1325 3180 1426 3224 semen
1455 3160 1645 3240 euperiealia
1672 3165 1814 3236 testatur,
1849 3161 1893 3222 ila
1919 3160 1975 3222 cis
2001 3159 2126 3222 matesi-

204 3258 232 3317 3.
285 3251 383 3335 ¹)H0c
405 3251 531 3331 quidem
552 3252 632 3312 reete
651 3245 868 3310 iudicantibus
888 3267 1008 3326 semper
1025 3268 1093 3311 666·
1145 3267 1217 3310 mus
1245 3247 1376 3326 quisque
1407 3247 1561 3327 reperitur
1593 3246 1648 3325 qui
1675 3251 1849 3327 conceptum
1879 3245 1914 3307 iu
1951 3264 2008 3307 suo
2035 3244 2125 3309 corde

111 3340 218 3417 stabii,
251 3338 439 3418 insculptum
461 3333 614 3399 amitibus
642 3332 791 3395 baimauis
823 3352 888 3396 esse
916 3333 1094 3398 divinitalis
1143 3334 1253 3414 saecat,
1272 3333 1379 3396 utullus
1401 3337 1505 3396 aulem
1526 3333 1562 3394 iu
1589 3352 1649 3411 quo
1670 3337 1872 3396 rrrolurescal:
1898 3335 2020 3393 tautum
2043 3330 2127 3393 abest

111 3444 258 3499 sensum,
286 3425 340 3501 qui
368 3423 465 3486 deleri
491 3439 653 3500 uunquam
668 3422 776 3499 pelosi.
821 3417 1093 3482 «1666166666-
1145 3424 1179 3482 ul
1209 3419 1332 3499 fruetus
1363 3423 1517 3499 appareat
1547 3437 1604 3481 suo
1635 3423 1777 3497 ierapore.
1836 3418 1936 3481 Porro
1968 3417 2032 3480 sico
2065 3414 2126 3480 alii

110 3512 191 3576 liter
214 3508 382 3587 inpositam
403 3527 467 3570 esse
488 3506 631 3570 oiuuibus
652 3504 732 3567 leaue
752 3505 1000 3583 persuasionem,
1029 3525 1094 3568 6666
1145 3509 1324 3568 evanescant
1341 3505 1375 3567 iu
1392 3505 1462 3568 suis
1478 3504 1759 3585 supcrsiiliouibus,
1777 3505 1842 3566 sirie
1860 3503 1917 3566 (ilii
1935 3503 2013 3566 data
2031 3520 2125 3581 opero

111 3595 257 3674 aliquem
280 3591 390 3667 Deum,
411 3597 439 3655 el
454 3594 583 3671 penitus
604 3591 740 3670 iubeam
762 3610 827 3653 esse
848 3590 942 3670 quasi
960 3591 995 3653 iu
1013 3591 1095 3669 ipsis
1145 3591 1297 3654 malitiose
1320 3612 1341 3653 6
1363 3590 1431 3654 Dec
1452 3590 1630 3666 desciscant,
1653 3610 1755 3653 666666
1777 3594 1879 3652 lumea
1900 3588 2083 3670 deperierant
2101 3607 2123 3650 6

111 3678 275 3756 medullis,
296 3677 430 3755 locuples
451 3680 538 3741 lestis
558 3683 602 3741 est
622 3677 793 3756 impiorum
815 3677 1015 3753 wmummia,
1038 3677 1094 3756 qui
1145 3698 1218 3740 cera
1240 3678 1308 3739 eius
1327 3677 1445 3740 rmiilia.
1493 3673 1544 3739 lta
1559 3677 1595 3755 m
1612 3680 1646 3738 ul
1662 3675 1750 3738 trulla
1771 3676 1806 3738 ia
1823 3675 1938 3738 6666616
1956 3679 2038 3738 reeta
2059 3692 2126 3736 ma-

112 3766 238 3850 furiose
265 3762 425 3837 luctando,
453 3783 485 3826 se
513 3769 614 3826 iameu
641 3763 794 3826 eairieare
815 3781 831 3824 e
854 3760 918 3825 Dei
940 3767 1021 3825 uieiu
1043 3782 1093 3824 66-
1145 3767 1216 3826 iacal
1228 3763 1341 3842 pietas.
1388 3762 1475 3841 Quod
1497 3767 1599 3825 aulem
1619 3782 1720 3825 errore
1741 3761 1863 3841 aliquas
1880 3762 1914 3823 in
1932 3759 2125 3840 superstitio·

114 3856 242 3935 queuat.
278 3847 383 3912 Iccose
402 3846 471 3910 licei
487 3848 614 3912 eludam
631 3848 794 3930 Diaporas
811 3852 839 3911 el
856 3848 986 3924 similes,
1004 3847 1094 3928 quid·
1146 3869 1216 3912 uem
1238 3848 1302 3911 labi
1322 3848 1407 3926 diei,
1436 3850 1566 3912 666616
1587 3848 1705 3928 accipio
1735 3849 1827 3928 qitasi
1850 3868 1910 3910 sua
1931 3865 1981 3909 666
2002 3844 2125 3924 simpli·

112 3937 196 4020 quid
217 3934 361 3999 munibus
382 3933 515 3997 saeculis
536 3934 573 3997 de
589 3935 736 4016 relipioue
752 3933 905 3998 creditum
923 3933 1002 4013 fulb·
1023 3931 1095 3997 sub·
1145 3936 1225 3999 citos
1250 3956 1270 3996 6
1297 3934 1428 3998 crimine
1455 3934 1573 3998 liberet:
1603 3935 1680 4013 qui-a
1713 3934 1857 4010 eaecilm,
1885 3953 1948 4012 qua
1976 3922 2124 4008 laboraul,

113 4027 227 4088 sauuei
264 4019 444 4100 Dionysius
480 4018 601 4082 coeleste
637 4020 807 4084 iudicium:
843 4020 1014 4083 sardouius
1045 4018 1095 4082 b-ic
1145 4041 1264 4101 6666666
1284 4020 1349 4101 [666
1370 4024 1397 4081 a
1418 4019 1552 4100 semeria
1575 4021 1710 4083 66661616
1743 4025 1770 4082 el
1800 4018 1991 4083 eoulrimaeia
2020 4017 2125 4096 impli

114 4111 205 4173 risus
226 4112 285 4184 esi,
313 4106 391 4187 quia
418 4106 505 4168 iratus
532 4124 582 4168 eos
607 4106 722 4169 mordet
748 4106 951 4169 6666666666
978 4104 1095 4168 vermis
1146 4108 1207 4170 eila
1229 4110 1280 4170 esi.
1333 4105 1472 4182 Vauiias,
1496 4110 1524 4169 ei
1551 4105 1677 4186 quidem
1704 4104 1868 4186 superbiae
1889 4105 2066 4180 eariiuueia,
2088 4103 2125 4165 iu

114 4195 268 4259 mortariis
305 4190 449 4255 maribus
484 4191 597 4254 acrior.
655 4189 726 4254 Nou
758 4191 826 4255 dieo
864 4191 946 4272 quod
980 4189 1094 4269 Cicero,
1147 4213 1180 4257 66
1201 4190 1437 4273 deprehauliiur
1459 4191 1540 4272 quad
1562 4212 1666 4272 neque
1689 4191 1798 4254 miseri
1823 4190 1971 4254 homines
2000 4190 2034 4251 iu
2056 4188 2124 4251 Deo

116 4284 266 4344 velustate
287 4277 470 4342 obsolescere
491 4295 620 4353 errores,
647 4276 826 4358 relipiouem
847 4278 882 4340 iu
904 4276 972 4341 dies
992 4277 1095 4358 mapis
1147 4278 1321 4358 quae-reuda
1344 4299 1444 4359 supra
1467 4299 1501 4341 se
1523 4278 1619 4359 ipsos,
1643 4287 1680 4339 ut
1700 4299 1761 4357 par
1781 4284 1861 4353 erat,
1893 4273 2123 4348 conscendunt,

116 4385 249 4431 creseere
277 4369 305 4428 el
331 4362 490 4427 meliorem
514 4362 595 4441 lieri.
642 4361 728 4425 Nam
754 4363 893 4427 mitudus
919 4362 970 4445 (ul
995 4361 1095 4441 paulo
1147 4364 1204 4428 sed
1226 4385 1284 4446 pro
1307 4363 1448 4428 carnalis
1474 4364 1524 4426 sui
1552 4364 1696 4445 stuporis
1724 4361 1818 4426 modo
1847 4363 1955 4442 ipsum
1982 4358 2125 4421 metiun-

114 4457 186 4531 6666
207 4450 372 4515 dices-dum
394 4449 469 4530 666)
492 4468 611 4511 6666666
632 4446 696 4510 Dei
717 4449 868 4525 acidiam,
890 4453 1043 4527 quautam
1060 4449 1096 4511 iu
1148 4457 1218 4527 tur;
1245 4455 1273 4514 el
1293 4448 1424 4531 amplecto
1446 4450 1548 4513 solida
1570 4449 1801 4530 inaeslipalieue
1827 4448 1870 4511 ad
1897 4465 1996 4509 66666
2016 4462 2125 4525 specu·

116 4557 149 4600 se
170 4541 223 4613 esi,
246 4541 385 4599 osculere
404 4539 541 4611 meatur,
564 4539 593 4597 el
614 4534 683 4597 eius
704 4533 821 4597 cultum
838 4535 938 4599 alodis
955 4533 1097 4597 cineribus
1148 4536 1278 4600 lalioaes
1301 4537 1420 4599 acriose
1450 4535 1647 4599 irauscclaal.
1693 4533 1806 4612 Itaque
1841 4553 1908 4594 nen
1942 4529 2144 4613 apprehen·‘

116 4642 324 4702 corrumpere.
370 4620 437 4685 Hoc
459 4625 578 4684 lautum
599 4619 680 4697 dieo,
709 4639 807 4698 quum
828 4621 971 4697 stupido,
999 4639 1096 4699 quam
1149 4621 1231 4684 dunt
1252 4621 1381 4703 qualem
1403 4643 1438 4685 se
1459 4622 1569 4685 effert:
1599 4619 1656 4684 sed
1677 4619 1806 4700 qualem
1828 4639 1886 4698 pro
1914 4639 1973 4679 sua
1994 4615 2126 4679 temeri·

116 4709 210 4788 666ὶὲ
231 4708 274 4771 od
295 4705 401 4770 Deum
418 4707 625 4785 mumadam
642 4705 754 4785 eupule
771 4710 938 4782 omasum,
959 4705 1097 4768 durities
1149 4715 1214 4771 tate
1232 4707 1380 4771 fabricati
1397 4716 1482 4784 sunt,
1502 4708 1733 4789 imaginantur.
1769 4702 1843 4782 Quo
1863 4704 2127 4786 gurgiteapcrto,

116 4795 153 4858 iu
175 4811 283 4857 oerum
310 4792 430 4856 animis
455 4792 603 4870 labescat,
632 4792 736 4874 ripae
756 4793 873 4866 lanua,
902 4810 939 4855 66
965 4790 1097 4855 sabiude
1148 4814 1409 4876 quaquaversum
1435 4793 1551 4876 pedcm
1578 4797 1745 4866 moveant,
1777 4791 1812 4852 in
1835 4789 1971 4853 exitium
2001 4788 2127 4871 praeci-

1148 4880 1232 4963 pites
1264 4901 1393 4962 semper
1424 4901 1518 4944 ruere
1550 4897 1681 4941 neeesse
1714 4882 1772 4940 est.
1831 4874 1998 4958 Quidquid
2038 4874 2127 4938 enim

187 5030 217 5099 1)
236 5031 314 5085 Haec
332 5032 354 5098 ξ.
373 5031 390 5084 3
407 5033 438 5085 iu
455 5031 517 5085 edit.
555 5027 783 5099 6666616661559
802 5045 835 5084 eu
853 5028 1012 5094 confusione
1028 5045 1097 5098 qua·
1122 5000 1125 5013 *

121 5097 184 5154 dom
200 5099 363 5181 schedarum
381 5100 419 5181 ad
440 5097 505 5168 (lap.
545 5099 675 5154 [relata
697 5101 810 5180 lepitur,
825 5105 858 5179 ‚et
882 5100 1049 5178 cietqueque
1068 5099 1097 5150 iu
1219 5099 1248 5168 1>
1268 5101 1410 5154 Editionis
1428 5099 1619 5168 praecedentis
1645 5097 1711 5168 Gap.
1732 5099 1756 5152 1.
1794 5097 1859 5151 .10.
1915 5096 1960 5178 2.)
1983 5098 2016 5177 16
2040 5096 2128 5148 Phas-

120 5169 280 5248 apcprapbo
307 5168 455 5224 anulum
478 5166 557 5235 (1561
574 5169 651 5250 sol),·
673 5169 720 5223 sed
736 5184 793 5222 tam
817 5185 848 5220 m
866 5167 983 5220 66166666
1007 5166 1097 5220 Rebu-
1150 5170 1219 5222 dene
1238 5177 1266 5222 et
1284 5170 1438 5250 Tbeaeteto.
1502 5168 1532 5236 3)
1553 5167 1652 5250 Confer
1667 5184 1767 5237 praece
1788 5174 1857 5221 eutis
1874 5166 2004 5220 editionis
2022 5163 2128 5232 Cap.I.

121 5237 197 5292 16666
214 5236 305 5306 (1561.
323 5236 363 5306 ἃ)
380 5253 431 5293 suo
447 5240 504 5293 loeo
521 5244 648 5292 rmtuuta
665 5245 711 5293 est.
1153 5239 1175 5304 5.
1194 5237 1274 5291 6-8
1292 5240 1428 5293 16666666
1445 5243 1630 5306 transeamus
1647 5245 1673 5292 et
1689 5244 1793 5292 auam.
2161 5243 2170 5250 “

1882 5318 1919 5372 3.
