4672 5842
119 306 180 370 341
432 301 523 365 nm.
544 300 591 367 11.
635 297 1012 365 necessariora
1034 301 1118 365 nur
1139 298 1485 366 nuourmreers.
1530 297 1632 366 ese.
1650 299 1817 395 xixa
1856 286 1862 304 '
2074 309 2140 371 aa

117 493 229 569 Unus,
252 491 361 573 inquit
383 489 416 573 (l
437 491 520 553 Tim.
541 493 576 566 2,
598 487 647 570 5),
670 487 833 553 mediator
854 485 920 550 Dei
942 494 976 552 et
995 487 1100 551 hemi·
1152 507 1289 569 poenam
1323 509 1419 569 quam
1451 489 1557 553 meriti
1595 508 1722 552 eamus
1753 491 1962 572 persolveret.
2019 490 2134 572 Quum

118 574 638 656 num,homoIesusOb1istirs.
683 575 821 639 Poterat
841 573 952 638 Deum
979 571 1099 638 dicere:
1153 572 1291 656 denique
1319 583 1458 639 mortem
1485 595 1546 639 nec
1568 574 1655 638 selus
1677 573 1771 640 Deus
1791 578 1928 655 sentire,
1957 599 2018 643 nec
2045 579 2135 646 solus

118 671 247 749 poterat
276 663 393 726 saltem
420 669 453 726 et
479 682 599 726 nomen
627 660 771 724 heminis
804 660 889 723 siout
916 659 981 724 Dei
1006 660 1100 723 emit·
1152 659 1250 723 homo
1272 681 1427 742 superare
1447 667 1569 742 posset,
1598 660 1778 724 humanam
1804 673 1957 727 naturam
1985 685 2061 727 eum
2083 665 2133 729 di·

118 759 203 829 tere3
233 747 292 814 sed
320 750 398 829 quia
420 748 554 829 spiritus
574 766 637 827 per
657 767 692 810 os
717 747 786 810 eius
807 745 934 826 loquens
960 745 1100 808 infirmi·
1153 745 1231 809 vina
1253 747 1403 823 sociavit,
1433 754 1472 808 ut
1500 746 1633 810 alterius
1655 747 1911 812 imbecillitatem
1932 750 2032 813 morti
2054 751 2132 828 sub·

118 844 224 900 tatem
243 842 389 899 nostram
412 837 566 913 noverat,
585 836 621 895 et
641 833 815 913 tempestiue
836 837 1018 909 eceeraet,
1046 852 1100 912 ap-
1150 831 1280 909 iieeret,
1309 833 1352 896 ad
1380 832 1546 912 mpiarida,
1563 836 1691 912 peccata
1713 833 1848 897 alterius
1871 836 1993 900 virtute
2016 837 2133 902 luctam

118 923 241 986 tissirm
267 921 404 984 remedio
425 939 505 983 usus
531 923 590 996 est,
615 918 719 998 filiurn
742 917 807 982 Dei
829 922 979 998 tanquam
1000 937 1100 981 unum
1152 937 1222 980 cum
1260 923 1356 982 morte
1403 919 1576 998 suscipiens
1603 917 1706 981 'nobis
1745 921 1910 984 uictoriam
1949 923 2129 1002 acquireret.

119 1029 159 1073 eu
176 1007 264 1072 nobis
279 1006 486 1088 familiariter
503 1005 538 1068 ie
554 1004 655 1068 medio
667 1008 814 1067 metuens.
842 1003 893 1067 Ne
906 1005 977 1085 quis
998 1004 1101 1087 igitur
1153 1001 1221 1082 Qui
1241 1024 1319 1086 ergo
1342 1002 1513 1068 Christum
1535 1024 1595 1067 sua
1617 1012 1674 1067 aut
1695 1003 1875 1080 divinitate,
1899 1016 1957 1070 aut
1980 1007 2133 1072 humani·

119 1116 154 1159 se
181 1098 331 1175 torqueat
356 1091 492 1155 ubinam
520 1090 576 1153 ille
604 1087 808 1171 quaerendus
837 1088 1012 1165 mediator,
1043 1094 1100 1153 aut
1152 1096 1220 1153 tate
1240 1089 1389 1171 spoliant,
1409 1090 1478 1152 eius
1496 1088 1628 1170 quidem
1646 1089 1699 1153 vel
1717 1092 1907 1155 imminuunt
1927 1094 2132 1158 maiestatem

121 1201 185 1263 qua
206 1179 262 1244 via
280 1176 321 1242 ad
338 1178 446 1259 ipsum
463 1174 730 1258 perveniendum,
753 1175 906 1239 lierninem
923 1175 1098 1255 nornieans,
1151 1179 1180 1238 et
1198 1177 1342 1256 pieriam,
1364 1175 1415 1240 vel
1440 1176 1618 1239 benitatem
1635 1174 1818 1240 obscurant
1853 1175 1919 1242 Sed
1938 1200 2006 1242 nen
2022 1180 2131 1246 minus

118 1265 353 1349 propinquum,
392 1263 459 1325 imo
496 1263 686 1343 contiguum
719 1262 813 1325 nobis
847 1282 917 1325 esse
949 1262 1098 1339 admonet,
1152 1260 1256 1325 altera
1287 1283 1328 1325 ex
1361 1268 1454 1342 parte
1487 1260 1675 1325 hominibus
1713 1268 1790 1324 sunt
1825 1263 1950 1340 iniurii,
1992 1286 2132 1346 querum

119 1349 382 1434 quandoquidem
405 1369 480 1413 caro
498 1356 611 1411 nostra
629 1356 687 1410 est.
721 1345 816 1411 Idem
834 1355 920 1411 certe
941 1347 1098 1430 designat,
1151 1345 1251 1410 fidem
1271 1347 1319 1410 ita
1340 1347 1537 1410 labefactant
1558 1354 1591 1409 et
1608 1353 1770 1423 evertunt,
1793 1369 1877 1429 quae
1895 1349 1959 1412 nisi
1977 1351 2039 1415 boc
2056 1351 2132 1415 fun·

120 1437 206 1520 quod
226 1436 305 1500 alibi
322 1435 472 1517 pleribus
489 1434 590 1497 uerbis
612 1433 801 1514 explicatur,
824 1454 890 1496 non
913 1454 983 1498 esse
1006 1433 1099 1496 nobis
1152 1431 1305 1496 demente
1327 1433 1407 1496 nixa
1427 1439 1513 1496 stare
1535 1453 1604 1495 non
1624 1439 1738 1514 potest
1784 1435 1877 1498 Adde
1899 1437 1981 1515 quod
2002 1457 2131 1517 spuan-

119 1523 322 1605 pontificem,
362 1521 416 1602 qni
449 1541 515 1583 non
547 1519 651 1600 pessit
683 1520 823 1600 compati
856 1519 1099 1583 infirmitatibus
1151 1518 1211 1581 dus
1242 1519 1305 1599 fuit
1333 1520 1506 1598 redenmtor
1530 1518 1590 1581 ille
1622 1518 1771 1582 Abrahae
1804 1519 2003 1601 Dauidisque
2030 1522 2129 1602 pilius,

117 1609 252 1687 nostris,
286 1606 415 1689 quando
444 1606 487 1668 sit
513 1626 604 1669 more
633 1612 761 1682 nestro,
794 1605 863 1668 sela
890 1605 1013 1687 peccati
1041 1625 1098 1675 ex·
1151 1624 1241 1683 quem
1272 1606 1308 1668 iu
1339 1605 1401 1686 lepe
1434 1609 1462 1667 et
1487 1603 1651 1690 propiet-is
1677 1604 1768 1668 Deus
1794 1607 1992 1685 promiserat.
2044 1607 2131 1673 Unde

119 1696 276 1778 ceptione,
298 1714 357 1775 per
378 1692 488 1755 omnia
508 1699 655 1755 tentatus
678 1691 795 1771 (Hebr.
815 1696 843 1769 4,
867 1692 929 1775 lo).
1151 1690 1283 1753 alterum
1303 1689 1441 1770 frueblm
1463 1689 1609 1772 collipunt
1624 1690 1701 1770 piae
1721 1696 1848 1770 meritas,
1872 1693 1952 1771 quod
1973 1693 2046 1773 ipsa
2068 1694 2131 1757 ori-

206 1785 234 1844 2.
279 1777 320 1842 Id
347 1779 446 1842 ctiam
474 1776 593 1842 clarius
621 1779 693 1856 fiet,
727 1778 755 1841 si
785 1785 973 1858 reputemus
1001 1796 1100 1857 quam
1149 1776 1235 1857 piatis
1262 1777 1361 1855 speeie
1382 1776 1425 1839 ad
1447 1774 1605 1839 Davidem
1627 1781 1654 1839 et
1675 1775 1839 1840 Abrabam
1859 1778 2039 1858 perductae,
2068 1798 2131 1842 eer-

119 1887 186 1930 non
197 1866 335 1948 vulgare
357 1865 456 1927 fuerit
477 1862 562 1945 quod
577 1862 747 1926 mediatori
765 1862 1001 1945 praestandum
1019 1867 1098 1939 erat,
1151 1862 1215 1924 tius
1240 1866 1407 1942 canescunt
1432 1861 1514 1924 burte
1541 1881 1607 1926 esse
1631 1859 1804 1941 Oleristem,
1837 1863 1893 1943 qui
1924 1869 1965 1927 tot
1993 1863 2130 1930 arandis

10 2013 15 2029 ,
119 1974 237 2034 nempe
259 1951 306 2016 sic
329 1952 365 2013 in
386 1950 451 2013 Dei
473 1950 613 2032 gratiam
634 1969 695 2014 nes
715 1950 897 2025 restituere,
921 1955 959 2012 ut
979 1949 1101 2013 faceret
1152 1946 1320 2011 crematus
1337 1948 1409 2029 fuit.
1456 1946 1518 2010 Sed
1537 1947 1628 2025 iltrul,
1650 1949 1732 2028 quod
1752 1951 2130 2031 superexpositae

119 2060 160 2102 ex
189 2037 266 2102 liliis
295 2036 466 2101 bominum
493 2035 582 2099 illius
612 2035 711 2114 fi1i0s;
746 2057 787 2098 ex
820 2033 1015 2098 haeredibus
1043 2054 1099 2115 ge-
1152 2034 1240 2113 cipue
1266 2033 1428 2098 teuledum
1448 2038 1512 2110 est,
1540 2052 1728 2097 ememunem
1755 2039 1902 2099 araturam
1924 2037 2044 2117 pipnus
2063 2056 2129 2102 esse

119 2124 258 2200 hennae,
283 2123 377 2206 regni
401 2121 549 2186 coelestis
572 2119 738 2184 haeredes.
774 2119 857 2200 Quis
879 2120 942 2184 hec
962 2126 1098 2202 peterat,
1151 2124 1274 2182 riostrae
1295 2138 1364 2182 cem
1383 2118 1451 2198 filio
1471 2117 1536 2182 Dei
1556 2119 1725 2198 societatis,·
1745 2139 1838 2184 carice
1859 2126 1966 2185 nostra
1988 2123 2130 2186 aestitrem

118 2210 183 2274 nisi
214 2209 303 2273 filius
333 2209 399 2272 Dei
431 2210 526 2271 fieret
558 2205 641 2270 mem
676 2207 763 2270 filius
795 2206 953 2286 hominis,
988 2214 1022 2270 et
1054 2205 1101 2270 sie
1151 2204 1314 2268 debellasse
1334 2209 1461 2268 mortem
1482 2224 1553 2268 cum
1568 2210 1700 2285 peceato,
1722 2210 1756 2268 et
1777 2212 1883 2270 nostra
1905 2211 1981 2270 esset
2002 2208 2132 2272 oictmia

118 2304 270 2360 nostrum
300 2295 462 2376 acciperet
488 2300 525 2357 ut
552 2293 745 2356 transferret
773 2291 815 2356 ad
844 2312 904 2356 nes
927 2313 1038 2367 suum,
1073 2295 1101 2354 et
1151 2296 1179 2355 et
1205 2291 1383 2370 triumphus
1410 2295 1528 2370 nostem
1561 2310 1686 2354 ear-nem
1716 2312 1814 2371 quam
1838 2314 1859 2355 a
1887 2293 1975 2356 euobis
2007 2295 2132 2373 aceepit,

121 2381 208 2464 qued
239 2401 334 2447 suum
361 2376 450 2444 erat‘
464 2386 600 2457 natura,
631 2386 783 2442 nostrum
814 2379 936 2443 faceret
968 2377 1098 2460 gratia?
1153 2376 1298 2441 obedisse
1327 2378 1361 2439 ie
1389 2377 1608 2456 sacrificium,
1625 2381 1661 2439 ut
1690 2376 1775 2456 facte
1807 2378 1982 2457 expiatione
2009 2384 2133 2445 reatum

121 2468 197 2532 Hac
218 2486 296 2550 emo
318 2466 419 2531 arrha
440 2466 515 2529 freti
536 2485 598 2527 nes
622 2486 692 2529 esse
713 2465 799 2529 filios
816 2465 881 2529 Dei
899 2464 1099 2542 confidimus,
1152 2468 1294 2526 uestrum
1315 2462 1433 2540 deleret,
1455 2468 1483 2526 at
1498 2463 1642 2543 placaret
1663 2462 1780 2526 iustam
1795 2464 1903 2543 patris
1925 2465 2017 2527 iram.

119 2554 199 2637 quia
230 2553 391 2619 neutralis
422 2552 488 2615 Dei
525 2551 612 2615 filius
652 2549 714 2614 sibi
745 2572 861 2632 corpus
894 2549 934 2614 de
967 2571 1100 2632 corpere
1239 2553 1269 2611 4.
1314 2548 1379 2611 His
1399 2553 1434 2610 et
1454 2569 1522 2626 par
1549 2552 1594 2610 est
1618 2547 1853 2625 considerandis
1880 2551 1936 2630 qui
1957 2550 2064 2615 sedulo
2086 2556 2133 2616 at·

118 2644 247 2718 nosne,
282 2659 416 2704 earnem
449 2659 490 2701 ex
517 2657 615 2702 carne
643 2643 770 2714 nostra,
804 2656 877 2700 ossa
905 2657 947 2701 ex
975 2636 1101 2701 essibus
1141 2639 1254 2708 ¹teritus
1279 2636 1355 2712 crit,
1391 2654 1489 2716 capas
1521 2633 1745 2714 speculationes
1776 2635 1872 2715 facile
1898 2636 2027 2718 rieplipet
2054 2658 2133 2717 quae

119 2727 320 2811 amendant
346 2724 434 2787 idem
461 2722 630 2787 nobiseum
653 2730 746 2787 esset
793 2721 890 2802 Quod
912 2720 1005 2786 nobis
1026 2743 1101 2804 pro-
1155 2722 1235 2785 leoes
1271 2721 1405 2801 spiritus
1443 2725 1471 2783 et
1502 2719 1651 2782 iuuenis
1688 2720 1818 2801 crepidas
1855 2721 1899 2784 ad
1930 2742 1963 2785 se
1993 2725 2132 2802 rapiunt.

120 2813 230 2895 prium
257 2804 331 2876 erat
355 2811 510 2891 sesamam
537 2814 689 2892 praeatus
714 2829 776 2872 non
805 2813 863 2886 est,
894 2813 930 2871 ut
957 2809 1101 2873 vicissim
1156 2806 1256 2870 (ic-im
1275 2807 1397 2888 pencris
1418 2811 1470 2883 est,
1501 2803 1674 2884 Christum,
1701 2807 1826 2870 etiamsi
1854 2808 1897 2870 ad
1918 2807 2133 2873 redimentem

122 2897 165 2962 ad
191 2919 251 2962 nes
278 2898 458 2980 pertineret
480 2894 566 2977 quod
587 2896 756 2977 proprium
776 2894 846 2975 ipse
869 2894 1024 2974 habebat;
1052 2900 1101 2958 ab
1154 2892 1327 2956 laurearum
1351 2912 1449 2974 penus
1476 2911 1538 2954 nou
1563 2890 1678 2971 ficisset
1704 2912 1783 2973 epus
1812 2893 1960 2971 remedio,
1986 2894 2132 2974 futurum

121 3004 184 3066 qne
215 2985 263 3048 ita
293 2985 329 3047 in
360 3002 531 3047 commune
561 2981 633 3063 ipse
664 2981 834 3044 nobiscum
862 2990 896 3045 et
921 2980 1008 3044 filius
1037 2980 1102 3045 Dei
1153 2984 1255 3044 tamen
1285 2979 1386 3060 feisse
1417 2977 1579 3042 bominem.
1631 2976 1746 3042 Fateor
1778 2979 1931 3059 equidem,
1961 2979 1998 3042 in
2023 2981 2132 3059 primo

122 3078 208 3134 esset
230 3076 262 3133 et
283 3070 374 3134 filius
395 3069 545 3133 hominis.
593 3067 679 3131 Hinc
700 3071 808 3130 sanda
828 3065 888 3130 illa
907 3066 1101 3147 fraternitas,
1154 3066 1320 3129 creationis
1346 3064 1455 3128 ordine
1480 3068 1508 3127 ct
1536 3064 1653 3145 lacteam
1682 3069 1815 3128 naturae
1836 3069 1919 3129 statu
1936 3066 2132 3146 praefectum

121 3175 217 3238 quam
237 3177 288 3220 ere
305 3176 361 3219 suo
374 3154 571 3232 mmnrerulat,
594 3152 748 3218 edidicit:
771 3152 900 3217 ascendo
917 3153 960 3216 ad
976 3157 1102 3233 paean
1153 3152 1273 3234 ecmelis
1294 3155 1322 3214 et
1343 3149 1519 3214 luminibus
1537 3148 1638 3229 fecisse
1659 3156 1767 3231 capet,
1789 3171 1852 3230 arca
1873 3151 1993 3214 ratio-ue
2015 3151 2132 3216 dicitur

120 3261 223 3306 meare
240 3245 559 3324 etpatremueslreen,
572 3238 791 3303 Deummeem
809 3237 953 3302 etDeeru
966 3244 1102 3302 uestrum
1154 3259 1175 3302 a
1204 3237 1308 3302 Paulo
1336 3234 1546 3320 (001.1,15)
1570 3236 1798 3317 priempenitus
1832 3238 1934 3299 omnis
1959 3243 2129 3317 creaturae,

122 3327 253 3410 (Ioann.
274 3332 329 3404 20,
352 3328 415 3409 17).
460 3326 535 3390 Hac
561 3327 688 3389 ratione
715 3330 798 3389 certa
824 3325 913 3388 uobis
934 3330 979 3388 est
1005 3324 1101 3408 regni
1153 3323 1208 3387 sed
1229 3343 1325 3404 quam
1345 3327 1408 3387 tota
1429 3323 1590 3402 satiatura
1612 3321 1722 3386 clamet
1740 3323 1885 3386 uestitum
1904 3323 2005 3403 fuisse
2026 3344 2130 3404 carue,

121 3413 272 3477 coelestis
294 3412 489 3489 haeredites,
512 3412 589 3494 quia
602 3413 725 3476 unicus
746 3410 811 3474 Dei
831 3410 929 3489 filius,
952 3412 1044 3475 cuius
1065 3413 1102 3475 in
1152 3414 1188 3472 ut
1213 3410 1300 3490 fieret
1327 3409 1512 3489 redempter,
1547 3407 1648 3472 aliam
1676 3427 1807 3473 causam
1833 3408 1880 3473 vel
1908 3409 2010 3473 ali-mu
2036 3410 2132 3490 finem

119 3497 259 3562 solidum
275 3498 410 3577 propria
432 3503 506 3575 eat,
529 3519 589 3561 nos
607 3496 992 3579 sibifratresadeptavit:
1015 3495 1102 3579 quod
1152 3496 1328 3578 imapiuari
1348 3495 1467 3559 nimiae
1492 3495 1675 3558 temeritatis
1703 3499 1755 3559 est,
1803 3495 1958 3575 Quaem
1980 3496 2019 3559 ab
2039 3497 2132 3560 initio

120 3584 149 3647 si
168 3582 296 3662 fratres,
316 3604 392 3665 erge
411 3582 668 3648 ethaereditatis
687 3584 1019 3666 consertes(Rom.8,
1036 3583 1099 3668 17).
1147 3583 1328 3664 promissas
1347 3581 1445 3663 suerit
1464 3579 1609 3645 b'liristus
1635 3582 1716 3644 satis
1744 3585 1849 3645 rictum
1871 3586 1929 3645 est:
1955 3587 1989 3645 et
2016 3583 2132 3647 salae

120 3669 178 3734 Ad
199 3668 274 3733 llaec
292 3669 435 3749 apprirne
452 3669 527 3733 utile
547 3670 610 3751 fuit
626 3669 684 3734 bac
700 3670 794 3733 etiam
812 3670 849 3733 de
865 3689 962 3734 causa
983 3690 1100 3733 verum
1153 3671 1347 3732 imtauraret
1374 3666 1545 3747 collapsum
1566 3665 1731 3744 eumeni,
1754 3671 1782 3730 et
1794 3666 1931 3748 perditis
1952 3666 2130 3733 bominibus

121 3776 192 3820 esse
214 3755 326 3819 Dcnm
347 3763 380 3817 et
401 3754 568 3818 hominem
596 3756 652 3837 qui
673 3754 860 3838 redemptor
881 3763 994 3820 nester
1015 3756 1101 3820 futu·
1152 3759 1351 3819 seccarreret.
1380 3752 1492 3832 Itaque
1509 3751 1567 3816 sub
1585 3753 1648 3835 leae
1664 3754 1830 3834 proposita
1850 3753 1914 3833 fuit
1935 3754 2004 3815 eius
2026 3753 2129 3836 imapo

120 3863 178 3906 rus
207 3848 300 3906 esset
344 3840 428 3904 Eius
455 3848 526 3903 erat
551 3848 691 3904 mortem
719 3842 905 3906 absorbere:
936 3842 1009 3923 quis
1038 3842 1101 3906 hee
1153 3842 1189 3904 in
1215 3839 1396 3920 sacrifieiis,
1425 3842 1460 3900 at
1485 3844 1646 3918 sperarem
1671 3837 1779 3917 fideles
1805 3837 1910 3901 Deum
1936 3838 1998 3901 sibi
2014 3841 2127 3920 propi-

120 3934 251 4010 poteret
281 3926 345 3990 nisi
378 3924 470 3991 vita?
526 3927 608 3989 Eius
644 3935 715 3990 erat
752 3934 922 4010 peceatum
954 3928 1099 3992 vincere:
1152 3928 1232 3990 tiem
1252 3926 1318 4007 fore
1333 3929 1502 4007 pastoriam
1523 3924 1662 4004 capiatis
1682 3925 1819 4004 peccatis
1845 3924 2061 3988 recemiliates
2081 3925 2129 4005 fo·

121 4013 193 4095 quis
217 4014 278 4078 hoe
297 4019 427 4095 peterat
448 4011 515 4075 nisi
530 4012 602 4094 ipsa
619 4013 764 4077 iustitia?
798 4015 881 4079 Eius
898 4021 970 4078 erat
985 4013 1101 4078 mundi
1153 4018 1205 4077 ret.
1252 4010 1336 4076 Certe
1353 4030 1450 4094 auum
1468 4011 1604 4074 saeculis
1625 4010 1775 4086 mundes,
1796 4010 1890 4073 etiam
1908 4009 1971 4092 lepe
1990 4009 2128 4085 nummu

122 4107 154 4161 et
175 4101 260 4164 aeris
282 4104 460 4181 potestates
482 4098 672 4180 profligare:
701 4098 776 4179 quie¹
802 4100 865 4164 hoc
886 4107 1014 4182 poterat
1036 4101 1100 4164 nisi
1147 4099 1359 4182 promebmta,
1379 4115 1541 4176 nuriauam
1562 4096 1630 4158 sine
1657 4096 1810 4177 scapulae
1831 4097 2011 4176 prornisms
2031 4097 2129 4178 feerit

121 4185 225 4249 virtus
258 4192 292 4249 et
322 4183 447 4249 mundo
480 4191 514 4247 et
546 4204 620 4247 aere
654 4185 821 4265 superior?
864 4187 968 4250 Porro
1000 4207 1100 4268 penes
1152 4185 1312 4262 mediator,
1340 4182 1529 4264 callipimuS,
1558 4186 1679 4244 acerno
1707 4180 1772 4244 Dei
1797 4182 1925 4246 musitio
1946 4183 2129 4264 perpendis

121 4291 216 4351 quem
243 4272 313 4335 vita
341 4278 404 4349 est,
434 4277 491 4334 aut
518 4269 659 4347 iustitia,
689 4277 746 4333 aut
772 4271 852 4335 eceb
877 4273 1045 4354 inrperium
1071 4278 1101 4336 et
1152 4271 1311 4334 lenirem
1342 4267 1488 4334 sedibus
1525 4267 1626 4348 fuisse
1663 4267 1867 4345 destinatum,
1902 4269 1978 4348 quia
2000 4266 2128 4364 piaculi

120 4365 272 4439 potestas,
290 4356 354 4421 nisi
372 4377 472 4438 penes
489 4356 596 4420 selum
608 4355 739 4418 Deum?
768 4353 938 4441 Seseerge
957 4358 1099 4423 elemen-
1151 4358 1278 4439 sipeum
1311 4359 1357 4420 est
1387 4354 1573 4436 sarrpuinem
1597 4352 1701 4434 fundi.
1748 4352 1801 4417 Sic
1832 4354 1870 4416 de
1897 4373 1930 4416 ea
1956 4353 2128 4416 carnmnati
2250 4416 2264 4431 ,

120 4444 265 4507 tissimus
297 4442 391 4507 Deus
426 4443 462 4505 iu
494 4462 633 4523 persona
669 4443 822 4523 rinipeuiti
859 4441 1098 4526 redemptorem
1151 4447 1224 4507 nint
1244 4441 1428 4523 monitae,
1464 4444 1499 4503 ut
1523 4439 1785 4503 reconciliatorem
1813 4438 1878 4502 Dei
1910 4443 1937 4501 et
1967 4437 2128 4500 lurnieum

119 4538 269 4594 nostrum
289 4528 375 4606 feeit,
399 4526 478 4591 dum
498 4549 559 4592 nos
580 4525 765 4608 redemptos
787 4528 899 4592 voluit.
1149 4530 1217 4611 fore
1232 4529 1453 4610 promitterent.
1500 4524 1640 4606 Sufficiet
1663 4545 1725 4606 pro
1753 4523 1894 4588 anaidem
1919 4543 2017 4585 unum
2045 4521 2128 4587 illud

203 4618 234 4683 3.
279 4614 432 4678 Alterum
461 4614 521 4680 hoc
543 4621 675 4678 nostrae
696 4632 766 4676 eam
787 4612 855 4677 Deo
877 4615 1099 4680 reconciliatio·
1129 4617 1186 4679 in·
1202 4615 1323 4696 munis
1343 4613 1457 4678 auore
1478 4611 1604 4676 Iesaiae
1625 4611 1833 4673 testimonium
1860 4608 1928 4689 (53,
1946 4612 1975 4670 4.
1998 4607 2046 4692 5),
2071 4608 2128 4673 ubi

118 4701 169 4764 riis
197 4707 298 4782 eaput
323 4706 410 4778 erat,
440 4708 478 4764 ut
505 4700 619 4778 homo,
647 4699 704 4781 qui
732 4718 792 4762 sua
819 4719 854 4762 se
880 4699 1099 4766 inobedientia
1143 4701 1301 4783 praedicit
1316 4698 1554 4780 percutiendum
1575 4716 1640 4759 esse
1662 4694 1726 4759 Dei
1746 4714 1844 4758 manu
1859 4697 1988 4775 propter
2008 4694 2127 4759 secura

118 4784 315 4868 perdiderat,
336 4787 467 4851 renedii
485 4787 548 4852 loeo
565 4786 769 4851 obedientiam
786 4790 955 4866 opponeret,
978 4785 1098 4852 iudicio
1146 4787 1267 4869 pepuli,
1295 4792 1330 4850 et
1350 4784 1513 4865 metientia
1530 4783 1625 4861 pacis
1651 4785 1729 4844 esset
1748 4799 1844 4860 super
1866 4800 1951 4859 earm·
1978 4785 2006 4844 et
2026 4800 2127 4845 saee-

117 4872 183 4938 Dei
205 4872 415 4950 satisfaceret,
438 4893 559 4955 poenas
581 4872 705 4956 peccati
727 4870 935 4953 persolveret
969 4870 1098 4937 Prediit
1149 4875 1248 4939 daem
1263 4873 1338 4955 sore,
1362 4871 1416 4952 qui
1433 4888 1466 4933 se
1483 4868 1519 4931 in
1535 4867 1694 4930 uictimam
1715 4866 1850 4946 efferret;
1871 4886 1910 4930 eu
1926 4865 2038 4949 plapis
2057 4867 2128 4932 eus
2158 4883 2164 4889 ·

119 4977 196 5040 ergo
216 4979 318 5033 ¹verus
338 4957 452 5038 homo,
473 4959 638 5023 Dominus
659 4963 785 5036 noster,
808 4954 902 5021 Adae
923 4979 1098 5041 persenam
1148 4960 1216 5041 fere
1237 4960 1316 5025 aliis
1336 4957 1519 5033 sanitatem
1539 4957 1569 5017 et
1589 4953 1666 5034 qum
1688 4971 1793 5015 annes
1809 4958 1958 5018 errarunt
1977 4957 2005 5017 et
2024 4954 2128 5018 instar

116 5042 238 5123 induit,
260 5063 382 5108 nomen
404 5045 596 5126 assumpsit,
624 5044 749 5121 uleus
770 5044 852 5108 emes
872 5044 1099 5127 abnepote
1150 5046 1255 5110 orium
1274 5046 1405 5127 fuerunt
1425 5040 1570 5121 clupea,
1588 5038 1751 5120 plamism
1773 5037 1841 5103 Dee
1862 5039 1956 5104 illum
1977 5040 2127 5122 afflinem,

118 5129 296 5209 medenda
325 5137 363 5194 ut
389 5151 522 5195 carnem
548 5136 694 5195 noenum
723 5131 760 5195 in
780 5129 1011 5196 satisfactionis
1027 5151 1099 5212 prc-
1150 5136 1186 5196 ut
1213 5133 1352 5196 mnrium
1378 5128 1559 5207 iniquitates
1584 5124 1687 5206 ferret.
1739 5123 1800 5190 Ubi
1824 5125 1868 5190 ad
1890 5145 1978 5206 opem
2003 5126 2130 5190 mamis

116 5216 196 5279 tiam
217 5216 303 5280 iusto
324 5216 389 5282 Dei
410 5215 531 5289 iudicio
552 5217 699 5296 sisteret;
727 5235 766 5282 ae
792 5216 829 5281 in
855 5215 971 5282 eadem
998 5238 1098 5283 earne
1145 5217 1359 5300 amramitas
1377 5212 1541 5298 tereridmn
1565 5209 1727 5276 Christum
1752 5211 1906 5276 divinitus
1921 5212 2052 5294 proprie
2072 5211 2131 5277 ad·

1866 5311 1921 5365 ῃ*
