4672 5842
94 310 156 374 66
322 290 414 376 nto.
436 310 500 377 111.
545 312 609 377 66
631 308 768 381 6666
787 309 1140 377 6666666666
1161 308 1352 378 6666666
1374 312 1593 379 eunucu.
1638 313 1737 380 one.
1760 313 1874 380 xxi.
2042 320 2107 382 734

182 503 211 562 4.
252 499 341 580 Quod
362 499 505 564 diximus
527 503 562 565 in
577 500 744 583 probanda
765 501 988 565 resurrectione
1009 520 1076 565 sen·
1128 521 1198 566 uero
1220 503 1275 583 qni
1296 501 1414 566 iniuste
1431 483 1615 586 afttipimun
1636 502 1782 583 requiem,
1804 504 1841 566 in
1857 503 2107 585 manifestatione

93 606 150 652 sus
172 589 292 650 nostros
320 590 456 665 oportere
483 587 583 670 diripi
616 587 659 651 ad
684 586 870 650 immensam
890 584 955 649 Dei
971 592 1077 665 poten-
1130 585 1251 652 Cirristi
1277 608 1347 651 cunr
1376 587 1496 669 anpelis
1517 588 1674 670 potentiae
1699 608 1789 666 suae,
1817 590 1853 652 in
1871 590 2001 668 tiammo
2021 592 2106 674 ipnis

93 673 185 749 tione,
213 669 268 735 troc
295 671 426 735 breuiter
447 672 530 738 docet
554 671 689 737 Paulus.
741 671 781 737 Ut
802 691 916 752 corpus
937 677 1076 736 rustrrun
1129 671 1163 756 (2
1187 673 1300 738 Thess.
1328 672 1422 756 1,6).
1471 672 1533 739 Sed
1559 675 1721 739 eumdum
1748 680 1792 740 cst
1820 675 1902 754 qnod
1915 677 2016 756 paulo
2032 683 2106 757 post

92 757 253 834 obiectum,
265 757 376 838 inquit,
388 758 540 840 consume
551 758 661 823 reddat
677 759 799 840 corpori
817 757 973 822 claritatis
990 778 1075 836 snae,
1129 759 1288 843 adiunpit,
1317 763 1481 823 uenturum
1508 764 1543 822 nt
1561 759 1752 841 ploridcctur
1772 762 1807 824 iu
1828 763 1946 825 sanctis
1966 763 2050 839 suis,
2078 767 2107 828 et

94 843 265 910 secundum
298 844 505 924 operationem
527 844 655 908 uirtutis
681 863 770 922 neae,
800 863 863 925 qua
882 848 985 924 potest
1014 840 1076 907 sibi
1129 845 1330 910 admirabilis
1344 844 1404 926 {iat
1420 846 1456 908 in
1472 846 1615 910 omnibns
1631 846 1688 927 qui
1704 846 1908 924 munuum,
1931 849 2008 928 quio
2028 848 2107 929 fides

94 930 244 994 subiicere
261 930 368 993 onznia
390 929 492 1012 (Phil.
512 932 541 1007 3,
562 930 627 1013 21).
666 929 770 1010 Quare
785 928 868 994 nihil
885 930 992 993 miuus
1009 948 1077 993 con·
1128 930 1233 995 habita
1254 931 1351 1013 suerit
1372 931 1536 1012 erarepelio.

95 1021 277 1080 sentaneum
303 1035 399 1096 quom
427 1015 486 1079 hio
506 1018 657 1098 respicere
686 1016 762 1095 quid
790 1015 979 1079 naturaliter
1004 1015 1076 1096 fieri
1217 1021 1244 1080 5.
1290 1016 1364 1080 Etsi
1391 1022 1495 1080 anum
1520 1016 1680 1081 hominnm
1707 1014 1821 1081 mentes
1853 1018 1888 1081 in
1918 1018 1972 1083 hoc
2003 1019 2107 1084 studio

88 1101 206 1183 possit,
235 1100 290 1165 ubi
314 1101 541 1166 inaestimabile
561 1102 753 1166 miraculum
772 1100 861 1166 nobis
877 1102 1075 1182 proponitur,
1129 1102 1255 1167 assidue
1276 1103 1421 1184 occupari
1443 1101 1572 1181 decebat,
1595 1104 1688 1184 quasi
1709 1107 1812 1168 tamen
1832 1104 1908 1168 data
1926 1125 2019 1185 opero
2036 1104 2106 1170 abo·

94 1187 177 1269 quod
194 1206 305 1251 seusus
321 1192 444 1252 nostros
460 1208 521 1252 sua
537 1187 753 1270 mopnitudine
770 1186 914 1251 absorbet.
950 1186 1076 1250 Paulus
1129 1188 1191 1253 lere
1218 1189 1327 1254 uellent
1353 1208 1472 1253 omnem
1498 1190 1735 1253 resurrectionis
1756 1191 1951 1270 morium,
1979 1195 2106 1256 6666666

94 1279 199 1338 tamen
214 1273 378 1355 proposito
399 1278 534 1338 recturus
554 1273 743 1350 documento,
774 1273 947 1338 socordiam
969 1292 1076 1337 eorum
1127 1280 1275 1339 uocarunt
1296 1274 1413 1338 lincam
1433 1294 1540 1338 rerum
1561 1275 1709 1352 omnium,
1733 1280 1761 1338 et
1781 1276 1942 1340 interitum
1959 1276 2104 1341 hominis.

94 1360 240 1442 eoarpuit
273 1360 328 1439 qui
361 1360 614 1424 resurrectionem
646 1363 769 1441 nepant.
815 1357 934 1437 Sinite,
974 1358 1077 1440 inquit
1130 1359 1217 1424 Nam
1244 1366 1323 1425 certe
1349 1361 1386 1424 de
1413 1362 1567 1424 commum
1594 1365 1622 1424 ct
1647 1365 1766 1442 recepta
1794 1362 1938 1441 opinione
1970 1362 2107 1443 loquitur

95 1445 127 1529 (1
155 1445 229 1510 Gor.
258 1449 313 1522 15,
338 1444 410 1529 36),
444 1445 525 1526 qnod
551 1445 689 1509 seminas
717 1465 779 1509 uon
806 1449 977 1528 copdatru,
1010 1445 1076 1509 nisi
1130 1444 1251 1511 Solomo
1279 1446 1382 1531 (Ecol.
1407 1451 1436 1524 9,
1461 1443 1505 1530 4),
1535 1466 1632 1526 quum
1653 1446 1729 1510 dicit
1749 1465 1854 1510 canan
1874 1448 1979 1511 uirum
2001 1449 2106 1513 melio-

88 1533 188 1612 prius
207 1531 370 1607 moriatur,
392 1535 444 1595 etc.
479 1531 522 1595 In
539 1535 667 1596 semente
688 1532 923 1595 resurrectionis
945 1532 1075 1611 speciem
1127 1552 1194 1596 rem
1215 1552 1280 1598 esse
1300 1537 1422 1596 mortuo
1444 1532 1533 1596 hone.
1579 1531 1625 1595 Et
1645 1532 1724 1597 alibi
1751 1531 1854 1616 (Eccl.
1880 1535 1908 1611 3,
1932 1534 2006 1618 21).·
2033 1535 2106 1615 quis

94 1618 181 1683 cerni
199 1617 285 1694 dicit,
308 1616 386 1697 quia
404 1637 441 1682 ee
453 1617 620 1698 putredine
638 1617 780 1681 nasmtur
796 1636 887 1699 sepes.
922 1616 988 1680 Nec
1004 1636 1075 1680 oero
1127 1618 1186 1682 scit
1212 1639 1256 1682 an
1283 1618 1420 1682 horninis
1449 1619 1558 1681 animo
1584 1619 1729 1682 ascendat
1760 1638 1903 1696 smsum,
1920 1613 1964 1682 'et
1996 1621 2106 1684 anima

42 1767 45 1772 .
94 1723 146 1768 res
163 1708 228 1767 tom
246 1701 392 1784 difficilis
408 1709 485 1767 esset
506 1704 634 1781 meditm
657 1703 686 1767 si
705 1704 747 1767 ad
764 1702 928 1781 miracula,
947 1721 1027 1782 quae
1044 1721 1077 1766 se
1126 1705 1259 1768 iumenti
1280 1704 1441 1769 descendat
1462 1703 1626 1767 deorsum?
1676 1703 1827 1769 Omnibus
1846 1708 1949 1767 autem
1970 1705 2106 1770 saeculis

88 1809 150 1871 per
171 1808 277 1854 omnes
298 1789 410 1853 mundi
430 1789 549 1872 plapas
575 1788 672 1853 auctis
697 1790 816 1852 nostris
841 1790 1000 1871 inponent,
1029 1791 1075 1850 at·
1124 1795 1293 1872 prassatus
1319 1794 1363 1853 est
1389 1789 1440 1853 hic
1471 1789 1582 1854 bidus
1613 1795 1735 1872 stupor,
1768 1790 1903 1870 adeoque
1934 1791 1969 1854 in
2002 1791 2106 1871 ipsam

95 1876 171 1940 tenti
192 1880 227 1938 ut
241 1895 310 1955 pur
331 1879 376 1938 est
396 1894 539 1939 essemus.
581 1874 742 1939 Caeterum
762 1875 1004 1951 meminerimus,
1025 1893 1076 1938 ne·
1127 1876 1285 1940 ecclesiam
1311 1876 1475 1957 perrupit,·
1507 1876 1585 1955 quia
1610 1877 1724 1956 palam
1755 1875 1830 1939 ausi
1861 1880 1934 1940 sunt
1959 1876 2105 1959 profiteri

95 1963 211 2025 minem
238 1961 276 2026 de
301 1960 414 2042 futura
442 1962 665 2043 resurrectione
692 1980 762 2025 nere
793 1979 858 2025 esse
884 1978 1076 2042 persruasum
1129 1960 1322 2040 Sadducaei,
1349 1960 1470 2026 riudam
1497 1981 1562 2024 esse
1589 1962 1856 2040 resurrectionem,
1888 1962 1951 2026 into
1977 1963 2105 2027 autimas
2219 1978 2243 2009 ¹·

96 2047 162 2111 uisi
189 2048 306 2127 quiin
332 2046 573 2111 admirationem
599 2051 728 2126 raptus,
756 2045 820 2111 Dei
846 2045 957 2110 uirtuti
983 2065 1076 2110 suam
1127 2067 1191 2112 esse
1212 2047 1365 2112 modales
1407 2045 1468 2112 Sed
1489 2067 1527 2111 ne
1548 2067 1640 2128 quern
1660 2048 1775 2112 hereret
1795 2066 1905 2111 crasso
1926 2047 2000 2112 haec
2021 2049 2105 2131 ipno

95 2134 151 2198 dat
171 2133 315 2216 ploriam.
349 2131 423 2196 Hac
441 2132 561 2212 fiducia
582 2132 684 2196 elutus
706 2131 832 2197 Iesaias
854 2131 920 2214 (26,
946 2134 1000 2215 19)
1022 2151 1075 2195 ec·
1126 2135 1243 2211 rautia,
1258 2135 1329 2214 ipso
1346 2138 1481 2198 natmae
1498 2133 1646 2197 instinctu
1664 2133 1818 2197 increduli
1835 2153 1955 2214 semper
1971 2132 2106 2217 effipiem

94 2219 221 2284 ulamau
242 2219 345 2283 uiuent
364 2219 493 2297 mortni,
516 2218 649 2282 cadauer
669 2237 770 2282 meum
791 2221 947 2300 resnrpet;
969 2236 1075 2298 euper-
1126 2220 1365 2284 resurrectionis
1392 2218 1567 2283 hiabueneut
1593 2224 1663 2283 ante
1690 2219 1798 2283 oculos.
1845 2219 2002 2299 Quorsum
2023 2220 2107 2284 enim

91 2305 253 2388 piscimini
273 2309 301 2368 et
323 2305 449 2369 uueau
465 2303 652 2368 lateranus
664 2304 815 2385 pulueris.
850 2302 954 2368 Rebus
971 2304 1075 2383 despe-
1126 2324 1215 2370 socer
1235 2310 1264 2369 ct
1284 2303 1478 2370 inviolabilis
1497 2323 1563 2368 mos
1581 2304 1757 2387 sepeliendi,
1779 2304 1846 2369 nisi
1862 2309 1897 2368 ut
1912 2304 2013 2370 arrha
2030 2309 2107 2370 esset

93 2391 175 2455 rotis
196 2408 261 2455 sese
282 2390 394 2455 attollit
415 2391 458 2455 ad
475 2389 581 2454 Deum
600 2390 682 2454 uitae
703 2394 849 2466 culmum
869 2409 964 2472 penes
984 2407 1076 2470 queue
1126 2412 1222 2456 norae
1241 2392 1347 2455 uitae?
1392 2391 1500 2471 Neque
1521 2391 1660 2472 eecipere
1682 2391 1759 2469 licet,
1782 2410 1820 2455 ec
1840 2409 1944 2455 errore
1964 2389 2019 2456 hoc
2039 2409 2105 2456 csse

93 2478 169 2541 sunt
190 2477 291 2540 exitus
307 2477 427 2554 mortis,
449 2481 484 2539 ut
501 2477 617 2540 duitor
633 2476 669 2540 in
688 2475 815 2540 Psalmo
838 2474 904 2559 (68,
916 2474 982 2625 22.
1018 2472 1075 2538 Iob
1126 2482 1250 2558 natum·
1275 2477 1353 2557 quia
1373 2481 1401 2540 et
1421 2477 1600 2557 sepulturae
1620 2477 1730 2558 relipio
1752 2476 1840 2556 opud
1860 2482 1981 2542 sanctos
1996 2482 2106 2559 patres

94 2563 197 2641 etiam,
219 2562 366 2628 cadaveri
387 2562 524 2627 similior
544 2581 639 2643 qnam
661 2560 795 2638 homini,
816 2560 917 2642 fretus
973 2561 1002 2625 ei
1017 2580 1075 2642 pe
1126 2583 1247 2643 semper
1263 2563 1370 2646 eripuit,
1392 2562 1527 2628 etDens
1545 2563 1631 2643 opud
1644 2566 1746 2646 pentes
1767 2581 1891 2626 manere
1913 2563 2009 2627 uoluit
2030 2581 2104 2627 eun·

94 2649 199 2726 tentia,
221 2669 283 2714 non
299 2647 421 2714 dubitat
441 2649 674 2731 quasi'inteper
695 2648 738 2712 ad
759 2648 842 2712 diem
862 2646 954 2710 illum
975 2666 1008 2709 se
1030 2650 1075 2711 at
1126 2649 1195 2713 dem
1221 2668 1350 2727 morun,
1385 2653 1421 2713 ut
1447 2648 1560 2713 obieeta
1587 2648 1821 2714 resurrectionis
1848 2646 1969 2731 effipies
1994 2669 2105 2712 earum

94 2733 198 2799 tollere
220 2734 304 2818 (Iob.
332 2737 380 2813 19,
405 2732 478 2819 25).·
500 2735 563 2799 scio
584 2734 666 2816 quod
686 2734 860 2812 redemptor
880 2752 968 2796 meus
988 2732 1073 2811 uicit,
1125 2739 1276 2816 torporem
1297 2735 1547 2818 eeperpcfaceret.
1596 2734 1748 2815 Quamuis
1770 2738 1874 2798 autem
1890 2734 2032 2816 maledic
2052 2753 2103 2798 ca·

93 2824 120 2886 et
141 2821 175 2884 in
197 2821 364 2885 nouissimo
386 2820 437 2884 die
458 2825 564 2904 surpet
584 2840 681 2902 super
701 2819 864 2901 puluerem
892 2817 1015 2903 (nempe
1039 2822 1074 2882 ut
1125 2821 1226 2885 ruerit
1246 2822 1440 2885 caeremonia
1460 2821 1531 2898 illa,
1560 2820 1651 2884 utilis
1672 2825 1774 2884 mmm
1795 2819 1884 2884 nobis
1911 2825 1956 2884 est
1976 2820 2006 2883 si
2022 2840 2103 2901 pmc-

26 2966 31 2975 .
94 2925 186 2970 snam
202 2907 374 2988 potentiam
395 2905 463 2970 illic
483 2911 619 2990 exserat)
648 2910 677 2970 et
703 2923 833 2970 mersum
860 2904 1075 2969 circumdabor
1125 2907 1232 2972 denter
1257 2907 1351 2987 tinem
1378 2912 1567 2987 spectamus:
1594 2907 1672 2987 quia
1691 2926 1753 2970 non
1774 2904 1850 2969 levis
1872 2909 1916 2970 cst
1936 2905 2103 2971 increduli-

87 2992 170 3074 pelle
188 3014 265 3071 meo,
288 2994 368 3057 etin
385 2985 477 3056 caru'e
493 3012 563 3057 mea
584 2991 691 3057 uidebo
711 2991 831 3069 Deum,·
850 2991 1074 3055 risimus-sum
1125 2993 1200 3057 tatis
1220 2993 1382 3075 refutatio,
1410 3011 1516 3057 ornrres
1536 2991 1633 3057 simul
1648 2992 1807 3074 professos
1828 2991 1994 3071 essequod
2014 3011 2103 3056 nuno

94 3081 170 3160 ipse,
192 3083 220 3143 ct
240 3099 303 3144 uon
324 3080 420 3144 alius.
466 3077 554 3144 Nam
575 3078 633 3144 etsi
655 3078 785 3160 qnidam
807 3075 957 3140 subtilius
976 3074 1074 3139 detor-
1124 3078 1270 3144 medebm
1303 3077 1406 3161 Atqui
1421 3098 1483 3143 non
1504 3079 1593 3143 modo
1614 3077 1809 3159 obstupefecit
1829 3081 1922 3142 satan
1943 3076 2103 3141 hominum

93 3170 184 3245 quent
212 3165 291 3230 locos
318 3166 410 3243 istos,
439 3183 476 3229 oc
501 3166 533 3229 si
560 3165 598 3229 de
625 3164 847 3229 resurrectione
874 3161 987 3243 erponi
1012 3178 1074 3225 non
1124 3184 1242 3243 sensrcs,
1264 3169 1300 3228 ut
1316 3165 1481 3247 sepelirent
1496 3184 1562 3229 una
1579 3183 1650 3228 mern
1666 3161 1847 3244 corporibus
1866 3162 2104 3228 resurrectionis

94 3248 243 3329 deberent,
266 3251 448 3332 curdnnant
464 3254 567 3315 tamen
584 3250 666 3332 quod
683 3254 812 3314 mertere
832 3248 977 3330 cupnent:
996 3248 1073 3327 qnia
1123 3251 1306 3316 memoriam
1312 3274 1322 3329 ,·
1343 3250 1398 3316 sed
1414 3255 1539 3333 partem
1555 3249 1635 3314 hanc
1655 3249 1813 3315 dodrinae
1829 3248 1932 3313 variis
1946 3247 2103 3331 fipmentis

95 3354 158 3398 non
179 3334 306 3400 aliunde
326 3337 427 3401 sancti
447 3336 512 3400 oui
533 3337 683 3402 solatium
698 3340 808 3417 petiuit
830 3336 865 3398 iu
887 3334 956 3399 suis
977 3333 1073 3398 malis
1124 3355 1320 3419 sumopere
1340 3336 1466 3402 molitus
1486 3341 1539 3414 est,
1561 3340 1597 3401 ut
1611 3336 1736 3401 tandem
1752 3334 1953 3399 intercideret.
1990 3332 2103 3399 Omitto

95 3439 192 3501 quom
213 3440 252 3484 erc
271 3421 507 3487 resurrectionis
527 3421 744 3487 similitudine.
793 3420 880 3502 Quod
900 3419 1013 3484 melius
1034 3438 1073 3484 eu
1124 3422 1206 3505 qnod
1231 3422 1298 3487 iam
1327 3422 1426 3487 Pauli
1453 3427 1586 3506 termam
1614 3442 1683 3486 eam
1709 3420 1874 3486 conodlere
1906 3419 2017 3500 coepit;
2048 3419 2104 3485 sed

95 3508 158 3570 loco
180 3503 354 3573 Ezechielis
376 3507 442 3592 (37,
467 3510 486 3570 8
532 3509 731 3592 capnoseitnr.
778 3506 865 3571 Nam
880 3489 982 3587 quum
998 3525 1074 3588 pro
1119 3508 1220 3591 paulo
1234 3513 1309 3589 post
1329 3510 1452 3591 seqnmi
1473 3514 1547 3574 sunt
1569 3506 1754 3585 Chiliastae,
1769 3505 1794 3590 ¹)
1824 3507 1879 3587 qui
1900 3505 1987 3571 mille
2007 3505 2104 3570 annis

93 3592 274 3656 missionem
294 3593 460 3659 reditusI
499 3596 551 3659 aei
570 3597 757 3676 respuerent,
779 3611 817 3657 ac
835 3591 1005 3671 allicerent,
1026 3591 1075 3655 ni·
1123 3594 1274 3675 finiemut
1296 3592 1416 3660 OErristi
1436 3615 1574 3679 repumn
1614 3594 1665 3659 Ac
1685 3613 1789 3658 eornm
1811 3593 1935 3674 quidem
1955 3611 2104 3657 commuc-

94 3678 158 3743 hilo
174 3679 280 3760 maqis
296 3699 361 3744 esse
373 3679 531 3760 probabile
547 3679 608 3744 sibi
625 3679 748 3760 aperiri
767 3679 853 3743 mam
874 3697 970 3759 qnam
991 3697 1074 3742 mor·
1124 3685 1192 3746 tum
1235 3681 1371 3746 uerilius
1393 3688 1444 3746 est
1464 3702 1564 3764 quum
1585 3687 1623 3744 ut
1644 3679 1839 3744 refutatione
1866 3677 1918 3743 vol
1947 3677 2101 3759 indigeat,

94 3771 164 3829 tuos
185 3765 272 3829 enire
300 3785 316 3830 e
342 3766 496 3846 sepulcro,
522 3766 603 3831 risio
624 3765 795 3848 prophetae
822 3765 949 3845 offertur
968 3762 1074 3844 campi
1118 3765 1178 3832 ,vel
1223 3768 1338 3850 ignum
1360 3768 1411 3833 sit.
1448 3767 1514 3832 Nec
1529 3767 1597 3831 illis
1613 3767 1810 3849 suffrapatru
1825 3762 2042 3844 Apocalypsis,
2064 3781 2103 3826 en

22 3898 29 3907 ,
88 3851 180 3932 pleni
208 3851 329 3915 ossibus
356 3852 476 3933 aridis,·
502 3872 540 3917 ea
559 3851 643 3917 iubet
663 3851 753 3916 Dens
773 3869 899 3916 carnem
920 3854 947 3914 et
966 3867 1074 3913 nervos
1125 3873 1190 3934 qua
1218 3854 1260 3938 (c.
1286 3857 1341 3933 20,
1365 3852 1400 3938 4)
1428 3854 1530 3918 errori
1556 3873 1614 3916 suo
1641 3853 1770 3916 colorem
1796 3847 1962 3913 induxisse
1988 3851 2103 3911 certum

95 4109 298 4175 surrectione:
319 4111 414 4174 sicuti
434 4109 523 4174 66666
538 4110 746 4192 praecqmmn
767 4112 811 4174 cst
828 4108 986 4190 eaunptar
1002 4107 1074 4172 libe
1125 4112 1294 4177 talionibus
1321 4131 1401 4194 quae
1429 4110 1587 4175 ecclesiam
1615 4106 1716 4173 adbuc
1743 4107 1779 4170 in
1799 4105 1892 4171 terris
1914 4106 2103 4171 labmardem

95 4196 255 4260 rationum
272 4197 411 4261 munium
433 4215 515 4277 quas
535 4196 671 4260 sentiunt
689 4195 795 4276 fideles
816 4195 852 4258 in
872 4194 928 4259 hoc
948 4193 1072 4259 mundo·
1124 4198 1298 4264 manebant.
1355 4195 1518 4261 Caeterum
1556 4200 1625 4258 totu
1656 4193 1819 4277 scriptura
1851 4191 1971 4256 clamat
2001 4193 2101 4256 finem

97 4279 150 4344 Sic
173 4278 328 4361 eurtum,
345 4286 515 4365 postquam
536 4300 637 4346 occurs
656 4279 808 4364 eoanpelii
829 4279 987 4353 oioihcam
1008 4299 1073 4345 esse
1124 4284 1255 4348 nullum
1281 4284 1350 4348 fore
1377 4281 1556 4347 electorum
1583 4277 1779 4345 beatitudini
1807 4297 1866 4342 nec
1888 4277 2102 4361 reproborum

93 4366 210 4446 dmuit,
237 4367 396 4450 quiahoc
422 4387 484 4432 nou
509 4366 697 4447 recipiebant
725 4365 854 4444 Iudaei,
883 4386 956 4430 moa
984 4364 1074 4430 addit
1125 4370 1293 4453 supplicio.
1330 4368 1480 4434 Omnium
1495 4388 1592 4451 porro
1609 4387 1721 4431 rerum
1740 4384 1822 4448 quse
1839 4372 1874 4429 66
1891 4369 2102 4446 conspectum

94 4451 223 4534 (16666.
248 4459 276 4533 5,
301 4453 374 4540 28).·
400 4454 494 4519 nolite
515 4453 634 4518 mirari
655 4452 717 4531 hoc,
738 4453 815 4532 qnia
835 4452 918 4516 uenit
938 4451 1016 4516 hora
1037 4452 1073 4516 in
1124 4462 1277 4522 nostrum
1298 4455 1440 4540 fugiunt,
1463 4461 1497 4520 ct
1517 4454 1638 4519 mentis
1660 4459 1794 4534 captum
1816 4450 1913 4598 longe
1934 4453 2100 4531 superant,

93 4558 156 4617 quo
183 4559 287 4605 ornnes
313 4541 369 4622 qui
397 4545 470 4606 sunt
496 4541 533 4606 iu
559 4537 778 4616 monumentis,
813 4538 942 4602 audient
972 4555 1073 4601 comm
1124 4548 1183 4606 666
1208 4541 1289 4608 fides
1316 4564 1358 4607 ex
1387 4541 1489 4608 66666
1511 4539 1577 4606 Dei
1603 4539 1743 4605 oraculis
1772 4543 1869 4620 poten
1893 4555 1913 4599 6
1945 4540 2009 4611 666,
2044 4539 2102 4597 666

90 4623 155 4703 filii
177 4624 241 4690 Dei
262 4627 485 4708 etprodibnnt.
530 4625 617 4709 Erpa
643 4622 780 4704 euernplo
804 4622 903 4687 Perdi
929 4623 963 4706 (2
987 4623 1070 4687 Tim.
1146 4649 1258 4695 corsus
1280 4626 1469 4694 abiicienda.
1504 4625 1571 4708 Qui
1592 4626 1683 4691 mille
1705 4644 1808 4688 annos
1831 4620 2003 4703 assignant
2024 4618 2101 4685 filiis

91 4713 122 4788 4,
143 4709 178 4793 8)
201 4710 348 4778 alacriter
364 4715 432 4778 iam
448 4712 675 4796 triumphemus
695 4711 777 4775 inter
797 4709 920 4773 medias
934 4728 1072 4792 pnpnas,
1158 4715 1204 4794 ei,
1232 4714 1273 4778 ad
1299 4715 1428 4779 6666666
1441 4713 1537 4777 ‘vitus
1558 4711 1795 4778 haereditatem
1817 4705 2004 4784 fluendum,
2034 4725 2102 4769 non

92 4796 174 4875 qnod
185 4803 296 4878 potens
312 4800 363 4880 sit,
384 4801 440 4883 qui
460 4800 550 4866 nobis
560 4796 709 4882 promisit
724 4795 868 4877 suturam
884 4794 989 4874 vitam,
1011 4814 1073 4859 ser·
1124 4800 1393 4866 animadvertunt
1431 4804 1588 4882 quantum
1627 4796 1858 4864 contumeliam
1897 4792 2033 4856 inurant
2068 4796 2102 4854 66

92 4900 169 4946 rare
190 4883 379 4967 depositum·
400 4891 491 4968 atque
506 4888 553 4952 ita
567 4885 739 4970 ploriemnr
753 4881 923 4963 repositam
939 4899 1005 4946 esse
1019 4900 1073 4946 uo
1124 4885 1258 4952 Christo
1286 4894 1319 4952 66
1345 4886 1416 4951 cius
1443 4904 1553 4968 regno.
1598 4883 1685 4948 Num
1712 4882 1741 4946 si
1769 4878 2013 4945 mortalitate
2035 4897 2101 4941 non

92 4967 142 5032 bis
163 4987 306 5034 ooromm
327 4972 593 5055 instituentem
612 4969 720 5036 reddat
739 4968 828 5034 nobis
844 4967 949 5032 iustus
967 4966 1073 5032 tndem
1123 4971 1312 5052 induentur,
1335 4993 1413 5056 ergo
1430 4991 1491 5035 666
1508 4967 1662 5036 Christus
1683 4969 1762 5051 ipse,
1785 4966 1827 5032 ud
1848 4965 1941 5032 cuius
1963 4964 2101 5048 gloriam

94 5053 149 5119 su
168 5054 221 5137 tiet
241 5062 277 5122 nt
298 5059 454 5140 quidquid
475 5059 687 5124 unlestiarum
702 5055 912 5139 perpetimur,
940 5053 1072 5118 ostensio
1205 5089 1207 5092 ·

90 5141 180 5210 nobis
213 5144 256 5209 sit
284 5144 411 5225 frtruae
442 5146 539 5225 uitae,
572 5146 648 5228 qnia
675 5142 741 5209 Dei
771 5147 905 5207 naturae
936 5139 1073 5203 conuenit
1123 5148 1261 5155 “’·”

90 5229 258 5311 rependere
280 5231 479 5311 afflictionem
498 5232 610 5314 irnpiis
629 5229 686 5314 qui
707 5249 765 5295 nos
792 5229 955 5311 asstipunt,
983 5223 1072 5290 nobis
1193 5246 1222 5312 1)
1245 5245 1285 5314 ey,
1307 5246 1375 5314 Cap.
1399 5245 1485 5300 VIII.
1507 5245 1530 5312 ς.
1548 5243 1601 5297 224
1618 5243 1680 5298 earu
1696 5241 1820 5312 pauco.
