4672 5842
208 311 273 373 833
551 310 640 375 LIB.
664 311 724 376 lv.
769 311 833 377 DE
856 307 1093 378 EX'PERNIS
1116 302 1282 379 atauus
1305 310 1627 380 tnesaurum
1672 311 1771 377 CAP.
1797 312 1875 377 VII.
2156 322 2222 384 836

208 499 274 582 git,
296 518 410 563 omnes
432 498 612 564 secundum
632 501 792 565 rationem
815 500 1013 566 humilitatis
1038 503 1189 587 aequales
1330 505 1377 565 14.
1423 502 1593 585 Litigabat
1613 520 1651 565 eo
1673 507 1819 584 tempore
1841 499 1880 564 de
1903 503 2048 583 primatu
2068 514 2222 571 constan·

208 591 295 649 sunt
336 583 465 649 Tribuit
486 586 547 650 sibi
564 587 616 650 ius
638 584 824 670 corrigendi
843 607 899 651 eos
919 588 976 669 qui
997 598 1188 670 peccarunt;
1241 586 1477 671 tinopolitanus
1499 587 1669 670 episcopus
1691 607 1766 652 eum
1784 607 1928 666 remano,
1951 589 2074 653 utiam
2096 589 2221 656 dictum

209 671 374 736 siomncs
395 671 521 735 faciunt
542 672 694 751 officium,
718 672 791 737 aliis
813 693 848 737 se
869 693 983 754 parem
1004 673 1091 739 facit
1125 677 1189 740 At-
1241 683 1299 737 est
1342 673 1522 755 Postquam
1548 674 1636 737 enim
1663 673 1792 754 imperii
1820 669 1913 737 sedes
1934 673 2222 759 Constantinopoli

210 777 274 839 que
302 758 372 838 ipse
400 755 531 840 quidem
558 756 590 820 id
612 758 694 822 iuris
717 757 780 823 sibi
805 758 936 838 tribuit3
966 762 1189 827 assentieban-
1240 761 1372 824 firmata
1391 760 1468 837 fuit,
1497 756 1531 821 id
1552 758 1719 850 postulare
1741 758 1812 822 visa
1834 767 1884 822 est
1906 759 2034 843 imperii
2057 761 2221 841 maiestas,

209 851 267 906 tur
299 850 410 907 autem
443 845 498 926 qui
525 843 693 909 volebant:
719 845 801 908 *aliis
833 852 953 921 autem,
976 844 1092 928 quibus
1121 868 1189 913 non
1242 854 1280 909 ut
1301 846 1438 911 ecclesia
1459 865 1587 927 quoque
1609 844 1666 907 illa
1687 842 1866 909 secundum
1889 864 1909 907 a
1930 866 2066 911 romana
2087 847 2223 914 honoris

208 928 373 1011 placebat,
408 927 526 994 licebat
552 931 688 1012 impune
716 931 903 997 reclamare.
950 930 1047 1011 Quod
1075 935 1189 999 fecisse
1240 932 1349 997 locum
1370 931 1514 996 haberet
1547 931 1594 994 Et
1614 937 1703 995 certe
1724 929 1818 993 initio
1839 929 1924 993 nihil
1945 933 2050 1014 magis
2073 933 2226 998 valuerat

210 1016 310 1079 etiam
341 1016 512 1098 plerosque
543 1024 660 1080 notum
692 1028 750 1081 est
804 1015 899 1081 Adde
932 1017 1016 1100 quod
1049 1019 1116 1085 illic
1150 1020 1190 1085 de
1242 1017 1284 1082 ad
1312 1018 1491 1101 primatum
1517 1016 1642 1081 Romae
1670 1015 1898 1093 deferendum,
1931 1018 1993 1081 nisi
2023 1018 2110 1100 quod
2142 1026 2222 1085 tunc

209 1101 350 1183 primate
372 1101 558 1184 bysanceno
579 1103 724 1184 loquitur
730 1126 738 1182 ;
765 1100 828 1184 qui‘
843 1125 945 1185 quum
966 1112 1053 1169 esset
1074 1127 1094 1170 a
1114 1128 1190 1189 pro-
1241 1103 1309 1170 illie
1330 1109 1402 1168 erat
1422 1102 1552 1186 imperii
1578 1108 1685 1183 caput.
1729 1101 1851 1165 Exstat
1873 1102 1960 1184 apud
1983 1103 2183 1168 Gratianum
2195 1105 2221 1188 ¹)

209 1187 344 1251 vinciali
365 1186 490 1271 synodo
510 1186 701 1264 damnatus,
725 1188 955 1271 repudiaverat
977 1199 1083 1254 totum
1104 1191 1190 1256 iudi·
1241 1191 1436 1272 rescriptum
1458 1189 1518 1253 sub
1540 1189 1674 1253 nomine
1695 1188 1816 1252 Lucini
1839 1207 1951 1269 papae,
1976 1188 2032 1253 ubi
2054 1188 2135 1256 dicit
2154 1211 2221 1255 non

210 1273 305 1337 oium.
350 1273 447 1338 Hane
470 1273 612 1338 hominis
633 1277 873 1340 contumaciam
895 1275 937 1339 ad
958 1277 1190 1358 imperatorem
1242 1276 1338 1341 aliter
1359 1297 1430 1340 esse
1453 1273 1622 1340 distinctas
1643 1273 1751 1349 urbes,
1775 1272 1832 1337 ubi
1849 1274 2077 1356 metropolitae
2099 1284 2133 1340 et
2153 1276 2223 1360 pri·

210 1358 396 1423 detulerant
416 1361 486 1424 eius
502 1359 656 1443 collegae.
686 1360 871 1443 Imperator
889 1362 1089 1446 Gregorium
1113 1385 1189 1448 cog·
1242 1371 1347 1426 metes
1376 1360 1563 1444 praesidere
1591 1359 1744 1435 debeant,
1773 1381 1872 1441 quam
1899 1381 1940 1423 ex
1969 1362 2094 1425 ratione
2116 1362 2223 1426 civilis

209 1446 352 1509 nitorem
372 1466 444 1510 esse
465 1445 621 1510 voluerat.
656 1445 815 1512 Videmus
838 1470 916 1532 ergo
938 1470 1015 1513 eum
1036 1472 1096 1516 neo
1117 1458 1190 1519 ten·
1242 1448 1496 1532 gubernationis,
1520 1466 1603 1528 quae
1624 1454 1700 1509 ante
1721 1444 1837 1509 fuerat
1882 1445 2035 1510 Alterum
2058 1449 2157 1512 etiam
2178 1449 2222 1513 si-

210 1539 282 1594 tare
310 1529 447 1612 aliquid,
476 1552 541 1615 quo
568 1532 668 1597 violet
696 1533 896 1598 ordinariam
917 1535 1188 1615 iurisdictionem,
1240 1536 1318 1598 mile
1340 1535 1402 1599 sub
1425 1534 1558 1597 nomine
1581 1530 1760 1596 Clementis
1780 1550 1898 1612 pupae,
1925 1532 1979 1595 ubi
2002 1531 2094 1597 dicit:
2125 1534 2161 1597 in
2181 1535 2222 1600 iis

209 1625 244 1680 et
270 1616 305 1680 id
333 1618 442 1699 ipsum
470 1617 556 1699 quod
584 1619 674 1695 facit,
709 1629 747 1682 ut
769 1620 841 1684 aliis
863 1621 905 1684 sit
933 1622 1093 1700 subsidio,
1123 1644 1189 1689 non
1241 1620 1377 1685 urbibus
1398 1641 1483 1702 quac
1500 1618 1579 1683 olim
1595 1618 1719 1700 primos
1736 1618 1887 1681 flamines
1905 1617 2098 1696 habuerant,
2121 1620 2222 1685 furisse

209 1704 274 1768 nisi
296 1701 452 1768 mandato
474 1705 679 1785 imperatoris
700 1705 816 1771 faeere.
1241 1708 1433 1772 constitutos
1461 1703 1673 1788 patriarchas.
1725 1701 1823 1782 Quod
1850 1704 1981 1768 tametsi
2010 1725 2135 1768 vanum
2163 1715 2222 1782 est,

299 1793 347 1852 13.
398 1789 492 1855 Haeo
517 1790 619 1873 igitur
647 1800 728 1855 tune
754 1800 824 1857 tota
852 1793 915 1857 fuit
948 1796 1075 1858 romani
1103 1795 1189 1877 epis-
1241 1801 1352 1856 tamen
1385 1814 1426 1857 cx
1448 1811 1527 1857 vero
1560 1798 1611 1854 est
1637 1797 1813 1872 sumptum.
1865 1788 2002 1854 Constat
2024 1790 2130 1868 enim,
2157 1811 2223 1872 quo

209 1876 282 1956 copi
303 1883 461 1957 potestas,
491 1896 654 1959 opponere
684 1899 719 1942 se
745 1880 937 1961 praefractis
960 1891 993 1944 et
1021 1879 1189 1947 indomitis
1240 1879 1416 1942 minimum
1446 1879 1540 1941 fieret
1570 1876 1778 1952 mutationis,
1813 1895 1871 1955 pro
1904 1882 1994 1939 statu
2027 1897 2139 1940 rerum
2166 1878 2224 1958 qui

210 1960 384 2043 capitibus,
418 1961 475 2025 ubi
502 1963 760 2028 exaaordinario
789 1964 897 2047 aliquo
930 1964 1074 2031 remedio
1107 1989 1189 2049 opus
1241 1970 1321 2028 tuno
1340 1972 1419 2040 erat,
1449 1962 1640 2027 distributas
1662 1962 1762 2026 fuisse
1784 1961 1977 2042 provincias,
2001 1962 2220 2044 primatesqne

209 2052 294 2110 erat:
318 2045 416 2129 idque
436 2052 475 2110 ut
496 2047 666 2112 adiuvaret
687 2050 767 2115 alios
789 2052 970 2133 episcopos,
999 2073 1065 2116 non
1087 2054 1190 2136 impe-
1241 2057 1275 2115 et
1296 2050 1520 2132 metropolitas
1543 2051 1578 2112 in
1598 2049 1639 2111 iis
1660 2047 1796 2112 urbibus
1818 2045 1990 2112 collocatos
2012 2068 2095 2130 quae
2117 2047 2220 2112 hono·

210 2133 302 2197 diret.
346 2132 463 2215 Itaque
491 2133 595 2198 nihilo
623 2136 685 2200 sibi
706 2136 780 2218 plus
807 2138 843 2199 in
866 2136 945 2202 alios
969 2139 1070 2202 sumit
1091 2161 1189 2221 quam
1240 2136 1332 2200 ribus
1354 2145 1388 2201 et
1409 2142 1568 2219 potestate
1590 2134 1732 2215 reliquas
1760 2130 2002 2197 antecedebant
2047 2133 2162 2215 Itaque
2185 2135 2222 2198 in

209 2218 360 2283 omnibus
387 2220 423 2283 in
450 2240 485 2284 se
512 2220 589 2284 alibi
611 2222 773 2300 concedit,
802 2243 904 2302 quum
931 2224 1052 2288 fatetur
1074 2247 1110 2289 se
1131 2247 1189 2308 pa·
1242 2222 1376 2287 coneilio
1403 2222 1587 2287 taurinensi
1609 2219 1776 2284 decretum
1803 2218 1881 2295 fuit,
1906 2225 1943 2282 ut
1971 2239 2053 2301 quae
2075 2219 2223 2285 incivili

209 2313 318 2369 ratum
353 2304 394 2369 ab
427 2306 577 2371 omnibus
604 2307 738 2392 corrigi,
767 2309 808 2373 ab
831 2304 983 2375 omnibus
1010 2312 1188 2377 emendari.
1241 2309 1480 2392 gubernatione
1506 2308 1633 2390 primae
1654 2306 1752 2370 urbes
1775 2310 1885 2368 essent
1907 2305 2064 2387 cuiusque
2087 2307 2223 2387 provin·

209 2388 266 2456 Sic
290 2391 368 2454 alibi
395 2391 626 2473 aquileiensem
645 2395 832 2476 episcopum
854 2394 945 2459 iubet
965 2395 1099 2477 quidem
1120 2399 1189 2462 Rc-
1241 2395 1324 2473 ciae,
1357 2395 1483 2479 primae
1517 2400 1626 2459 essent
1654 2392 1881 2474 episcoporum
1909 2391 2011 2455 sedes.
2064 2389 2163 2470 Quod
2193 2392 2221 2456 si

170 2476 173 2482 ‘
209 2496 299 2540 mam
320 2478 448 2555 venire,
482 2477 525 2541 ad
551 2499 683 2543 causam
713 2480 884 2545 dicendam
911 2482 947 2544 in
969 2485 1190 2549 controversia
1241 2481 1399 2546 honorem
1426 2480 1532 2546 civilis
1559 2478 1730 2561 regiminis
1752 2497 1793 2539 ex
1823 2496 1888 2540 una
1915 2476 1995 2540 urbe
2023 2477 2057 2539 in
2084 2476 2221 2541 alteram
2271 2484 2283 2490 ’

210 2562 390 2644 fideiquae
412 2565 628 2646 interipsum
650 2566 785 2631 etalios
809 2576 1028 2631 exortaerat:
1053 2590 1119 2632 non
1137 2577 1188 2634 ta-
1240 2568 1412 2633 transferri
1433 2565 1636 2649 contigisset,
1671 2578 1708 2627 ut
1729 2563 1779 2626 ius
1809 2562 2025 2643 metropoleos
2047 2584 2115 2625 una
2144 2562 2223 2628 illut

210 2669 287 2713 men
309 2670 351 2713 ex
373 2669 434 2713 sua
454 2657 616 2732 potestate
637 2651 743 2728 iubet,
773 2651 830 2717 sed
851 2654 929 2735 quia
951 2653 986 2717 id
1008 2656 1188 2737 imperator
1240 2655 1482 2720 transferretur.
1523 2649 1740 2716 ‘Innocentius
1767 2669 1845 2713 vero
1875 2668 2032 2712 romanus
2066 2649 2222 2728 pontifex,

208 2732 432 2800 mandaverat
477 2736 593 2821 Neque
615 2757 651 2802 se
679 2738 785 2803 solum
807 2738 949 2804 iudicem
969 2741 1038 2804 fore
1060 2740 1188 2806 denun-
1240 2762 1342 2824 quum
1364 2740 1531 2822 antiquam
1552 2737 1643 2802 urbis
1665 2734 1860 2819 dignitatem
1881 2732 2080 2799 obsolescere
2096 2732 2225 2799 rideret

208 2823 284 2898 tiat,
311 2820 370 2887 sed
399 2820 561 2906 synodum
590 2844 625 2888 se
652 2833 841 2889 coacturum
867 2826 1043 2907 promittit,
1076 2847 1096 2891 a
1124 2848 1189 2911 qua
1240 2850 1283 2892 ex
1300 2848 1364 2910 quo
1382 2824 1475 2892 sedes
1492 2824 1622 2906 imperii
1633 2819 1951 2903 Constantinopolim
1969 2819 2131 2917 translata
2143 2828 2223 2898 erat,

208 2909 377 2989 negotium
398 2915 504 2972 tetum
524 2909 694 2975 iudicetur.
727 2909 925 2993 Quanquam
947 2921 1058 2977 autem
1075 2934 1114 2977 ea
1131 2913 1189 2978 ad·
1241 2914 1311 2978 sedi
1344 2933 1422 2977 suae
1448 2918 1612 2988 metuens,
1647 2907 1846 2974 contrariam
1872 2906 1980 2989 legem
2005 2905 2158 2986 sanavit,
2187 2906 2224 2970 in

209 2994 276 3055 hue
297 3000 369 3056 erat
389 2993 577 3074 moderatio,
599 3006 638 3060 ut
658 3018 734 3062 suos
755 3003 862 3062 certos
879 2999 962 3062 fines
979 2997 1116 3065 haberet
1132 3021 1189 3082 po·
1241 3020 1306 3084 qua
1327 3004 1427 3082 negat
1442 3017 1575 3063 necesse
1592 3017 1663 3061 esse
1681 2994 1877 3076 metropoles
1898 2991 2133 3058 ecclesiasticas
2149 3012 2224 3056 mu·

210 3085 313 3141 testas
334 3098 489 3145 romanae
510 3081 605 3159 sedis,
629 3103 710 3164 quos
728 3082 886 3149 excedere
908 3105 975 3149 non
993 3085 1116 3164 liceret,
1140 3093 1189 3150 at·
1241 3086 1307 3151 tari
1326 3092 1426 3169 prout
1452 3082 1681 3165 imperatoriae
1709 3079 1907 3162 metropoles
1929 3082 2111 3142 mutantur.
2155 3077 2224 3142 Ve-

211 3183 276 3245 que
302 3163 372 3245 ipse
399 3186 556 3232 romanus
585 3169 757 3253 epiecopus
790 3191 857 3235 non
886 3173 993 3255 magis
1025 3179 1190 3255 praeesset
1241 3193 1317 3236 rum
1338 3172 1455 3235 merito
1478 3167 1594 3255 synodi
1616 3166 1773 3233 autoritas
1794 3167 1893 3229 unius
1922 3163 2067 3228 hominis
2090 3169 2224 3228 senten-

212 3248 293 3325 aliis,
307 3269 405 3330 quam
424 3250 585 3333 subesset;
603 3262 740 3337 apparet
756 3262 870 3321 tamen
886 3266 1085 3341 quantopere
1104 3258 1190 3324 Gre·
1241 3259 1309 3323 tiae
1339 3254 1553 3341 praeferenda
1585 3261 1644 3320 est.
1696 3253 1784 3316 Tum
1821 3256 1992 3333 suspectus
2023 3269 2095 3314 esse
2128 3249 2224 3315 nobis

211 3334 303 3416 gorio
337 3334 540 3417 displicuerit
573 3341 734 3406 eiusmodi
772 3349 892 3425 status3
930 3343 1069 3410 subinde
1101 3346 1190 3410 enim
1243 3344 1339 3411 debet
1360 3343 1573 3409 Innocentius
1593 3341 1664 3424 ipse
1684 3339 1721 3402 in
1744 3337 1875 3421 propria
1897 3356 2002 3426 capsa
2046 3335 2225 3417 Utcunque

158 3428 168 3438 ‘
212 3421 430 3501 conqueritur,
445 3423 471 3505 ¹)
498 3446 532 3488 se
561 3426 621 3491 sub
650 3427 756 3492 colore
784 3429 990 3512 episcopatus
1012 3431 1054 3496 ad
1076 3453 1190 3497 saecu·
1242 3433 1294 3511 sit,
1317 3452 1378 3495 sua
1398 3436 1510 3494 tamen
1532 3427 1681 3492 cautione
1704 3423 1856 3502 ostendit,
1880 3422 1922 3488 ab
1943 3422 2035 3485 initio
2058 3423 2105 3486 sic
2122 3421 2224 3486 fuisse
2303 3466 2306 3471 -

213 3505 283 3568 lum
309 3506 409 3570 fuisso
430 3507 618 3589 reductum,
648 3534 748 3595 seque
768 3516 875 3599 magis
902 3516 1097 3600 implicitum
1119 3538 1189 3582 esse
1242 3524 1484 3599 comparatum,
1512 3521 1550 3579 ut
1582 3510 1760 3578 secundum
1783 3516 1957 3575 externum
1984 3508 2115 3588 imperii
2136 3507 2224 3572 ordi·
2330 3512 2333 3517 '

212 3591 301 3654 curis
312 3594 458 3674 terrenis,
478 3617 575 3677 quam
587 3599 622 3662 in
635 3600 704 3664 vita
714 3600 797 3665 laica
809 3622 956 3683 unquam
968 3605 1151 3682 serviisset;
1161 3603 1190 3687 α)
1243 3625 1318 3668 nem
1340 3600 1535 3684 metropoles
1558 3599 1817 3682 disponerentur.

210 3677 318 3759 premi
340 3698 374 3742 se
396 3680 432 3742 in
452 3680 508 3745 illo
537 3681 661 3749 bonore
688 3686 832 3751 tumultu
853 3687 1070 3753 saecularium
1091 3711 1191 3772 nego-
1333 3693 1380 3752 15.
1425 3688 1479 3752 Ex
1511 3687 1574 3750 hoe
1601 3685 1706 3750 veteri
1733 3683 1887 3765 infitifflw,
1912 3681 2075 3745 mltum
2106 3688 2156 3741 θεῖ
2175 3679 2224 3774 ‚5¹¹

210 3764 340 3827 tiorum.
391 3765 495 3849 Alibi:
509 3770 539 3852 ⁸)
571 3778 664 3835 tanta
692 3793 759 3851 me,
792 3775 913 3856 inquit,
942 3775 1191 3857 occupationum
1243 3774 1368 3862 synodo
1390 3770 1746 3854 constantinopolitana
1768 3769 1889 3851 prima.
1914 3774 1951 3829 ut
1972 3764 2114 3829 Oivllailss
2135 3761 2224 3825 illm

211 3869 314 3914 onera
337 3849 540 3933 deprimunt,
562 3863 601 3920 ut
623 3856 664 3921 ad
686 3879 828 3941 superna
850 3862 981 3927 animus
1002 3861 1191 3926 nullatenus
1243 3860 1413 3945 episeopus
1435 3859 1568 3924 honoris
1595 3856 1769 3941 privilegia
1791 3851 1925 3916 haberet
1954 3857 2028 3931 post
2050 3867 2224 3944 romanum

211 3937 373 4019 erigatur3
395 3938 509 4003 multis
531 3961 703 4006 causarum
725 3945 876 4012 fluctibus
898 3949 1036 4030 quatior,
1062 3955 1192 4031 etpost
1243 3948 1440 4032 pontificem,
1453 3966 1491 4011 eo
1508 3944 1594 4026 quod
1614 3949 1700 4007 esset
1716 3960 1802 4004 nova
1819 3938 1934 4001 Roma.
1944 3935 1972 4015 ²)
2003 3936 2104 4014 Atqm
2126 3932 2224 4018 longo

212 4021 271 4086 illa
297 4023 416 4105 quietis
449 4025 530 4102 otia,
564 4029 788 4096 tumultuosae
818 4034 906 4098 vitae
939 4034 1190 4117 tempestatibus
1242 4042 1317 4117 post
1335 4042 1490 4118 ternpore,
1510 4050 1611 4112 quum
1629 4027 1735 4090 simile
1753 4024 1920 4088 decretum
1932 4019 2141 4084 Chalcedone
2159 4020 2224 4119 fae·

213 4108 349 4192 affligor,
369 4110 419 4177 ita
440 4118 478 4174 ut
498 4120 586 4178 recte
607 4112 723 4189 dicam,
745 4120 821 4182 veni
843 4120 879 4182 in
896 4120 1103 4186 altitudinem
1119 4141 1191 4185 ma-
1242 4130 1316 4184 tum
1338 4127 1437 4197 esset,
1462 4118 1531 4182 Leo
1553 4114 1672 4178 acriter
1694 4108 1893 4176 reclamavit.
1946 4106 2016 4170 Nec
2041 4105 2138 4204 ruodo
2162 4105 2224 4170 sibi

213 4196 274 4266 ris.
304 4201 339 4260 et
364 4198 542 4279 tenpestas
570 4198 726 4265 demersit
752 4224 813 4268 me.
859 4205 948 4272 Hinc
975 4207 1090 4291 collige
1113 4205 1190 4289 quid
1242 4206 1393 4289 permisit
1418 4224 1478 4287 pro
1504 4200 1609 4265 nihilO
1644 4198 1761 4262 duoffl‘ss
1790 4193 1877 4277 ‘lUOd
1904 4199 2048 4258 ⁸0¹⁰⁰¹1ffl
2080 4194 2223 4290 0P¹⁸9⁰l¹i

213 4278 360 4346 dicturus
380 4281 480 4347 fuerit
506 4286 533 4348 si
560 4286 595 4349 in
616 4285 697 4352 haee
724 4295 872 4372 tempora
891 4292 1066 4358 incidisset.
1108 4292 1191 4358 Offi-
1245 4301 1303 4357 eut
1323 4310 1423 4374 supra
1443 4289 1670 4364 decreverant;
1694 4282 1752 4348 sod
1775 4279 1930 4366 gravibus
1952 4279 2052 4342 etiam
2069 4296 2224 4374 conruens

213 4366 300 4430 cium
321 4370 461 4448 pastoris
484 4371 511 4434 si
534 4392 600 4436 non
622 4371 790 4455 explebat,
817 4375 956 4441 faciebat
975 4386 1094 4444 tamen
1138 4379 1191 4444 Ab
1245 4399 1300 4443 eos
1321 4375 1512 4460 exagitavit,
1534 4369 1620 4454 quod
1644 4371 1716 4435 aliis
1734 4366 1865 4433 sedibus
1884 4364 2096 4461 derogassent
2113 4361 2147 4425 id
2165 4361 2225 4427 ho·

212 4451 342 4533 imperii
369 4455 475 4520 civilis
506 4458 742 4539 gubernatione
770 4457 969 4612 abstinepat,
996 4486 1034 4532 ac
1061 4487 1097 4530 se
1125 4486 1193 4530 una
1244 4466 1335 4530 noris
1360 4462 1447 4546 quod
1475 4462 1511 4524 in
1538 4454 1924 4538 constantinopolitanam
1952 4450 2121 4546 ecclesiam
2148 4469 2225 4546 con·

212 4557 288 4600 cum
310 4538 383 4604 aliis
404 4540 567 4607 fatebatur
588 4546 778 4627 imperatori
795 4545 903 4614 subice
919 4571 984 4617 um.
1018 4552 1060 4615 In
1078 4572 1192 4617 curam
1245 4553 1330 4615 ferre
1353 4550 1424 4614 ausi
1446 4554 1562 4613 essent.
1597 4543 1752 4622 Obsecr0,
1776 4540 1855 4624 quid
1877 4537 1966 4603 aliud
1988 4536 2154 4599 hommem
2172 4556 2224 4597 rn-

212 4621 352 4687 aliarum
380 4627 590 4694 ecclesiarum
617 4652 684 4695 non
712 4654 747 4697 se
769 4633 940 4715 ingerebat
965 4638 1029 4702 nisi
1051 4638 1192 4703 necessi-
1244 4638 1346 4703 citare
1373 4635 1480 4717 potuit
1505 4632 1547 4698 ad
1570 4628 1768 4695 turbandum
1795 4628 1908 4692 orbem
1936 4643 1995 4706 1)Γο
2022 4642 2058 4684 Υθ
2085 4618 2224 4697 mmm»

213 4713 281 4772 tate
311 4720 448 4779 coactus.
492 4716 540 4779 Et
567 4724 678 4781 tamen
703 4717 765 4782 sibi
787 4717 823 4782 in
850 4718 1041 4803 labyrintho
1062 4723 1193 4788 videtur
1243 4724 1309 4788 nisi
1336 4743 1427 4785 mera
1459 4717 1617 4792 ambitio?
1666 4716 1726 4780 Ait
1756 4712 1944 4779 inviolabile
1969 4728 2041 4773 esse
2075 4713 2226 4787 oportere

212 4812 310 4891 ⁰⁸⁸&
327 4798 402 4876 ‘luia
428 4801 618 4883 simpliciter
651 4805 792 4888 episcopi
827 4806 935 4871 officio
962 4813 1049 4872 totus
1076 4829 1193 4874 vacare
1245 4808 1331 4892 quod
1358 4807 1459 4873 semel
1486 4803 1626 4871 sancivit
1650 4803 1787 4866 nicaena
1814 4795 1967 4882 synodus.
2020 4791 2126 4891 Quasi
2146 4812 2225 4892 vero

211 4887 337 4961 ¹¹⁰q¹¹¹t³
495 4920 497 4925 '
1245 4894 1448 4978 periclitetur
1478 4891 1561 4957 fides
1593 4889 1773 4953 christiana
1806 4886 1834 4951 si
1871 4905 1938 4948 una
1966 4879 2102 4947 ecelesia
2129 4877 2225 4944 alten

237 5104 312 5184 Ηι)
335 5106 503 5175 rusorum,
528 5128 543 5163 a
564 5153 569 5163 .
588 5112 612 5165 a.
633 5115 678 5167 ιιι.
699 5100 721 5168 ι’.
809 5118 839 5185 a)
860 5117 906 5171 sa
923 5118 1000 5186 ozam,-
1024 5118 1099 5174 1559.
1127 5119 1193 5173 recl
1733 5180 1734 5183 y
1922 5176 1927 5186 ,
2020 5172 2025 5181 ,
2129 5173 2135 5183 ,

212 5179 308 5226 aurore
331 5175 471 5255 seruisset,
497 5195 535 5231 un
561 5220 568 5231 ,
591 5197 657 5236 rece.
680 5184 781 5239 fuisset.
804 5236 808 5241 .
863 5186 892 5254 3)
911 5186 1037 5241 Anactes.
1067 5190 1192 5245 antioch,
1219 5158 1238 5279 l
1317 5187 1431 5308 lpliist.
1450 5182 1492 5235 80.
1518 5182 1658 5263 e3Urbca
1730 5178 1761 5244 2)
1778 5179 1881 5258 Socrat
1900 5177 1963 5228 hist.
1990 5169 2220 5238 apparatibus.

213 5257 255 5310 ep.
275 5240 298 5295 7.
317 5241 360 5296 25.
379 5245 425 5298 hb.
445 5245 469 5296 1.
1247 5275 1306 5326 cup.
1340 5256 1365 5310 3.
1400 5255 1508 5306 Deerat.
1526 5251 1589 5304 dist.
1607 5248 1649 5302 22.
1667 5266 1689 5301 c.
1708 5245 1940 5314 Constentmopol

317 5327 428 5383 Calbim
440 5346 532 5398 opero.
573 5335 627 5390 Vol.
645 5336 689 5391 11.
1985 5327 2021 5382 ⁶3
