4672 5842
120 308 220 388 444-
480 322 569 387 sne.
593 322 638 388 Π.
683 323 747 389 nn
769 320 1058 390 4444141444
1080 320 1164 392 nn]
1184 273 1530 389 nnnnnffeoms.
1575 323 1776 390 414411.
2069 327 2132 395 nc

123 509 229 576 Masis
249 532 271 576 a
293 509 361 575 Deo
382 511 539 575 traditam.
585 510 693 592 Neque
714 511 797 576 enim
818 509 912 575 datus
932 515 977 575 cst
998 510 1104 575 Moses
1157 510 1356 593 eoanqelium,
1379 530 1475 591 qnam
1491 511 1618 575 illoram
1632 516 1759 593 patres;
1781 512 1857 594 qnia
1875 533 1978 579 omnes
1993 516 2135 596 praediti

123 598 281 681 leqislator
302 598 357 678 qui
375 596 605 661 benedictionem
624 599 729 680 944444
746 595 895 661 Abrabae
912 598 1104 678 prornissam
1157 597 1220 659 sint
1240 597 1425 662 sacerdotali
1446 596 1558 661 444444
1579 603 1606 661 et
1626 599 1718 679 44944,
1740 603 1775 661 at
1791 599 1957 664 mediatore
1977 620 2034 666 suo
2049 602 2134 683 freti,

123 684 270 761 aboleret,·
292 683 354 748 imo
375 682 517 748 videmus
538 687 573 746 nt
587 683 715 763 passim
736 687 847 748 revocet
869 684 904 746 in
925 685 1105 747 memoriam
1157 681 1250 747 libere
1270 683 1305 745 44
1327 681 1391 747 Dei
1412 686 1601 764 conspectum
1616 684 1745 764 prodire
1766 684 1908 750 audeant.

124 770 259 836 Iudaeis
287 771 462 852 qratuitam
494 769 576 833 iilud
601 769 709 850 foedus
736 789 806 832 cum
827 768 974 850 patribus
1001 789 1105 834 eoram
1245 771 1274 832 2.
1318 768 1421 848 Atque
1442 767 1492 831 hic
1513 767 1608 833 obiter
1628 771 1798 835 notandum
1818 775 1875 848 444,
1904 792 2032 854 requam
2054 771 2137 854 quod

119 876 317 940 percussum,
340 855 430 920 cuius
451 855 596 920 tiaeredes
617 861 722 934 erant;
746 856 834 919 acsi
856 855 898 918 44
919 855 1106 920 illudreno
1158 853 1282 917 tandem
1312 858 1442 918 erectam
1472 854 1536 935 suit
1567 856 1601 918 in
1628 856 1756 935 familia
1784 856 1939 935 Daoidis,
1967 877 2033 922 esse
2060 859 2137 942 lepis

125 943 262 1008 vandum
293 943 411 1006 missus
442 942 528 1022 t'oret.
574 940 617 1006 Id
642 941 817 1005 clarissime
844 961 881 1004 ex
907 941 1107 1005 coeremoniiis
1152 945 1285 1020 partern,
1307 945 1334 1004 et
1354 939 1503 1025 4444444444
1524 939 1581 1003 sub
1604 940 1705 1006 1414444
1726 943 1908 1021 ministerio,
1932 945 2014 1007 4444
2034 945 2135 1025 sequi-

119 1028 311 1112 patefactum
329 1028 400 1109 suit.
440 1027 522 1108 Quid
544 1027 626 1090 enim
647 1024 749 1109 maqis
770 1028 863 1091 inane
884 1032 938 1090 aut
958 1027 1107 1108 friuolam
1157 1030 1225 1104 tur,
1253 1031 1318 1089 tam
1342 1027 1377 1088 in
1400 1031 1459 1095 toto
1478 1047 1586 1108 944444
1605 1027 1721 1092 leoitico
1743 1049 1838 1108 quam
1859 1029 1893 1091 in
1909 1031 2044 1110 posteris
2065 1030 2134 1096 Da

124 1135 220 1197 qnam
242 1113 393 1192 homines,
415 1117 450 1176 nt
470 1132 503 1177 se
525 1111 592 1177 Deo
615 1113 820 1192 reconcilient,
849 1113 999 1194 foetidam
1020 1113 1107 1178 nido·
1157 1110 1242 1177 ciclis
1266 1110 1425 1177 0444444444
1452 1112 1550 1175 oculis
1570 1114 1680 1177 aeter-is
1696 1114 1808 1195 populi
1834 1117 1927 1194 quasi
1952 1115 1988 1178 in
2015 1115 2134 1197 duplici

122 1221 190 1266 rem
209 1221 248 1265 ex
269 1199 361 1280 adipe
376 1198 533 1280 pecudum
554 1198 687 1279 offerre?
714 1204 749 1262 ut
769 1199 875 1263 sordes
896 1219 974 1263 suas
994 1199 1105 1278 eluant,
1158 1196 1278 1278 speculo
1296 1197 1397 1278 fuisse
1415 1197 1567 1262 obiectum.
1605 1199 1696 1280 Quia,
1718 1205 1752 1262 nt
1773 1221 1872 1280 nuper
1892 1201 1971 1279 dixi,
1992 1221 2055 1265 444
2076 1201 2135 1266 ali-
2194 1229 2202 1236 1

124 1288 166 1353 ad
188 1286 294 1367 aquae
311 1286 360 1350 uel
379 1285 545 1367 sanquinis
562 1286 770 1365 aspersionem
791 1285 975 1368 conanere?
1008 1284 1106 1349 Demi
1157 1289 1203 1347 ter
1223 1303 1329 1348 coram
1350 1283 1418 1347 Deo
1444 1304 1509 1348 esse
1530 1289 1673 1365 poterant
1700 1285 1747 1348 444
1769 1306 1855 1369 repes
1881 1286 1929 1350 ael
1955 1288 2134 1366 sacerdotes,

124 1393 183 1454 que
204 1377 284 1436 totus
306 1371 416 1455 4494444
443 1371 545 1434 cultus
571 1370 616 1454 (si
632 1391 692 1452 per
712 1391 745 1436 se
765 1376 935 1452 reputetur,
965 1392 1019 1436 nec
1040 1391 1106 1435 con-
1157 1370 1211 1449 qui
1232 1374 1261 1434 et
1280 1370 1363 1434 44444
1379 1375 1468 1433 erant
1482 1370 1602 1450 peccati
1623 1390 1660 1434 44
1680 1373 1797 1450 mort-is,
1819 1376 1846 1435 et
1866 1392 1928 1437 sua
1943 1375 2135 1455 corruptione

124 1461 220 1523 lineat
240 1458 371 1522 4444444
392 1461 419 1520 et
438 1458 560 1538 4494444
577 1456 689 1536 quibus
704 1459 885 1539 respondeat
903 1458 1033 1540 ueritas)
1055 1476 1106 1521 res
1152 1455 1274 1535 polluti.
1309 1455 1395 1519 Hinc
1415 1456 1613 1519 verissimum
1634 1477 1698 1520 esse
1717 1463 1805 1537 patet
1826 1458 1908 1522 illud
1927 1458 2026 1522 Pauli
2043 1459 2132 1541 (Gal.

125 1545 185 1610 erit
203 1564 338 1626 prorsus
360 1543 489 1607 lusoria.
526 1542 628 1622 Quare
649 1563 711 1607 non
732 1542 788 1607 abs
808 1564 842 1607 re
864 1548 891 1607 et
912 1544 947 1606 in
968 1544 1106 1608 concione
1159 1545 1187 1617 3,
1207 1539 1278 1625 24),
1309 1540 1444 1605 Iudaeos
1471 1543 1565 1621 qnasi
1591 1541 1648 1605 sub
1669 1544 1843 1625 paedaqoqi
1870 1545 2009 1607 custodia
2033 1546 2136 1625 fuisse

127 1629 278 1713 Stephani
296 1628 384 1712 (Aa.
400 1633 429 1707 7,
443 1629 510 1711 44),
533 1633 560 1691 44
576 1631 611 1691 44
632 1629 761 1710 epistola
778 1630 821 1694 ad
838 1628 994 1693 Hebraeos
1012 1628 1056 1712 (8,
1071 1628 1105 1711 5)
1156 1630 1298 1707 retentae,
1326 1628 1419 1692 44444
1445 1630 1561 1691 4444444
1587 1648 1688 1692 senten
1718 1630 1753 1692 in
1780 1631 1871 1693 cuins
1895 1631 2033 1711 qratiam
2060 1631 2135 1695 data

124 1722 189 1782 tam
218 1715 382 1797 diliqenter
403 1714 586 1796 expenditur
608 1714 776 1793 bians-ille,
807 1713 861 1778 nbi
882 1714 972 1779 Dens
995 1715 1106 1779 Mosen
1158 1717 1226 1777 erat
1238 1708 1418 1794 prontissio.
1460 1713 1547 1777 Nam
1569 1715 1645 1793 quia
1665 1715 1802 1778 nondum
1821 1715 2027 1796 familiariter
2048 1717 2135 1780 inno

123 1802 207 1868 iubet
238 1821 435 1882 quaecunque
468 1801 510 1864 ad
537 1800 768 1865 tabernaculum
789 1801 947 1883 pertinent
968 1801 1106 1881 formare
1157 1802 1257 1862 tuerat
1279 1797 1439 1877 Christus,
1461 1799 1581 1864 similes
1598 1800 1726 1881 fueruat
1740 1802 1868 1881 pueris,
1890 1821 2022 1880 quornm
2043 1800 2136 1866 imbe-

115 1889 295 1969 mndum
312 1888 472 1968 exeniplar
493 1888 575 1968 quod
594 1891 748 1951 4444444444
770 1887 819 1951 illi
835 1888 940 1968 fuerat
957 1888 991 1950 in
1007 1891 1106 1950 monte
1157 1885 1275 1949 cillitas
1304 1885 1443 1948 nondum
1469 1885 1598 1966 plenam
1635 1907 1741 1951 rerum
1773 1888 1943 1952 caelestium
1975 1888 2135 1951 scientiam

123 1970 250 2071 OExod3
267 1977 322 2052 25,
342 1974 408 2057 40).
455 1973 532 2036 Nisi
560 1973 642 2036 enim
663 1973 838 2070 spirituale.
850 1973 974 2070 aliquid
993 1973 1107 2054 fuisset
1156 1971 1239 2051 ferre
1261 1975 1392 2068 poterat.
1440 1971 1594 2069 Quomado
1623 1978 1725 2070 erdem
1753 1973 1954 2038 caeremoniis
1980 1974 2024 2038 ael
2046 1972 2135 2072 Obri-

118 2064 412 2211 44441444
428 2059 802 2226 {diethildis}
822 2059 955 2227 mc
970 2077 1107 2224 titt
1151 2060 1375 2223 illicit
1391 2058 1585 2208 bibit
1600 2059 1920 2228 titillabit
1925 2060 2136 2210 4444144

124 2231 276 2309 44444444,
305 2231 359 2313 qni
380 2251 542 2312 nunquam
569 2231 650 2293 serio
679 2231 714 2293 in
735 2231 865 2312 pietatis
890 2231 1031 2294 stadium
1059 2230 1107 2293 im
1157 2229 1214 2291 etsi
1235 2229 1324 2291 noois
1345 2229 1480 2308 qrmtidre
1499 2229 1670 2309 sacrificiis
1690 2232 1733 2296 44
1750 2229 1856 2294 Deum
1872 2231 2065 2311 placandum
2086 2249 2135 2295 ac·

123 2318 306 2395 cubuerunt,
340 2337 400 2382 non
430 2317 544 2398 absque
570 2315 701 2398 fastidio
727 2317 839 2382 audire
865 2317 1015 2380 sustinent
1041 2320 1106 2379 tam
1157 2315 1259 2378 cedere
1290 2315 1376 2394 ipsos
1402 2316 1547 2395 oportuit,
1581 2317 1672 2380 unico
1703 2321 1804 2380 tamen
1835 2317 1989 2397 4444444444
2020 2318 2136 2382 scelera

125 2403 311 2486 multiplices
333 2403 430 2482 ritus;
454 2423 550 2483 neque
570 2402 672 2466 solum
693 2403 851 2466 mirantur
871 2422 927 2466 cnr
948 2401 1106 2466 1444444-
1157 2400 1263 2463 omnia
1284 2401 1442 2480 expiatum
1463 2401 1507 2463 iri
1518 2403 1674 2482 promittit
1696 2401 1822 2466 Iesaias
1841 2403 1907 2485 (53,
1929 2402 1972 2485 5),
1995 2405 2047 2467 cui
2069 2422 2135 2467 corr·

126 2494 218 2553 terem
240 2489 395 2572 populum
419 2488 598 2570 satiqaoerit
625 2493 713 2552 tanta
741 2488 1007 2552 caeremoniarum
1038 2507 1106 2552 con·
1157 2486 1233 2549 cinit
1244 2485 1362 2550 Daniel
1379 2485 1423 2570 (9,
1437 2490 1487 2549 26.
1502 2484 1567 2570 27).
1604 2486 1783 2553 Sacerdotes
1800 2488 2020 2553 extribuLeoi
2037 2489 2136 2572 44449-

121 2575 207 2660 peric
212 2624 221 2656 ,
248 2576 301 2639 444
329 2574 502 2656 despiciunt
523 2574 598 2638 illas
619 2594 656 2638 ao
677 2575 780 2639 rident
800 2579 951 2654 tanquam
966 2573 1106 2655 pueriles
1157 2572 1224 2635 nati
1246 2573 1462 2636 sanctuarium
1479 2573 1744 2654 inprediebantur;
1767 2579 1800 2637 at
1820 2574 1856 2638 de
1875 2574 1966 2638 unico
1981 2575 2136 2639 sacerdote

125 2661 225 2728 lusus.
271 2660 390 2742 Nempe
411 2661 488 2742 quia
509 2660 662 2740 adfinem
684 2681 745 2724 non
765 2662 931 2739 attendunt,
954 2659 1106 2740 aquosi
1157 2656 1249 2722 semel
1281 2658 1397 2723 dictum
1416 2658 1488 2738 fuit,
1511 2660 1717 2725 iureiurando
1745 2660 1897 2724 diuinitus
1924 2660 2049 2724 electum
2070 2679 2136 2725 esse

124 2747 238 2831 leqoles
263 2746 386 2830 4494444
413 2751 611 2828 separentur,
639 2747 790 2810 vanitatis
816 2746 965 2811 damnari
986 2765 1104 2809 necesse
1157 2743 1213 2824 qni
1241 2745 1386 2808 sacerdos
1415 2749 1492 2808 esset
1520 2746 1555 2808 44
1581 2751 1767 2827 perpetuum
1797 2747 1964 2810 secundum
1995 2746 2136 2811 ordinem

124 2839 178 2898 est.
222 2833 324 2914 Atqui
352 2832 483 2897 ostendit
509 2837 602 2914 typus
622 2832 690 2909 ille,
716 2831 821 2897 Deum
847 2853 909 2896 444
930 2831 997 2895 ideo
1018 2851 1107 2895 man-
1159 2828 1376 2893 Melchisedech
1400 2829 1663 2916 (Ρ441.110,4).
1709 2831 1792 2896 Erat
1817 2837 1889 2896 tunc
1915 2831 2052 2896 risibilis
2077 2831 2135 2896 olei

124 2920 217 2985 dasse
242 2919 399 2999 sacrificia
425 2923 460 2982 at
485 2918 614 2984 44444444
640 2938 714 2982 snos
733 2923 894 3000 occuparet
919 2918 954 2981 in
974 2917 1106 2981 terrenis
1156 2916 1274 2994 444444,·
1302 2916 1400 2979 aliam
1425 2917 1493 2997 fore
1515 2915 1634 2982 Daniel
1656 2937 1694 2981 ex
1716 2918 1833 2983 nisime
1847 2919 2040 2999 pronuntiat.
2084 2915 2135 2980 Ac

124 3005 294 3085 exercitiis,
322 3005 376 3070 sed
391 3006 499 3087 potius
526 3009 562 3068 ut
588 3004 685 3069 altius
705 3004 832 3088 eriperet
856 3024 961 3070 eorum
982 3007 1104 3067 mentes.
1156 3021 1194 3065 ne
1216 3000 1365 3081 pluribus
1390 3002 1550 3081 insistam,
1577 3004 1659 3069 satis
1680 3004 1805 3085 prolixe
1833 3009 1860 3069 et
1887 3003 2022 3069 dilucide
2043 3007 2135 3067 autor

127 3092 216 3174 Quod
243 3092 337 3156 etiam
369 3111 407 3155 ex
435 3092 504 3156 eius
530 3095 647 3155 natura
675 3090 795 3172 liquido
826 3096 964 3156 constare
989 3093 1105 3170 potest,·
1156 3087 1303 3168 epistolae
1324 3087 1367 3151 ad
1388 3087 1587 3153 Hebraeosa
1614 3094 1724 3170 quarto
1750 3089 1849 3170 capite
1876 3090 1918 3154 ad
1938 3089 2135 3153 undecimum

123 3179 208 3259 quia,
230 3182 266 3240 nt
287 3176 465 3259 spiritualis
485 3180 537 3253 est,
558 3197 620 3241 non
641 3177 704 3240 alio
725 3197 821 3257 quam
840 3177 1004 3259 spiritudi
1021 3175 1104 3239 cultu
1155 3193 1253 3254 usque
1274 3173 1469 3252 denmnstrat‚
1501 3174 1595 3239 nihili
1626 3181 1653 3240 et
1686 3177 1797 3242 inanes
1828 3196 1893 3241 esse
1924 3174 2134 3240 4444444444

124 3264 295 3330 oblectatur.
342 3263 510 3328 Testantur
535 3263 589 3328 hoc
614 3267 656 3327 tot
677 3263 902 3344 prophetarum
930 3262 1102 3340 sententiae,
1155 3260 1248 3324 donec
1263 3260 1311 3349 ad
1335 3257 1495 3324 Christum
1523 3266 1645 3325 acutum
1666 3262 1771 3342 fuerit.
1818 3261 1905 3343 Quod
1928 3281 1998 3326 aero
2020 3261 2063 3325 ad
2083 3260 2134 3325 de·

122 3351 237 3433 quibus
262 3348 398 3414 1444444
419 3349 576 3414 socordiae
599 3353 749 3432 arpuunt,
776 3351 857 3431 qnod
872 3352 982 3430 paron
1002 3347 1104 3412 444444
1155 3365 1218 3409 cem
1234 3351 1400 3428 praecepta
1421 3351 1550 3427 spectat,
1573 3349 1702 3413 4444444
1723 3347 1869 3412 similiter
1890 3353 1935 3412 est
1958 3346 2056 3411 Pauli
2078 3346 2133 3411 ad·

120 3455 188 3501 esse
211 3437 296 3514 apud
318 3434 423 3499 Deum
443 3436 587 3499 momenti
603 3436 732 3517 quaevis
752 3437 917 3517 sacrificia.
951 3434 1007 3498 Aa
1025 3433 1103 3515 quia
1154 3432 1281 3496 monitio
1308 3431 1418 3514 (Rom.
1442 3437 1496 3510 10,
1515 3432 1566 3515 4),
1598 3432 1756 3499 Christum
1778 3454 1842 3498 esse
1860 3434 1954 3515 finem
1976 3433 2067 3515 lepis,
2097 3432 2134 3496 44

120 3521 183 3604 4494
214 3520 387 3600 quidquam
409 3520 554 3602 44449444
576 3521 740 3586 consilium
760 3521 827 3585 sit?
873 3521 1021 3585 Minime:
1048 3519 1103 3583 sed
1153 3516 1284 3581 salutem
1306 3520 1391 3582 44444
1412 3520 1561 3599 44444444·
1588 3521 1737 3584 etaltera
1759 3520 1793 3604 (2
1814 3518 1887 3584 Cor.
1909 3524 1942 3598 3,
1962 3521 2013 3603 6),
2044 3515 2134 3584 0444-

122 3605 172 3692 (ut
195 3609 284 3669 erant
304 3605 370 3669 oeci
392 3605 481 3669 illius
502 3607 694 3692 interpretes)
721 3607 775 3673 hoc
802 3608 891 3672 modo
914 3607 957 3671 acl
977 3625 1103 3686 scopum
1154 3607 1235 3666 stum
1257 3623 1321 3669 esse
1341 3605 1491 3685 spiritum
1513 3606 1569 3687 qni
1590 3605 1715 3671 literam
1735 3626 1798 3687 per
1819 3627 1852 3670 se
1872 3606 2065 3686 mortiferam
2086 3603 2132 3667 oi-

121 3692 225 3761 444444
247 3690 345 3775 diripi
367 3691 527 3756 voluerunt
548 3714 568 3756 a
590 3714 649 3774 quo
669 3694 784 3777 444944
805 3693 935 3757 errabat.
969 3691 1043 3756 Iam
1064 3712 1103 3756 ex
1152 3688 1264 3770 nificat.
1310 3690 1397 3754 Nam
1416 3691 1527 3770 priore
1554 3693 1679 3771 quidem
1704 3692 1859 3773 siqnihcat
1882 3692 2004 3773 frustra
2032 3687 2134 3754 doceri

120 3780 226 3863 qratia
255 3777 387 3843 Iudaeis
417 3777 518 3841 oblata
548 3784 625 3844 certo
653 3779 816 3864 4444494444,
850 3779 944 3862 449444
979 3777 1100 3843 Christo
1153 3773 1308 3840 iustitiam
1327 3779 1518 3858 praeceptis,
1551 3777 1644 3842 donec
1671 3798 1741 3843 eam
1770 3776 1915 3842 Christus
1941 3781 1968 3840 et
1992 3775 2133 3859 94444444

122 3885 182 3929 aon
202 3865 305 3946 fuisse
325 3883 465 3927 vacuam.
509 3862 604 3929 Hunc
625 3867 706 3930 enim
729 3866 903 3949 adoptionis
919 3864 1014 3946 finem
1036 3864 1102 3929 illis
1153 3862 1355 3942 imputatione
1379 3868 1406 3927 et
1432 3864 1550 3943 spirita
1576 3865 1814 3946 reqemrationis
1840 3863 1982 3943 44444444.
2029 3861 2133 3942 Quare

116 3951 282 4032 proposuit
303 3949 422 4028 Moses,
450 3953 485 4011 nt
505 3955 603 4014 essent
623 3950 690 4016 Deo
710 3953 747 4016 in
767 3973 896 4036 4494444
917 3949 1103 4016 sacerdotale
1153 3948 1261 4014 nrerito
1286 3946 1443 4013 Christum
1464 3955 1550 4013 uocat
1570 3950 1817 4032 complementum
1837 3948 1937 4032 44944,
1956 3948 2005 4012 444
2023 3948 2133 4029 tinem;

119 4035 238 4122 (Exod.
262 4041 310 4114 19,
331 4035 384 4121 6);
411 4035 646 4117 quodassequi
669 4058 731 4102 non
747 4042 890 4119 poterant
912 4038 977 4102 4444
998 4038 1101 4100 maior
1153 4038 1229 4118 qaia
1255 4033 1336 4098 nihil
1357 4037 1519 4116 prodesset
1548 4036 1625 4116 quid
1650 4037 1754 4119 exiqat
1775 4035 1866 4100 Dens
1892 4058 1913 4098 4
1935 4034 2022 4099 nobis
2043 4033 2132 4111 scire,

119 4127 146 4188 et
156 4124 370 4205 praestardior
387 4141 483 4202 quam
500 4141 537 4185 44
551 4123 703 4204 44494444
719 4125 874 4206 pecudum
892 4123 1100 4188 reconciliatio
1151 4123 1217 4187 nisi
1237 4120 1295 4184 sub
1317 4122 1389 4204 4494
1410 4125 1438 4184 et
1459 4141 1548 4185 onere
1574 4121 1761 4186 intolerabili
1789 4121 2001 4186 laborantibus
2028 4125 2056 4185 et
2082 4139 2133 4200 op-

118 4209 320 4275 interecderet.
369 4208 452 4290 Quid
485 4208 567 4271 enim
592 4209 699 4272 minas
724 4216 971 4288 comentariorum,
1004 4230 1100 4290 quam
1145 4208 1270 4291 pressis
1294 4205 1438 4272 01444444
1459 4213 1655 4271 4444444444.
1687 4207 1777 4272 Alibi
1800 4205 1890 4292 (Gal.
1911 4211 1940 4288 3,
1963 4205 2016 4290 19)
2039 4207 2133 4288 leqem

118 4294 211 4360 Adae
241 4295 340 4376 filios,
375 4294 431 4375 qai
457 4293 670 4358 haereditaria
697 4293 762 4360 labe
793 4302 965 4361 nascuntur
996 4315 1100 4360 omnes
1144 4299 1274 4376 propter
1303 4295 1564 4376 transqressiones
1587 4295 1726 4375 positam
1753 4314 1818 4358 esse
1839 4296 1937 4373 docet,·
1965 4311 2072 4370 nempe
2097 4293 2132 4351 ut

112 4381 232 4462 peccati
252 4381 426 4462 4444444944,
453 4381 489 4443 44
510 4380 631 4463 4494444
653 4380 834 4462 diqnitatem
856 4382 969 4460 attolli,
998 4387 1025 4445 et
1045 4381 1099 4446 hoc
1150 4380 1288 4444 homines
1308 4380 1522 4444 damnationis
1542 4400 1619 4444 suae
1640 4381 1789 4444 conuictos
1809 4379 1996 4443 humiliaret.
2032 4375 2132 4439 Porro

117 4467 206 4532 modo
220 4467 291 4548 pieri
309 4466 429 4549 9444444
445 4465 510 4530 Dei
527 4470 686 4544 consortes,
708 4467 774 4530 4444
795 4467 921 4532 aliurule
942 4467 1009 4531 illis
1025 4487 1099 4549 pro-
1150 4468 1227 4547 quia
1248 4464 1321 4530 haec
1343 4467 1386 4530 ad
1410 4463 1568 4530 Christum
1594 4467 1803 4548 quaerendum
1827 4485 1903 4529 cera
1924 4467 1950 4526 et
1971 4463 2066 4524 44444
2088 4462 2132 4524 est

116 4552 232 4617 reniret
259 4557 323 4615 tam
344 4552 547 4633 praeclarum
575 4551 711 4615 bonnm?
763 4551 823 4616 Ins
850 4574 969 4634 qnoque
995 4573 1097 4618 sacer-
1143 4553 1367 4633 praeparatio,
1396 4571 1594 4633 quaecuaquc
1620 4553 1755 4618 dirersis
1779 4550 1880 4614 verbis
1901 4547 2011 4624 tradit,
2034 4545 2131 4626 probe

97 4638 194 4703 datii
216 4638 363 4719 quomado
384 4640 470 4719 apud
492 4658 541 4703 eos
559 4639 660 4721 oiqere
674 4639 779 4718 potnit
796 4639 851 4719 qni
868 4640 1015 4702 citiorum
1032 4658 1098 4719 sor·
1150 4639 1230 4703 inter
1246 4657 1279 4701 44
1296 4640 1495 4703 coresentiunt.
1531 4637 1594 4702 Sed
1612 4639 1688 4718 quia
1709 4636 1888 4716 disceptatio
1910 4633 1960 4696 illi
1979 4632 2043 4713 fnit
2059 4650 2131 4695 cum

117 4723 208 4789 dibus
241 4724 461 4788 abominabiles
489 4722 557 4789 Deo
579 4728 681 4803 erant,
719 4725 784 4788 nisi
812 4725 978 4787 consecrati
1001 4729 1098 4789 essent
1143 4723 1304 4806 peruersis
1330 4723 1518 4801 doctoribus,
1546 4724 1601 4804 qui
1628 4723 1704 4806 lepis
1731 4720 1875 4801 operibns
1896 4719 2052 4784 iustitiam
2073 4737 2130 4783 nos

117 4810 152 4873 in
174 4816 277 4876 sancto
298 4810 422 4892 capite?
464 4810 567 4890 Quare
587 4810 739 4893 eleqanter
763 4809 877 4874 Petrus
895 4809 978 4872 illud
995 4808 1098 4876 Masis
1148 4811 1262 4876 mereri
1281 4809 1447 4894 stupebant,
1475 4814 1510 4873 ut
1530 4829 1636 4873 eorum
1657 4827 1793 4873 errorem
1814 4806 1978 4887 refutaret,
2010 4808 2131 4869 mactus

117 4896 232 4961 dictam
258 4897 415 4974 convertit,
443 4896 671 4976 plenitudinem
695 4898 832 4979 9444444,
853 4896 952 4960 cuius
970 4903 1097 4978 qustum
1149 4901 1193 4961 est
1225 4896 1380 4960 interdum
1412 4895 1530 4959 nudam
1563 4894 1657 4976 leqem
1684 4893 1828 4974 praecise
1860 4892 2011 4974 accipere;
2051 4909 2130 4972 quae

116 4982 173 5046 snb
192 4982 255 5066 leqe
270 4987 471 5064 perceperant
493 4982 616 5061 ludaei,
639 4984 674 5047 in
698 4980 821 5048 Christo
842 4980 1010 5047 exhibitam
1032 5002 1097 5047 esse
1149 4988 1250 5047 tamen
1269 4982 1425 5065 9444444444
1444 4979 1620 5061 adbptionis
1640 4979 1760 5060 foedere
1781 4979 1900 5060 alioqui
1920 4978 2028 5043 4444444
2049 4981 2101 5042 est.

115 5067 224 5134 docens
251 5068 284 5152 (1
304 5067 394 5132 Potr.
415 5071 449 5148 2,
471 5068 515 5153 9).
568 5068 629 5134 Vos
656 5069 729 5133 estis
754 5090 853 5152 94444
878 5069 1018 5146 electum,
1047 5069 1097 5133 in·
1235 5071 1264 5132 3.
1313 5067 1379 5148 Quo
1395 5068 1485 5132 modo
1505 5070 1607 5130 autem
1633 5086 1654 5129 a
1681 5064 1744 5148 4494
1772 5065 1884 5131 morali
1912 5065 2008 5129 edocti
2028 5061 2131 5145 444944

115 5155 197 5235 quit,
225 5154 328 5238 449444
348 5155 562 5220 sacerdotium.
606 5154 681 5219 Huc
701 5156 784 5219 enim
805 5156 901 5221 tendit
921 5174 1029 5225 uocum
1049 5155 1097 5218 in·
1148 5153 1374 5219 444444444444
1390 5153 1569 5231 44444444,
1592 5157 1627 5216 nt
1647 5171 1704 5216 nos
1725 5151 1768 5218 ad
1788 5153 1911 5218 4444444
1930 5149 2129 5231 expetendam

114 5241 223 5320 444444,
238 5239 317 5322 plus
339 5241 466 5323 adeptos
486 5261 550 5306 esse
571 5240 684 5323 quibus
706 5242 856 5324 apparuit
876 5239 1021 5307 (44444444
1035 5259 1097 5322 per
1148 5244 1254 5305 reatus
1275 5239 1423 5318 sollicitet,
1446 5239 1576 5305 breuiter
1598 5257 1771 5323 4494444444
1792 5257 1902 5322 operae
1916 5236 2059 5316 pretium
2076 5235 2128 5299 est.
