4672 5842
156 305 220 367 895
606 316 614 339 ³
797 297 1063 365 INSTITU'PIO
1083 298 1188 365 Rau.
1210 293 1391 362 OHRIB'P.
1417 299 1509 360 1559.
2098 299 2167 362 896

156 511 234 555 nam
257 488 338 553 16166
360 497 537 570 nequeunt,
560 489 641 570 quin
662 489 721 552 fiat
742 496 775 551 et
796 487 930 553 Christo
958 497 991 552 et
1018 508 1130 552 sacrae
1270 491 1297 547 5.
1335 482 1402 548 sed
1425 485 1487 550 hoc
1508 506 1637 566 quoque
1654 506 1696 549 ex
1719 484 1856 550 adverso
1878 487 2166 569 operaepretium

156 576 228 640 eius
249 574 450 639 institutioni
477 575 608 638 iniuria.
653 574 699 637 Et
723 572 784 638 hoc
808 574 951 656 postulat
973 575 1070 649 ratio,
1094 582 1131 638 ut
1181 579 1231 635 661
1249 569 1368 648 videre,
1392 572 1466 651 quis
1484 572 1583 634 fuerit
1604 571 1682 635 olim
1705 593 1802 635 verus
1821 592 1901 636 usus
1923 573 2165 637 ecclesiastieae

138 654 211 743 ‘qui
232 660 402 726 ecelesiam
424 660 561 724 offendit
581 659 667 723 rnalo
689 660 848 741 exemplo,
870 660 997 724 solenni
1019 661 1130 742 poeni·
1182 656 1425 732 iurisdictionis,
1449 663 1483 720 et
1504 665 1645 738 quantus
1664 656 1784 723 abusus
1801 656 1993 740 obrepserit:
2017 667 2057 722 ut
2080 660 2165 722 scia·

155 747 277 810 tentiae
312 745 531 810 declaratione
566 745 811 821 offendiculum,
851 744 935 826 quod
964 746 1129 823 excitavit,
1181 764 1255 806 mus
1283 741 1362 823 quid
1390 741 1613 826 abrogandum
1642 745 1694 817 sit,
1723 752 1757 807 et
1788 742 1868 825 quid
1896 766 1938 807 ex
1965 746 2166 825 antiquitate

156 831 257 896 tollat.
307 833 406 895 Ratio
436 853 535 913 quam
558 829 724 895 adducunt
752 830 800 892 illi
829 832 884 911 qui
914 840 1030 895 contra
1056 853 1130 895 sen·
1182 827 1431 903 restituendum,
1459 829 1487 893 si
1516 828 1675 906 volumus,
1699 851 1812 894 everso
1838 851 1940 913 regno
1962 831 2163 908 antichristi,

154 919 253 996 tiunt,
276 918 374 981 nimis
395 926 445 980 est
468 917 593 1000 frigida.
638 915 827 993 Mandabat,
850 917 1011 998 inquiunt,
1032 916 1131 981 Chri·
1182 935 1296 978 rerum
1315 912 1442 977 Christi
1460 935 1599 996 regnum
1617 916 1737 979 iterum
1759 917 1893 998 erigere.
1930 917 2085 980 Primum
2109 917 2164 980 hic

155 1012 227 1068 stus
249 1004 310 1067 has
332 1010 442 1085 partos
465 1003 626 1076 ecclesiae,
650 1022 751 1082 quum
769 1023 835 1065 non
854 1010 939 1066 esset
957 1004 1129 1085 magistra·
1182 1019 1298 1081 scopus
1321 1008 1379 1076 est,
1403 1008 1440 1063 ut
1461 1000 1625 1064 scandalis
1642 1001 1771 1065 obviam
1794 1011 1903 1080 catur;
1923 1001 2008 1083 quod
2031 1003 2061 1066 61
2083 1001 2163 1083 quid

156 1099 211 1154 tus
245 1090 300 1171 qui
334 1099 574 1170 exsequeretur.
618 1086 699 1162 ‚seo
732 1087 849 1150 accidit
887 1109 1129 1170 saepenumero,
1183 1085 1327 1149 scandali
1355 1096 1506 1149 exortum
1533 1088 1584 1164 sit,
1608 1086 1784 1151 aboleatur.
1835 1087 1876 1150 In
1900 1110 1960 1151 usu
1982 1088 2055 1151 'duo
2083 1097 2164 1152 sunt

157 1186 195 1239 ut
222 1175 265 1239 sit
292 1174 508 1257 negligentior
540 1175 765 1256 magistratum
800 1175 864 1235 imo
897 1196 1130 1256 nonnunquam
1183 1171 1432 1235 consideranda:
1467 1181 1505 1235 ut
1538 1195 1557 1236 a
1588 1173 1660 1236 iure
1715 1171 1793 1236 ladii
1824 1194 1957 1254 prorsus
1990 1186 2165 1255 separetur

156 1262 238 1325 forte
262 1257 1130 1341 61611116666166611166166.1166161Τ116616616
1154 1312 1157 1323 .
1183 1256 1265 1321 haec
1295 1257 1473 1338 spiritualis
1504 1266 1661 1340 potestas3
1691 1195 1808 1322 161616
1831 1260 1991 1323 nennius
2014 1259 2163 1337 arbitrio,

156 1345 291 1410 Caesari
319 1346 462 1427 contigit
508 1342 562 1408 Ad
591 1345 671 1408 haee
699 1345 894 1408 tantundem
921 1344 984 1409 dici
1012 1347 1131 1427 poterit
1182 1341 1240 1406 sed
1252 1364 1310 1424 per
1328 1342 1511 1425 legitimum
1530 1364 1717 1409 consessum
1735 1344 1990 1409 administretur.
2021 1345 2164 1410 Utrum·

157 1431 374 1496 1616161616
399 1431 487 1494 verbi
511 1431 698 1494 ministerio.
733 1430 764 1493 N
767 1453 828 1495 1166
850 1453 927 1514 ergo
950 1431 1130 1496 secundum
1182 1448 1245 1509 que
1273 1429 1310 1491 in
1338 1429 1469 1511 puriore
1498 1431 1633 1494 ecclesia
1655 1429 1862 1494 observatum
1886 1431 1946 1494 fuit
1970 1430 2001 1512 (l
2029 1430 2107 1495 Cor.
2133 1437 2162 1509 5,

157 1540 211 1582 cos
241 1517 392 1581 desinant
418 1515 658 1598 reprehendere
693 1528 837 1596 pastores
864 1517 1039 1581 manifesta
1072 1519 1130 1580 tla-
1154 1536 1157 1593 1
1183 1518 1226 1596 1).
1272 1513 1385 1595 Neque
1412 1516 1501 1579 enim
1533 1517 1586 1581 vel
1612 1517 1756 1592 mulctis,
1790 1517 1844 1581 161
1879 1515 2080 1594 emtoribus,
2110 1518 2162 1582 vel

158 1605 238 1687 gitia
245 1625 253 1680 3
275 1602 427 1666 desinant
447 1603 628 1684 obiurgare,
652 1622 798 1683 arguere,
821 1603 997 1684 increpare.
1044 1601 1131 1666 Sunt
1154 1624 1157 1707 1
1182 1597 1256 1663 61116
1284 1599 1435 1665 civilibus
1461 1602 1573 1682 poenis
1602 1612 1795 1683 potestatem
1823 1624 1917 1666 suam
1939 1615 2164 1667 exercuerunt

157 1689 245 1752 enim
267 1687 437 1752 christiani
466 1689 694 1770 magistratus,
724 1689 778 1768 qui
802 1687 929 1770 legibus
962 1698 995 1752 et
1022 1688 1129 1771 gladio
1155 1720 1157 1767 ,
1182 1686 1287 1749 sancti
1310 1687 1460 1768 episcopi,
1491 1687 1548 1751 sed
1577 1686 2163 1768 6616Β61616116116,6116661161,

157 1773 276 1838 debent
294 1774 374 1837 hacc
393 1774 564 1857 corrigere.
599 1775 646 1837 At
667 1772 939 1854 quemadmodum
957 1777 1129 1856 magistra·
1154 1772 1158 1887 1
1183 1770 1234 1834 661
1263 1782 1348 1834 sunt
1399 1770 1616 1837 severissima
1642 1775 1731 1837 enim
1754 1773 1907 1838 ccclesiae
1937 1774 2101 1852 vindicta,
2131 1788 2165 1840 et

157 1871 212 1924 tus
233 1858 396 1942 puniendo
419 1869 452 1924 61
478 1880 578 1923 16666
602 1857 777 1923 coercendo
799 1881 939 1943 purgare
963 1859 1058 1924 debet
1079 1882 1130 1925 ec·
1155 1900 1158 1941 Ι
1182 1857 1276 1938 quasi
1309 1857 1461 1921 ultimum
1489 1859 1630 1937 fulmen,
1662 1873 1712 1924 est
1739 1861 2051 1938 excommunicatio,
2080 1882 2164 1943 quae

157 1945 289 2010 61661661
308 1944 522 2022 offendiculis,
545 1945 593 2008 ita
611 1945 1249 2012 16111616161611161661616111116611
1278 1943 1343 2006 nisi
1370 1945 1403 2006 in
1432 1947 1625 2009 necessitate
1653 1945 1836 2010 adhibetur.
1882 1946 1945 2010 Illa
1972 1967 2072 2028 porro
2104 1969 2165 2012 nec

159 2031 269 2096 levare
297 2029 392 2095 debet
419 2032 663 2113 magistratum,
696 2052 737 2093 ne
765 2039 832 2094 1661
863 2031 959 2096 616111
986 2040 1129 2114 peccent.
1155 2022 1158 2115 ᾗ
1184 2028 1261 2104 vim,
1291 2050 1351 2093 nce
1380 2052 1518 2094 manum
1540 2030 1712 2108 desiderat,
1735 2031 1793 2095 sed
1814 2033 1906 2097 verbi
1928 2033 1991 2096 Dei
2015 2035 2165 2114 petentia

159 2114 216 2182 Sic
234 2116 425 2181 coniunctae
448 2115 566 2180 debent
587 2138 657 2180 esse
679 2136 805 2197 operae,
829 2125 867 2181 ut
883 2118 987 2181 altera
1009 2119 1052 2182 sit
1074 2116 1131 2180 ad·
1155 2118 1159 2175 l
1184 2124 1335 2178 matema
1359 2124 1416 2180 est.
1467 2117 1619 2198 Denique
1652 2118 1773 2182 veteris
1799 2118 1953 2182 ecclesiae
1979 2118 2165 2185 iurisdictio

158 2202 304 2267 iumento
327 2203 431 2280 alteri,
454 2224 520 2265 nou
543 2201 784 2284 impedimento.
1184 2199 1267 2263 nihil
1287 2199 1374 2264 aliud
1394 2202 1457 2265 fuit
1474 2223 1573 2284 quam
1597 2204 1749 2285 practica,
1772 2213 1809 2267 61
1830 2204 1877 2267 116
1905 2204 2032 2286 loquar,
2055 2205 2165 2270 decla·

246 2295 274 2351 t.
324 2289 370 2352 Et
392 2310 479 2365 sane,
503 2289 530 2353 si
558 2290 630 2370 quis
659 2289 792 2370 propius
819 2288 984 2369 expendat
1006 2288 1132 2353 Christi
1183 2285 1266 2348 ratio
1288 2287 1358 2350 6166
1380 2286 1468 2369 quod
1488 2288 1582 2353 docet
1602 2289 1728 2354 Paulus
1751 2290 1784 2372 (2
1809 2289 1884 2354 Cor.
1908 2295 1957 2367 10,
1976 2288 2012 2372 4)
2032 2289 2072 2355 16
2097 2315 2114 2356 6
2138 2294 2164 2355 i·

159 2374 268 2450 verba,
291 2374 386 2438 166116
407 2374 588 2456 perspiciet,
611 2381 734 2437 statum
756 2379 790 2436 et
811 2384 1007 2457 perpetuum
1029 2375 1131 2439 eecle-
1183 2371 1296 2435 rituali
1323 2382 1491 2454 pastorum
1518 2383 1689 2455 potestate.
1735 2373 1823 2438 Data
1845 2384 1905 2453 cst,
1927 2375 2045 2457 inquit,
2070 2314 2165 2442 uobis

160 2461 227 2525 siae
256 2460 404 2524 ordinem
431 2482 498 2523 non
528 2461 762 2541 temporarium
785 2459 852 2523 illic
874 2458 1020 2524 describi.
1064 2460 1131 2525 Ne·
1186 2467 1341 2539 potestas,
1365 2480 1429 2539 qua
1451 2458 1667 2525 demoliamur
1688 2462 1897 2540 munitiones,
1921 2483 1985 2543 qua
2008 2461 2165 2527 humilie-

160 2566 223 2629 que
251 2547 339 2610 enim
366 2556 622 2610 consentaneum
650 2555 714 2622 est,
750 2554 787 2609 61
815 2547 870 2627 qui
897 2546 1131 2611 monitionibus
1183 2564 1258 2607 mus
1284 2564 1415 2607 omnem
1443 2545 1651 2610 altitudinem
1679 2567 1761 2628 quae
1791 2568 1826 2610 se
1853 2547 1980 2611 extollit
2001 2547 2165 2613 adversus

158 2633 280 2696 uostris
301 2631 525 2714 obtemperare
547 2630 728 2705 noluerint,
762 2652 816 2694 eos
839 2630 880 2695 ad
902 2634 1132 2715 magistratum
1183 2629 1401 2711 cognitionem
1429 2631 1503 2706 Dei,
1532 2653 1598 2713 qua
1625 2632 1814 2716 subigamus
1837 2654 1965 2697 omnem
1986 2633 2163 2714 cogitatio-

158 2716 358 2794 1616161666,
388 2718 473 2799 quod
502 2727 613 2780 tamen
641 2738 771 2781 necesse
798 2718 882 2780 foret
908 2718 936 2781 si
964 2720 999 2780 in
1026 2721 1132 2783 vicem
1184 2736 1268 2791 nem,
1297 2724 1330 2778 et
1351 2717 1515 2797 captivam
1537 2715 1694 2784 ducamus
1721 2720 1757 2782 in
1779 2717 1990 2783 obedientiam
2012 2717 2141 2781 Christi
2148 2743 2158 2797 ;

157 2804 311 2868 ecelesiae
338 2804 392 2867 ille
425 2802 620 2868 succederet.
667 2800 755 2882 Quid
783 2803 847 2867 1616
868 2804 1059 2885 promissio?
1089 2826 1132 2868 an
1183 2801 1218 2863 in
1247 2813 1400 2883 promptu
1431 2823 1507 2866 vero
1529 2802 1688 2869 habemus
1710 2804 1886 2869 vindictam
1907 2802 2063 2868 adversus
2085 2825 2160 2867 om-

157 2891 255 2954 nnius
277 2892 355 2952 anni
378 2889 514 2953 dicenda
532 2890 603 2961 erit.
627 2889 680 2953 vel
703 2908 894 2970 paucorum:
919 2910 1016 2953 amen
1036 2911 1132 2953 amen
1184 2907 1260 2949 nem
1288 2886 1550 2953 inobedientiam
1603 2888 1886 2969 Quemadmodum
1911 2889 1973 2952 hoc
2000 2890 2040 2952 fit
2061 2911 2162 2972 prae-

157 2973 228 3039 dico
250 2975 352 3052 vobis,
376 2974 531 3057 quidquid
553 2974 734 3057 ligaveritis
752 2974 788 3037 in
808 2975 921 3038 terra?
955 2976 1133 3040 Praeterea
1184 2971 1345 3036 ditatione
1373 2972 1538 3039 1661116116
1565 2974 1699 3053 Christi,
1728 2977 1783 3053 ita,
1808 2997 1850 3040 ne
1871 2974 2021 3040 doctrina
2042 2976 2089 3048 sit
2111 2975 2163 3040 ln·

158 3059 313 3125 Christus
340 3061 424 3124 nihil
452 3061 505 3124 hic
531 3081 653 3124 novum
681 3061 838 3138 instituit;
872 3060 929 3125 sed
958 3070 1131 3126 consuetu·
1184 3057 1304 3135 dibrio,
1339 3059 1519 3124 secundum
1548 3059 1582 3123 id
1609 3063 1717 3144 ipsum
1744 3060 1831 3144 quod
1857 3061 1992 3127 docetur
2019 3061 2164 3127 16116611

159 3145 270 3209 dinem
291 3147 328 3209 in
350 3147 454 3210 veteri
476 3147 585 3229 gentis
607 3167 684 3209 suae
706 3141 843 3210 ecclesia
871 3167 1001 3228 semper
1023 3148 1132 3212 obscr—
1184 3140 1304 3208 debent
1319 3145 1376 3225 qui
1392 3166 1428 3209 66
1450 3148 1645 3227 profitentur
1665 3148 1742 3212 fidei
1765 3148 1966 3213 domesticos.
2002 3146 2043 3210 Id
2067 3169 2164 3230 porro

157 3242 270 3296 vatam
292 3240 451 3314 sequutus
474 3240 537 3296 est:
562 3253 626 3313 quo
643 3232 849 3314 significavit,
873 3254 940 3297 non
961 3253 1056 3315 posse
1078 3255 1131 3298 ca·
1184 3230 1255 3293 fieri
1278 3231 1393 3311 nequit
1419 3232 1484 3296 nisi
1506 3254 1573 3296 una
1595 3256 1668 3297 cum
1688 3234 1870 3298 ministerio
1892 3235 2106 3299 coniunctum
2122 3236 2164 3297 sit

157 3340 230 3382 rere
252 3316 423 3383 ecelesiam
451 3318 613 3399 spirituali
635 3317 870 3395 iurisdictione,
901 3339 983 3399 quae
1004 3318 1045 3383 ab
1069 3319 1132 3382 ini·
1183 3315 1235 3380 ius
1268 3316 1407 3380 vocandi
1440 3339 1495 3382 cos
1527 3320 1584 3400 qui
1615 3321 1770 3401 privatim
1804 3319 1958 3385 monendi
1992 3330 2073 3384 sunt
2112 3319 2163 3384 161

157 3405 203 3467 tio
227 3404 349 3468 1616661.
395 3405 505 3485 Atque
532 3402 566 3466 id
591 3404 737 3466 omnium
766 3414 950 3487 temporum
972 3426 1133 3470 consensu
1184 3402 1291 3466 aerius
1324 3402 1518 3486 corrigendi,
1553 3406 1605 3470 ius
1636 3407 1736 3470 ctiam
1768 3406 1901 3470 arcendi
1922 3427 1978 3471 eos
2002 3427 2022 3470 6
2045 3425 2164 3470 coenae

157 3489 224 3556 fuit
244 3490 484 3553 confirmatum.
530 3488 643 3570 Neque
666 3489 754 3552 enim
777 3490 834 3554 ubi
861 3500 1038 3574 coeperunt
1070 3492 1131 3554 im·
1184 3488 1419 3566 communione,
1442 3491 1497 3571 qui
1520 3493 1620 3574 recipi
1642 3492 1712 3556 sine
1734 3492 1818 3554 tanti
1839 3493 1988 3577 mysterii
2010 3492 2163 3574 profana·

157 3583 326 3657 potatores
349 3584 382 3639 61
404 3576 615 3658 magistratus
636 3573 769 3639 Christo
796 3597 914 3640 nomen
938 3577 1030 3655 dare,
1057 3598 1131 3659 pro-
1184 3573 1271 3637 tione
1300 3586 1476 3656 nequeunt
1526 3576 1639 3658 Itaque
1665 3579 1741 3642 dam
1767 3578 1846 3642 olibi
1874 3580 1906 3662 (l
1933 3577 2009 3642 Cor.
2042 3584 2077 3656 5,
2114 3576 2163 3659 12)

157 3662 247 3725 tinus
281 3660 438 3744 abrogata
471 3675 520 3725 661
553 3660 732 3742 spiritualis
766 3661 958 3741 iurisdictio,
997 3663 1054 3728 sed
1086 3664 1133 3726 ita
1184 3665 1282 3742 nepot,
1300 3681 1362 3723 11611
1379 3682 1443 3725 6666
1461 3669 1602 3727 nostrum
1623 3669 1785 3728 extraneos
1801 3665 1952 3742 inditore,
1971 3661 2060 3743 filios
2077 3664 2162 3728 66616-

158 3746 322 3811 duntaxat
344 3747 504 3824 ordinata,
523 3768 565 3810 ne
587 3745 665 3828 quid
682 3747 773 3811 civili
791 3747 963 3831 derogaret
984 3761 1042 3812 aut
1058 3770 1132 3814 cum
1184 3746 1252 3809 sice
1277 3748 1417 3811 6611611116
1438 3747 1570 3827 subiicit,
1594 3770 1672 3829 quoe
1700 3770 1804 3814 6616111
1831 3751 1910 3814 citio
1939 3751 2098 3832 6661196111,
2124 3768 2160 3811 cc

158 3853 198 3897 ea
218 3832 480 3897 confunderetur.
530 3833 578 3896 Et
598 3833 731 3910 merito;
760 3835 936 3898 nonenim
961 3836 1132 3917 magistra·
1184 3835 1256 3895 turre
1283 3833 1420 3914 61961666
1446 3835 1566 3899 1611616
1593 3836 1750 3913 1111111116
1776 3835 1890 3916 quere
1911 3857 2000 3900 1161116
2021 3836 2161 3916 fideliam

158 3927 219 3994 tus,
243 3921 271 3983 61
294 3921 449 4001 11166661,
473 3921 616 3983 eximere
639 3940 673 3982 se
693 3918 781 3983 volet
802 3921 967 3983 commui
987 3919 1133 3999 filiorum
1184 3922 1261 3980 66661
1279 3918 1438 3983 immunis.

158 4002 224 4067 Dei
251 4006 465 4082 subiectione,
494 4005 587 4069 euius
615 4026 680 4068 non
702 4016 867 4086 postrema
895 4026 970 4087 pars
992 4016 1058 4083 661,
1080 4028 1133 4070 ec-
1273 4007 1300 4066 6.
1345 4004 1517 4069 Eiusmodi
1549 4027 1627 4069 vero
1656 4014 1814 4089 potestas,
1852 4016 1890 4070 ut
1923 4009 2163 4088 proposuimus,

158 4088 275 4155 6166166
297 4112 338 4155 cx
360 4092 458 4155 verbo
481 4091 546 4155 Dei
568 4090 728 4155 iudicanti
751 4111 785 4154 se
807 4091 981 4170 subiicere,
1005 4098 1133 4155 tantum
1185 4108 1252 4151 non
1279 4111 1379 4170 penes
1407 4113 1511 4155 unum
1540 4102 1619 4165 erat,
1647 4101 1685 4155 ut
1712 4113 1770 4174 pro
1794 4114 1854 4157 sua
1874 4092 2012 4157 libidine
2037 4092 2166 4175 quidvis

158 4173 251 4240 abest
272 4185 311 4239 ut
339 4176 494 4241 iudicium
515 4176 598 4240 illud
621 4176 735 4240 tollere
764 4175 888 4241 debeat.
933 4176 1024 4256 Quid
1045 4178 1133 4241 enim
1186 4184 1312 4256 ageret;
1341 4176 1398 4240 661
1424 4198 1524 4259 1161166
1546 4198 1735 4243 consessum
1756 4180 1931 4257 seniorum,
1956 4181 2013 4261 qui
2038 4189 2112 4243 erat
2131 4179 2166 4242 in

158 4260 435 4338 honorificentius,
459 4263 566 4344 inquit
587 4263 789 4338 Ambrosius,
804 4265 828 4341 ¹)
851 4284 949 4345 quarn
970 4276 1009 4327 ut
1031 4263 1133 4328 eecle-
1186 4260 1322 4325 ecelesia
1354 4263 1439 4343 quod
1471 4264 1506 4327 in
1539 4264 1621 4328 urbe
1650 4273 1700 4329 661
1727 4275 1870 4330 senatus.
1923 4263 2128 4348 Cyprianus,
2141 4265 2165 4349 ¹)

158 4349 226 4412 siae
248 4348 337 4415 filius
360 4348 487 4413 dicmur
514 4346 711 4430 imperator?
757 4348 941 4430 Imperator
967 4350 1133 4414 66116116-
1185 4367 1287 4428 quum
1315 4349 1464 4412 meminit
1491 4371 1549 4431 per
1575 4370 1657 4432 quos
1684 4372 1742 4414 666
1771 4360 1916 4433 tempore
1943 4362 2165 4429 exerceretur,

158 4435 332 4498 66616116
349 4434 527 4511 eeclesiam,
547 4455 613 4497 non
630 4453 730 4514 supra
747 4434 915 4498 ecclesiam
933 4444 991 4500 est
1021 4434 1133 4516 Quare
1186 4431 1364 4516 adiungere
1387 4435 1469 4498 solet
1486 4442 1589 4500 totum
1613 4435 1737 4500 elerum
1759 4437 1916 4518 episeopo.
1954 4434 2025 4501 Sed
2049 4438 2129 4503 alibi
2138 4439 2166 4520 ²)

156 4518 207 4582 illi
233 4522 288 4602 qui
317 4530 354 4584 ut
374 4522 605 4604 magistratum
635 4535 765 4597 ornent,
795 4520 965 4585 ecclesiam
993 4522 1135 4604 spoliant
1185 4539 1313 4600 quoque
1335 4519 1546 4599 demonstrat,
1570 4523 1615 4586 sie
1638 4523 1816 4604 praefuisse
1838 4521 1961 4586 olerum
1984 4523 2109 4604 ipsum,
2131 4534 2169 4588 nt

158 4604 220 4669 hac
247 4615 420 4687 potestate,
449 4626 516 4669 non
545 4604 640 4668 modo
662 4604 745 4669 falsa
773 4607 1041 4687 interpretatione
1063 4629 1133 4673 eor-
1186 4604 1277 4686 plebs
1304 4606 1437 4671 interim
1470 4628 1490 4670 a
1517 4603 1700 4691 cognitione
1729 4630 1797 4673 non
1812 4607 2067 4691 excluderetur.
2111 4600 2168 4675 Sic

157 4700 317 4773 rumpunt
348 4692 476 4757 Christi
509 4691 720 4770 sententiam,
762 4691 819 4756 scd
859 4702 988 4757 sanctos
1021 4713 1134 4756 omnes
1186 4692 1275 4754 enim
1303 4693 1429 4757 scribit:
1458 4695 1499 4759 ab
1526 4694 1619 4758 initio
1645 4695 1847 4777 episcopatus
1874 4694 1940 4758 mei
1968 4697 2075 4760 statui
2097 4698 2168 4762 sine

157 4777 334 4859 episcopos,
358 4779 414 4861 qui
431 4786 500 4842 tam
518 4775 613 4839 multi
632 4797 651 4840 a
668 4784 816 4859 tempore
834 4799 854 4841 a
897 4779 1057 4844 6161611161
1076 4799 1134 4841 ex·
1186 4776 1265 4841 cleri
1283 4778 1417 4844 consilio
1439 4791 1472 4844 et
1489 4778 1593 4862 plebis
1611 4800 1774 4845 consensu
1791 4779 1874 4844 nihil
1892 4801 2001 4864 agere.
2041 4782 2170 4848 Verum

158 4862 841 4945 6111611161,666161116116166661,1166
887 4864 1045 4929 honorem
1062 4864 1134 4928 offi-
1187 4861 1268 4928 haee
1295 4875 1366 4928 erat
1393 4866 1575 4931 eommunis
1600 4874 1634 4929 61
1661 4867 1784 4932 usitata
1810 4867 1902 4945 ratio,
1925 4873 1965 4930 61
1986 4888 2049 4950 por
2072 4890 2171 4936 6666·

158 4949 309 5031 eiumquc
341 4949 556 5034 magistratus
591 4948 674 5013 falso
706 4957 881 5032 praetextu
907 4950 970 5015 sibi
995 4970 1134 5034 usurpa·

158 5035 277 5098 verint
1188 5037 1218 5044 “

1219 5039 1384 5047 —————

403 5223 407 5228 .
1256 5154 1286 5213 ll
1304 5156 1391 5222 Epist
1408 5144 1528 5206 lt‘libr.
1546 5152 1564 5207 3
1582 5162 1608 5207 et
1627 5158 1711 5210 61661
1730 5158 1792 5210 libr.
1811 5158 1889 5226 epist
1908 5155 1943 5209 19
1961 5166 1991 5211 et
2011 5163 2092 5218 alibi.
2148 5163 2178 5229 9)

230 5221 257 5284 1,·
277 5221 363 5289 Epist.
383 5223 424 5275 1).
443 5223 477 5273 61
497 5222 698 5274 valentianum.
1159 5228 1162 5267 Ι
1187 5223 1274 5291 Epist.
1294 5220 1335 5274 10.
1355 5221 1458 5275 1111113.
