4672 5842
243 318 306 381 aas
891 308 1157 376 5151511115
1179 309 1283 375 nun.
1305 307 1486 374 5111551.
1509 313 1600 411 515.
2182 312 2248 376 aar

243 525 305 587 que
327 502 415 565 aliud
437 500 717 583 15155551555511,
740 521 842 583 quum
859 499 951 563 illam
965 499 1059 562 toties
1077 519 1218 565 comme-
1270 496 1389 562 Matth.
1413 499 1471 573 24,
1495 496 1566 580 30);
1596 519 1633 563 ae
1661 500 1812 564 omnibus
1838 499 2007 582 apparebit
2033 521 2108 564 oum
2136 500 2250 565 ineffa-

244 586 479 667 15515115(Α55.
501 591 529 664 2,
550 590 673 669 305511.
698 597 731 651 et
753 590 781 663 3,
802 591 857 664 21;
880 584 982 650 Hebr.
1005 590 1030 662 l,
1051 586 1096 669 8),
1119 605 1219 666 quam
1269 582 1325 647 bili
1361 584 1454 664 regni
1487 583 1537 646 sui
1569 585 1754 661 maiestate,
1788 607 1864 650 5551
1896 585 2152 649 immortalitatis
2184 586 2248 650 ful·

243 684 281 740 ut
312 675 382 737 51115
416 674 549 736 51515115
573 674 739 754 1151151555
777 693 847 736 esse
885 673 1040 736 universa
1072 672 1216 736 doceant.
1270 689 1361 752 gere,
1395 689 1470 733 eum
1495 669 1657 734 immensa
1684 670 1865 736 divinitatis
1891 673 2054 752 potentia,
2085 692 2161 736 cum
2188 692 2248 737 1111-

243 759 355 840 Quare
384 780 450 822 non
477 768 564 823 15555
592 758 654 833 1111,
684 760 739 840 qui
768 757 1002 822 beatitudinem
1029 757 1219 838 simpliciter
1270 755 1418 904 {elerum
1445 754 1604 818 satellitio.
1654 756 1738 821 Inde
1766 758 1866 840 igitur
1894 756 1988 821 illurn
2016 757 2167 821 iubemur
2194 776 2249 822 re·

242 844 407 928 designari
429 852 554 926 putant.
599 845 703 909 Porro
724 843 806 906 nihil
827 845 939 921 refert,
963 843 1048 925 quod
1069 845 1104 907 in
1127 844 1218 906 Actis
1292 850 1471 921 emptorem
1503 850 1691 922 exspectare
1720 842 1762 906 ad
1790 843 1876 908 diem
1907 843 2016 919 illum,
2049 864 2112 923 quo
2144 862 2249 926 agnos

243 931 295 1016 (7,
318 929 374 1014 551)
397 929 588 1012 Stephanus
611 952 685 994 eum
708 936 849 993 stantem
878 951 912 992 se
933 929 1045 992 videre
1068 937 1216 1004 testatur,
1270 926 1456 1009 segregabit
1477 925 1517 990 ab
1541 926 1667 1004 hoedis,
1690 927 1810 993 5155555
1832 951 1852 993 5
1872 929 2018 1011 reprobis
2041 928 2175 1012 (Matth.
2196 932 2249 1007 25,

241 1017 318 1099 quia
340 1038 405 1080 non
428 1016 468 1080 de
490 1016 631 1096 corporis
653 1016 897 1092 constitutione,
920 1014 977 1078 sed
999 1014 1126 1096 imperii
1148 1035 1217 1077 ma·
1271 1016 1307 1074 31
1336 1033 1437 1094 scqq.;
1464 1011 1668 1091 11115554,
1698 1014 1767 1097 111);
1802 1035 1860 1078 555
1893 1015 1955 1078 5115
1988 1015 2160 1096 quisquam
2191 1024 2250 1078 aut

242 1103 356 1167 iestate
384 1102 437 1166 hie
465 1103 589 1184 agitur3
617 1112 655 1164 55
681 1100 793 1165 sedere
823 1100 903 1164 nihil
935 1100 1022 1164 aliud
1051 1102 1094 1164 sit
1120 1119 1218 1182 quam
1270 1098 1420 1162 vivorum
1443 1105 1500 1162 aut
1521 1106 1732 1176 mortuorum,
1754 1101 1809 1181 qui
1833 1100 1987 1164 iudicium
2010 1101 2079 1164 5155
2102 1100 2248 1183 5111111155

243 1187 376 1254 55515551
397 1186 552 1251 tribunali
574 1186 765 1268 praesidere.
782 1191 807 1269 1)
1269 1182 1322 1247 Ab
1351 1184 1506 1247 extremis
1535 1184 1622 1246 enim
1650 1186 1737 1250 orbis
1766 1186 1894 1268 augulis
1926 1184 2120 1250 exaudietur
2150 1186 2250 1250 tubae

332 1277 378 1336 16.
429 1273 517 1337 Η155
549 1272 762 1353 multiplicem
794 1274 936 1337 fructum
970 1271 1093 1354 colligit
1126 1269 1215 1334 fides.
1270 1265 1419 1352 clangor,
1448 1289 1511 1350 quo
1539 1268 1580 1332 ad
1604 1271 1707 1351 ipsius
1729 1272 1873 1335 tribunal
1896 1280 2102 1336 accersantur
2124 1292 2248 1349 omnes,

243 1357 412 1442 Siquidem
426 1357 587 1440 intelligit,
610 1359 788 1421 Dominum
811 1380 870 1421 555
891 1359 925 1421 15
938 1357 1064 1421 55515111
1082 1377 1217 1420 ascensu
1270 1364 1340 1417 tum
1378 1375 1458 1436 quos
1492 1353 1561 1419 dies
1594 1355 1649 1419 ille
1682 1359 1873 1439 superstites
1907 1355 2143 1439 deprehendet,
2176 1366 2250 1420 tum

243 1445 369 1510 aditum
403 1445 496 1526 regni
525 1443 685 1517 eoelestis,
720 1445 776 1524 q'ui
803 1465 861 1526 per
889 1444 998 1507 Adam
1029 1441 1218 1525 praeelusus
1269 1461 1349 1590 quos
1370 1441 1437 1503 iam
1460 1449 1557 1504 antea
1578 1442 1762 1507 cvivorum
1785 1444 1945 1509 consortio
1963 1464 2052 1507 mors
2069 1442 2249 1507 5555515115.

242 1531 362 1605 155155,
395 1530 567 1611 aperuisse.
613 1527 753 1609 Quando
787 1530 873 1593 enim
906 1530 940 1592 in
973 1550 1071 1593 earne
1104 1539 1219 1591 nostra
1298 1527 1994 1608 511511515555511151511155155151151515
2016 1528 2173 1593 voeabula
2194 1529 2251 1595 hio

241 1615 1219 1698 (15551555555551155551511555115555,1555551515111
1270 1612 1447 1695 accipiant3
1481 1622 1514 1675 55
1546 1634 1625 1676 5555
1658 1613 1806 1678 videmus
1840 1614 1998 1696 quosdam
2031 1623 2181 1679 veterum
2212 1615 2251 1678 in

241 1701 327 1782 quod
360 1703 406 1764 ait
438 1701 604 1782 apostolus
633 1701 732 1782 (Eph.
752 1705 788 1777 2,
809 1702 858 1785 5),
891 1722 950 1764 nos
982 1697 1218 1783 quodammodo
1270 1697 1449 1780 particulae
1469 1699 1563 1762 istius
1585 1701 1785 1780 expositione
1804 1700 1997 1777 haesitasse;
2019 1700 2075 1764 sed
2097 1700 2153 1763 ille
2174 1721 2250 1765 sen-

240 1787 277 1850 in
298 1787 490 1851 coelestibus
512 1787 578 1849 iam
601 1787 635 1849 in
655 1785 724 1867 ipso
744 1786 919 1863 considere,
943 1796 1055 1867 utpote
1072 1786 1218 1868 1151555-
1271 1804 1341 1859 sus,
1369 1792 1407 1846 ut
1432 1783 1549 1866 planus
1579 1791 1628 1848 555
1655 1797 1689 1848 55
1709 1785 1884 1863 dilucidus,
1912 1789 1959 1851 155
1980 1786 2129 1870 symbolo
2151 1786 2251 1870 longe

240 1865 309 1936 111111
332 1894 398 1936 555
420 1893 477 1954 spe
499 1871 587 1935 nuda
609 1884 842 1953 exspectemus,
866 1871 923 1936 sed
941 1873 975 1935 in
991 1872 1095 1953 capite
1107 1879 1218 1934 nostro
1271 1870 1514 1934 convenientior
1546 1880 1609 1946 est,
1644 1871 1729 1951 quod
1762 1871 1961 1953 populariter
1991 1873 2149 1953 scripturn
2178 1893 2250 1936 esse

240 1958 472 2042 possideamus.
508 1958 635 2021 Deinde
654 1959 801 2040 agnoseit
819 1957 913 2021 illum
930 1980 994 2021 non
1013 1958 1083 2021 sine
1099 1978 1218 2038 magno
1271 1964 1407 2020 5555555.
1463 1955 1577 2036 Neque
1610 1966 1772 2038 repugnat
1805 1957 1891 2038 quod
1922 1957 2088 2040 apostolus
2121 1959 2248 2035 asserit,

242 2058 353 2107 nostro
384 2044 468 2108 bono
503 2037 590 2124 apud
622 2053 748 2125 patrem
781 2043 931 2107 residere.
988 2041 1218 2107 Sanetuarium
1272 2040 1423 2105 omnibus
1450 2040 1638 2105 hominibus
1660 2044 1873 2106 constitutum
1902 2044 2001 2108 semel
2024 2044 2107 2107 mori
2130 2043 2248 2127 (Hebr.

241 2129 329 2194 enim
357 2150 423 2192 non
451 2131 696 2193 manufactum
718 2131 899 2211 ingressus,
928 2150 1037 2193 eoram
1058 2129 1139 2191 faeie
1160 2149 1218 2209 pa·
1272 2130 1307 2202 9,
1327 2126 1393 2208 27).
1438 2126 1524 2189 Nam
1552 2128 1614 2190 etsi
1637 2149 1702 2190 non
1724 2130 1907 2193 morientur
1928 2129 2070 2193 naturali
2095 2128 2250 2194 modoet

241 2216 302 2278 5115
324 2214 475 2278 assiduus
497 2235 556 2295 pro
578 2215 670 2279 nobis
693 2214 869 2279 advocatus
891 2222 925 2277 et
945 2215 1140 2279 intercessor
1162 2232 1219 2294 ap·
1272 2210 1402 2288 ordine,
1436 2214 1493 2293 qui
1525 2211 1567 2275 ad
1598 2211 1754 2277 iudicium
1781 2215 1934 2278 talamum
1960 2217 1995 2279 in
2024 2215 2092 2278 vita
2119 2215 2249 2280 mortali

242 2310 337 2383 paret
359 2299 474 2384 (Hebr.
500 2304 536 2377 7,
556 2302 595 2361 25
620 2310 652 2364 et
675 2304 709 2376 9,
732 2305 786 2378 11;
809 2301 847 2365 ef.
871 2301 1021 2376 115158,
1045 2299 1116 2381 34);
1149 2299 1219 2362 5155
1272 2303 1476 2378 supererimt,
1499 2298 1637 2362 mutatio
1661 2310 1772 2363 tamen
1791 2300 1847 2364 illa
1864 2321 1961 2382 qua-m
1975 2301 2150 2384 patientur,
2173 2303 2250 2383 quia

242 2385 353 2450 5511155
375 2386 410 2447 15
432 2407 526 2449 suam
548 2386 704 2449 iustitiam
726 2387 774 2448 ita
794 2387 963 2462 convertit,
987 2394 1024 2449 ut
1042 2408 1062 2449 a
1079 2386 1219 2467 peccatis
1271 2382 1374 2447 instar
1402 2384 1517 2447 mortis
1545 2385 1623 2461 erit,
1652 2406 1719 2449 non
1746 2387 1922 2468 improprie
1944 2406 2032 2450 mors
2054 2386 2247 2469 appellatur.

243 2472 362 2535 nostris
389 2480 527 2549 avertat;
555 2472 624 2535 eius
656 2472 801 2535 animum
829 2473 876 2534 155
902 2471 994 2535 55515
1022 2471 1217 2548 reconciliat,
1271 2468 1344 2532 Non
1367 2489 1479 2533 omnes
1501 2468 1632 2550 quidem
1654 2470 1850 2535 dormituros
1872 2480 1998 2536 certum
2020 2480 2085 2548 est,
2108 2471 2165 2535 sed
2187 2474 2249 2536 im-

242 2564 280 2620 ut
302 2558 391 2620 viam
411 2565 444 2620 et
465 2577 629 2621 accessum
652 2558 745 2621 nobis
768 2566 893 2621 sternat
914 2557 1042 2621 adeius
1061 2556 1218 2619 thronum
1270 2554 1486 2617 mutabuntur
1507 2576 1619 2619 omnes
1640 2556 1671 2638 (1
1696 2554 1770 2621 Cor.
1793 2563 1841 2631 15,
1862 2559 1927 2639 51).
1958 2555 2047 2637 Quid
2068 2558 2156 2622 istud
2174 2558 2247 2622 est?

241 2643 557 2722 suaintereessione;
579 2644 687 2724 ipsum
709 2644 815 2727 gratia
836 2651 869 2707 et
890 2642 1063 2708 clementia
1078 2641 1216 2723 replens,
1271 2639 1423 2704 Interibit
1461 2650 1494 2704 et
1533 2641 1756 2706 absorbebitur
1798 2664 1863 2706 uno
1898 2656 2062 2707 momento
2100 2644 2249 2708 mortalis

242 2727 296 2811 qui
326 2729 444 2810 alioqui
467 2730 594 2793 miseris
615 2729 835 2810 peecatoribus
862 2729 978 2811 plenus
1001 2728 1145 2792 horroris
1167 2728 1218 2791 fu·
1271 2746 1383 2789 eorum
1406 2727 1489 2802 vita,
1512 2727 1601 2790 etin
1624 2748 1743 2791 novam
1765 2730 1894 2810 penitus
1916 2740 2068 2793 naturam
2089 2730 2248 2793 transfor·

236 2808 336 2878 'timis
363 2825 441 2879 erat.
487 2815 597 2879 Tertio
625 2817 802 2896 potentiam
828 2816 897 2879 eius
920 2813 1152 2898 apprehendit,
1183 2814 1218 2876 in
1271 2811 1423 2876 mabitur.
1474 2811 1645 2879 Interitum
1680 2815 1779 2877 istum
1813 2816 1920 2879 carnis
1951 2837 2047 2879 nemo
2079 2817 2250 2898 negaverit

240 2921 305 2983 qua
328 2901 427 2963 situm
449 2912 499 2964 est
520 2910 666 2964 nostrum
690 2901 806 2977 robur,
835 2901 956 2978 virtus,
985 2921 1075 2981 opes,
1106 2906 1139 2963 55
1161 2898 1218 2962 511-
1270 2907 1410 2960 mortem
1442 2919 1526 2975 esse;
1559 2907 1671 2963 manet
1704 2908 1814 2964 tamen
1842 2902 1974 2964 interim
2001 2922 2129 2979 verum,
2163 2900 2249 2983 quod

241 3007 356 3050 versus
377 2986 498 3050 inferos
518 2985 676 3069 gloriatio.
722 2986 807 3049 Nam
828 2984 1005 3051 ascendens
1026 2986 1062 3048 in
1084 2983 1217 3061 coelum,
1271 2982 1339 3046 vivi
1361 2991 1394 3046 et
1414 2985 1535 3047 mortui
1558 2984 1599 3048 ad
1622 2984 1776 3049 iudicium
1800 2986 2001 3064 citabuntur3
2024 2987 2101 3069 quia
2117 2989 2248 3063 mortui,

242 3072 406 3151 captivam
429 3071 523 3134 duxit
541 3072 762 3152 captivitatem
781 3071 881 3154 (Eph.
902 3077 930 3148 4,
950 3070 995 3155 8),
1019 3080 1052 3134 55
1073 3070 1218 3152 spoliatis
1271 3069 1327 3149 qui
1354 3070 1387 3132 in
1415 3067 1547 3134 Christo
1574 3080 1667 3143 sunt,
1701 3082 1876 3154 resurgent
1897 3073 2007 3153 primi:
2043 3072 2158 3136 deinde
2191 3075 2248 3154 qui

157 3176 165 3191 ¹
243 3154 393 3219 hostibus
426 3156 634 3238 locupletavit
664 3157 820 3239 populum
853 3179 964 3233 55515,
1004 3177 1041 3221 55
1075 3155 1218 3238 1155511115
1271 3153 1387 3236 reliqui
1420 3165 1517 3219 erunt
1550 3167 1583 3219 55
1615 3157 1805 3238 superstites
1837 3158 1968 3223 obviam
1999 3159 2141 3223 Domino
2173 3180 2250 3223 cum

242 3240 466 3323 spiritualibus
494 3241 616 3307 divitiis
644 3241 796 3306 cumulat
841 3243 884 3307 In
909 3242 1046 3306 excelsis
1068 3262 1145 3325 ergo
1168 3263 1218 3307 se-
1271 3238 1336 3304 illis
1369 3241 1536 3321 rapientur
1568 3242 1603 3305 in
1636 3264 1713 3306 5515
1741 3242 2042 3326 (115555416).
2087 3245 2134 3308 Et
2162 3254 2249 3309 55155

242 3324 312 3403 det,
342 3337 380 3389 ut
401 3328 566 3391 transfusa
594 3326 1092 3392 151551555555111555515
1115 3328 1219 3392 vitam
1271 3326 1446 3391 verisimile
1479 3334 1528 3390 est
1559 3327 1644 3391 hano
1676 3328 1870 3410 particulam
1901 3351 1943 3393 511
1976 3331 2129 3395 55551555
2157 3331 2249 3395 Ρ5511

241 3411 444 3493 spiritualem
473 3433 531 3475 nos
562 3414 722 3490 vivificet,
750 3426 788 3476 ut
810 3415 926 3496 spiritu
949 3435 1007 3477 suo
1030 3414 1217 3491 sanctificet,
1270 3430 1365 3490 quam
1386 3413 1478 3491 refert
1496 3412 1700 3496 lucas(Aet.
1719 3419 1765 3492 10,
1779 3416 1836 3496 42)
1856 3414 2061 3498 desumptam
2084 3417 2193 3494 fuisse,
2216 3424 2249 3481 et

242 3505 280 3560 ut
296 3497 397 3560 variis
420 3498 600 3579 gratiarum
623 3498 751 3562 dotibus
773 3499 942 3563 ecelesiam
960 3520 1054 3563 suam
1072 3505 1216 3576 exornet,
1271 3496 1396 3560 solenni
1408 3497 1504 3561 Pauli
1516 3497 1557 3562 ad
1570 3499 1776 3563 Timotheum
1792 3499 2004 3566 obtestatione
2016 3503 2050 3585 (2
2063 3503 2146 3566 'lina
2160 3508 2190 3581 4,
2206 3503 2247 3585 1).

241 3591 279 3646 ut
288 3584 488 3664 protectione
511 3604 571 3646 sua
592 3591 696 3646 tutam
720 3583 876 3648 adversus
889 3605 1002 3648 omnes
1023 3604 1217 3649 551155555-
1361 3587 1407 3645 18.
1464 3583 1553 3647 Η155
1585 3586 1718 3668 egregia
1751 3588 1896 3650 exoritur
1929 3588 2122 3665 consolatio,
2162 3588 2249 3669 quod

242 3678 364 3745 servet,
392 3678 429 3731 ut
450 3668 641 3734 ferocientes
666 3670 770 3734 erucis
792 3691 870 3735 suae
892 3690 930 3734 ac
951 3677 1081 3734 nostrae
1103 3670 1217 3734 salutis
1270 3688 1370 3751 penes
1392 3689 1466 3732 eum
1490 3668 1646 3733 iudicium
1667 3671 1816 3736 5511151115
1838 3692 1924 3747 esse,
1952 3673 2009 3755 qui
2037 3694 2096 3737 nos
2123 3674 2183 3738 sibi
2212 3674 2248 3736 in

170 3784 177 3802 1
241 3752 352 3818 hostes
378 3774 496 3818 manus
519 3776 597 3818 suae
617 3754 807 3819 fortitudine
829 3767 990 3834 55515555,
1020 3754 1159 3838 1155111115
1182 3764 1219 3819 55
1269 3753 1442 3819 iudicando
1470 3754 1603 3819 honoris
1625 3766 1788 3822 consortes
1810 3758 1876 3821 1515
1900 3757 2088 3837 destinavit;
2116 3767 2248 3822 tanturn

241 3860 372 3904 omnem
399 3848 508 3904 teneat
530 3848 725 3923 potestatem
752 3842 786 3904 in
808 3841 897 3906 coele
919 3842 1007 3905 etin
1030 3849 1130 3905 terra:
1162 3840 1218 3904 do-
1271 3839 1362 3903 abest
1389 3847 1427 3903 ut
1457 3840 1493 3904 in
1526 3841 1829 3907 condemnationem
1857 3853 2004 3908 nostram
2027 3843 2171 3909 tribunal
2204 3846 2248 3907 sit

171 3947 175 3954 ·
240 3946 301 3993 neo
333 3925 481 3990 inimicos
514 3947 625 3989 omnes
659 3948 748 4005 5555,
783 3929 838 4010 qui
872 3927 970 3991 etiarn
998 3927 1102 3989 nostri
1128 3937 1215 4004 sunt,
1270 3946 1514 3990 conscensurus.
1566 3925 1737 4006 Quomodo
1776 3930 1865 3993 enim
1903 3929 2053 4013 perderet
2089 3928 2248 4012 populum

240 4013 462 4092 prostraverit,
481 4033 518 4076 55
536 4011 689 4077 eeclesiae
707 4035 784 4079 suae
797 4011 1054 4078 aedificationem
1066 4034 1218 4077 consum-
1271 4032 1367 4074 suum
1400 4011 1671 4077 elementissimus
1702 4015 1875 4097 princeps?
1909 4012 2068 4098 quomodo
2098 4014 2249 4080 membra

241 4097 348 4159 merit.
393 4096 493 4177 Atqui
519 4098 569 4161 1115
595 4118 686 4162 vaus
718 4105 762 4163 eat
788 4099 876 4181 reyai
903 4100 971 4163 51155
999 4104 1112 4175 actua,
1145 4097 1219 4162 11555
1271 4117 1332 4160 sua
1353 4110 1451 4178 eaput
1474 4096 1668 4181 dissiparet?
1697 4101 1857 4182 quomodo
1885 4121 1959 4166 suos
1980 4099 2115 4165 clientes
2135 4109 2249 4183 patro-

235 4187 373 4263 potestos
399 4203 495 4262 qaam
522 4185 558 4247 15
583 4205 655 4248 eum
676 4185 803 4249 5511511515
818 4189 926 4264 pater,
955 4185 1047 4248 1151155
1074 4184 1219 4247 abimum
1271 4202 1335 4247 nus
1362 4182 1613 4248 condemnaret?
1658 4186 1745 4249 Nam
1772 4188 1799 4250 51
1827 4187 1928 4252 audet
1952 4185 2136 4252 exclamare
2171 4209 2249 4269 apo·

241 4272 345 4331 555515
371 4267 414 4332 ad
440 4269 580 4333 1115511515
609 4276 637 4333 et
664 4275 857 4334 mortuorum
879 4270 1033 4335 1515151515
1051 4271 1220 4335 advenam
1272 4267 1389 4346 stolus,
1422 4268 1554 4333 Christo
1587 4271 1809 4337 intercedente
1840 4273 1969 4337 nullum
1995 4272 2128 4357 prodire
2154 4294 2250 4357 posse

241 4354 396 4434 5551111555.
1271 4354 1327 4503 qui
1360 4353 1554 4418 condemnet
1586 4356 1696 4438 (Rom.
1726 4363 1762 4435 8,
1793 4358 1864 4441 33),
1904 4359 2009 4423 155155
2046 4360 2158 4423 151155
2191 4371 2249 4437 555,

226 4500 230 4506 .
330 4444 376 4502 17.
422 4439 497 4503 Ν55
525 4440 664 4505 5555515
691 4441 823 4522 quidem
845 4441 1129 4523 praesentissimae
1151 4441 1218 4504 vir-
1302 4438 1442 4503 hristum
1466 4441 1576 4523 ipsum
1597 4443 1844 4508 intercessorem
1867 4465 1933 4508 non
1955 4444 2251 4510 condemnaturum

225 4524 1219 4615 ,555515555555511155555551501111551155511515555
1271 4544 1427 4607 eosquos
1448 4526 1485 4590 in
1506 4527 1604 4592 fidem
1626 4529 1872 4611 clientelamque
1895 4552 1989 4594 55551
2010 4532 2141 4613 recepit
2174 4531 2251 4594 Non

239 4612 346 4675 carnis
374 4611 559 4676 humilitate
595 4611 832 4694 quodammodo
863 4614 899 4677 in
929 4614 1026 4677 terris
1060 4610 1219 4677 delitescit
1271 4610 1399 4676 modica
1420 4623 1508 4678 certe
1530 4617 1702 4691 securitas,
1731 4615 1817 4697 quod
1840 4638 1907 4680 non
1929 4616 1971 4681 ad
1993 4616 2083 4682 aliud
2105 4615 2250 4680 tribunal

240 4697 310 4760 eius
342 4718 496 4779 regnum,
532 4699 654 4780 optimo
681 4698 751 4762 iure
781 4710 918 4763 vocatur
949 4698 1030 4764 fides
1062 4697 1104 4762 ad
1132 4698 1220 4780 cogi-
1273 4697 1426 4762 sistamur
1454 4720 1553 4781 quam
1579 4699 1793 4783 redemptoris
1815 4704 1933 4780 nostri,
1962 4724 1983 4766 5
2009 4724 2073 4785 quo
2099 4701 2186 4767 salus
2207 4703 2251 4766 sit

241 4779 376 4845 tendam
397 4783 559 4847 visibilem
588 4784 679 4848 illam
705 4785 923 4867 praesentiam
946 4806 1044 4868 quarn
1069 4804 1220 4866 supremo
1273 4784 1505 4867 exspectanda;
1520 4786 1544 4869 ¹)
1566 4794 1742 4867 praeterea,
1766 4788 1852 4867 quod
1873 4788 1928 4852 illc
1951 4789 2006 4871 qui
2028 4809 2087 4871 per
2107 4808 2249 4871 evange-

242 4865 294 4930 die
338 4868 566 4933 manifestabit.
624 4869 757 4934 Visibili
801 4871 888 4935 enim
930 4871 1035 4936 forma
1075 4891 1092 4934 e
1131 4867 1220 4934 coelo
1272 4867 1353 4933 lium
1386 4892 1473 4935 nune
1508 4880 1674 4935 aeternam
1700 4872 1932 4938 beatitudinem
1959 4875 2135 4957 promittit,
2169 4883 2248 4940 tunc

244 4949 417 5015 descendet
450 4953 554 5033 qualis
588 4955 764 5021 ascendere
796 4957 886 5021 visus
917 4967 967 5022 est
994 4956 1081 5039 (Act
1109 4960 1140 5034 1,
1168 4959 1219 5034 11;
1272 4961 1379 5018 ratam
1405 4957 1651 5037 premissionem
1684 4956 1857 5023 iudicando
1881 4960 2027 5026 facturus
2053 4968 2112 5027 est
2156 4961 2247 5044 Ergo

308 5225 337 5292 1)
356 5225 498 5294 Augustin,
518 5225 551 5278 de
569 5225 621 5278 fide
640 5233 668 5279 et
685 5228 808 5297 symbolo
826 5245 847 5282 ρ,
867 5227 882 5280 7
901 5245 957 5297 seq,
1245 5194 1249 5274 1
1343 5226 1371 5289 1)
1390 5225 1460 5277 Vide
1479 5228 1605 5280 Ainbres.
1624 5230 1685 5282 libr.
1705 5230 1727 5282 1.
1747 5231 1781 5284 de
1799 5232 1852 5285 Iac.
1872 5251 1893 5287 5
1913 5234 1936 5286 6.
