4672 5842
277 1507 379 1642 IN
381 1384 862 1642 STiTUTlON
865 1505 947 1641 IS
992 1504 1624 1642 CHRISTIANAE
1664 1504 2114 1640 RELIGION
2114 1503 2198 1639 IS

959 1768 1147 1852 LIBER
1178 1766 1510 1905 SECUNDUS.

645 1973 738 2069 DE
767 1971 1182 2071 COGNITIONE
1209 1973 1331 2069 DEI
1357 1970 1839 2070 REDEMPTORIS

231 2128 283 2193 IN
304 2122 523 2203 OHRJS'PO,
553 2122 680 2205 QUAE
703 2122 935 2191 PATRIBUS
955 2123 1045 2190 SUB
1068 2123 1195 2191 LEGE
1220 2124 1425 2203 PRIMUM,
1447 2125 1627 2190 DEINDE
1649 2124 1709 2189 ΕΤ
1730 2122 1872 2191 NOBIS
1893 2124 1944 2190 IN
1965 2121 2243 2190 EVANGELIO

1040 2235 1318 2302 Pluuuacua
1340 2234 1435 2302 EST.

602 2425 754 2491 CAPUT
775 2426 801 2489 Ι.
817 2425 841 2507 ¹)
1270 2424 1390 2489 Iltirtde
1417 2431 1452 2489 nt
1482 2426 1568 2490 riobis
1596 2430 1737 2489 omromat
1766 2426 1883 2489 misero
1904 2430 1978 2506 post
1999 2425 2091 2490 Adae
2118 2426 2245 2506 lapsam

765 2567 772 2582 ,
1266 2517 1374 2575 nostra
1395 2513 1537 2581 conditio,
1560 2512 1652 2575 cuius
1671 2530 1790 2587 seriens,
1808 2516 1971 2591 prostrata
1992 2513 2077 2576 ottoni
2096 2511 2199 2594 pluria
2217 2518 2245 2575 et

236 2570 360 2655 Adae
391 2570 515 2680 lapsu
547 2584 591 2649 et
621 2568 855 2649 desecllolle
887 2580 1026 2649 totum
1063 2568 1214 2669 humas-
1264 2597 1399 2678 fidentia,
1428 2616 1484 2660 nos
1505 2598 1627 2677 pudore
1648 2595 1771 2660 chindas
1792 2617 1861 2660 cere
1881 2597 2031 2661 humiliet.
2077 2597 2164 2662 Nam
2185 2599 2244 2661 sia-

236 2722 340 2774 num
383 2720 521 2802 genus
567 2687 852 2770 maledictifflfi
897 2688 1032 2779 ἲῃὶςΒθΙ
1072 2688 1214 2770 qddjp.
1267 2685 1316 2746 uti-
1349 2682 1440 2747 Deus
1472 2683 1515 2746 ad
1544 2683 1709 2765 imapinem
1743 2702 1834 2745 mant
1862 2684 1953 2747 initio
1980 2704 2038 2749 nos
2064 2683 2173 2765 fleuit,
2207 2689 2243 2746 ut

588 2809 596 2824 ·
760 2808 768 2823 ·
808 2808 815 2823 ·
1267 2774 1381 2833 mentes
1417 2773 1541 2833 nostras
1579 2774 1645 2832 tum
1678 2768 1721 2831 ad
1754 2769 1882 2833 uirtutis
1914 2770 2069 2848 studium,
2102 2774 2168 2832 tum
2198 2770 2242 2832 ad

234 2824 347 2919 tum,
386 2825 432 2893 et
470 2841 494 2891 a
533 2839 670 2920 ana
708 2837 872 2917 Orlglne
912 2807 1213 2918 dpg'enemssel
1267 2861 1410 2919 aeternae
1430 2855 1512 2918 ritae
1532 2854 1762 2918 meditationem
1783 2857 1923 2937 eriperet,
1950 2855 2011 2934 ita,
2040 2877 2079 2920 ne
2100 2855 2243 2920 socordia

426 2933 500 3012 ubi
531 2930 584 3010 de
616 2940 789 3039 peccato
821 2928 1029 3038 originali.
1267 2946 1374 3005 nostru
1405 2940 1554 3005 obruatur
1586 2947 1674 3005 tanta
1709 2942 1834 3022 poneris
1858 2941 1957 3006 nostri
1990 2941 2134 3006 nobilitas
2161 2961 2243 3021 quae

1266 3047 1324 3091 nos
1350 3047 1372 3090 a
1399 3026 1501 3090 mide
1527 3027 1718 3090 animalibus
1738 3026 1900 3097 discernit.
1930 3046 2104 3109 euanescere
2132 3046 2243 3106 operae

325 3119 350 3178 l.
395 3114 472 3177 Non
494 3114 564 3176 eine
586 3132 686 3178 causa
712 3111 885 3194 proverbio
915 3112 1016 3175 veteri
1045 3122 1215 3194 tantopere
1262 3113 1401 3193 pretium
1422 3118 1475 3185 est,
1498 3112 1566 3176 ideo
1588 3134 1643 3176 nos
1664 3113 1785 3176 ratione
1804 3117 1833 3175 et
1854 3112 2056 3194 iutellipentia
2078 3112 2243 3192 praeditos

238 3201 364 3267 homini
386 3197 613 3264 commendata
635 3219 704 3263 cem
728 3219 764 3262 er
785 3198 847 3261 fuit
869 3197 1012 3280 cognitio
1031 3199 1082 3261 sui
1101 3199 1110 3260 i
1135 3200 1214 3263 siue.
1268 3219 1340 3276 esse,
1363 3203 1399 3261 ut
1418 3203 1557 3262 sanctam
1578 3203 1607 3261 et
1627 3197 1786 3262 honestam
1813 3200 1909 3262 vitam
1929 3198 2049 3263 calendo
2070 3199 2113 3263 ad
2128 3217 2244 3279 propo-

235 3287 323 3352 Nam
345 3287 372 3351 si
392 3295 489 3367 turpe
516 3284 668 3367 ignorare
695 3218 825 3347 ducitur
846 3303 1058 3366 quaecuuque
1089 3220 1134 3348 al
1151 3284 1214 3348 hu·
1267 3285 1364 3348 atum
1384 3283 1487 3348 motae
1509 3284 1753 3348 immortalitatis
1775 3304 1902 3365 scopum
1922 3284 2094 3349 tendamus.
2140 3281 2244 3348 Caete

236 3394 353 3436 manac
371 3372 459 3435 vitae
481 3372 641 3434 munnam
662 3370 843 3451 pertinent,
865 3369 970 3432 multa
993 3391 1070 3433 vero
1093 3370 1216 3435 foedior
1266 3391 1339 3434 rum
1369 3371 1406 3433 in
1437 3374 1567 3434 utentem
1598 3370 1703 3434 ventre
1733 3372 1841 3450 nequit
1868 3373 1980 3451 prima
2006 3370 2064 3434 illa
2095 3370 2243 3453 dictitas,

136 3482 139 3489 ·
235 3458 423 3542 ignorantia
451 3457 642 3533 metricat,
673 3476 738 3538 qua
759 3457 798 3519 fit
819 3463 857 3519 ut
884 3456 918 3519 in
941 3454 1097 3538 capiendo
1120 3454 1160 3520 de
1179 3478 1215 3520 re
1266 3457 1345 3536 quin
1366 3476 1439 3520 moe
1458 3476 1496 3519 ee
1518 3456 1616 3520 altera
1633 3460 1726 3539 parte
1746 3477 1780 3521 se
1798 3457 1905 3536 offmat
1927 3457 2015 3522 triste
2034 3455 2193 3537 foeditatis
2214 3461 2241 3520 et

236 3541 381 3628 qualibet
402 3542 586 3606 necessaria
605 3541 740 3605 consilio
762 3542 880 3606 misere
903 3540 1143 3606 hallucincmm·
1165 3552 1214 3606 at
1266 3542 1458 3624 iquorniniae
1483 3547 1606 3607 rmstrae
1627 3543 1847 3622 speaactrlum,
1875 3562 1914 3606 ec
1934 3563 1995 3623 quo
2016 3544 2053 3606 in
2067 3544 2171 3624 primi
2192 3541 2243 3605 he

235 3651 300 3714 que
320 3627 400 3693 adeo
423 3627 651 3692 caecutiamus.
694 3627 820 3691 Verum
843 3648 906 3709 quo
924 3627 1035 3691 utilior
1052 3639 1102 3691 eet
1120 3649 1215 3711 piae·
1267 3629 1365 3691 meinis
1386 3647 1523 3708 persona
1543 3627 1583 3690 ah
1603 3629 1723 3709 oripine
1745 3634 1849 3692 rmstra
1875 3629 2057 3693 excidimus.
2109 3627 2194 3693 Unde
2215 3633 2244 3691 et

237 3717 357 3798 ceptio,
386 3735 424 3778 ee
454 3713 643 3796 diligentius
669 3711 849 3776 videndum
875 3721 926 3778 eet
954 3713 1048 3778 nobis
1076 3735 1116 3777 ne
1144 3715 1216 3795 ipsa
1266 3715 1366 3777 nostri
1387 3713 1492 3778 odium
1515 3734 1552 3778 ac
1573 3713 1771 3795 displicentia
1792 3735 1925 3795 neroque
1944 3714 2108 3779 humilitas
2131 3714 2241 3785 emtur,

235 3810 443 3885 praepostere
460 3808 606 3876 utamur3
628 3799 713 3880 quad
734 3798 936 3882 philosophie
954 3798 1148 3882 quibusdam
1165 3801 1214 3863 vi·
1266 3805 1295 3863 et
1319 3819 1433 3863 reanum
1460 3799 1638 3864 accenditur
1666 3801 1835 3880 quaerendi
1856 3798 1921 3864 Dei
1942 3801 2096 3877 studium,
2126 3801 2161 3864 in
2181 3821 2243 3880 quo

237 3886 353 3952 demus
376 3885 541 3952 accidisse.
587 3884 641 3948 Illi
664 3886 767 3962 enim,
790 3884 869 3949 dum
891 3885 1058 3949 hominem
1081 3885 1215 3949 hortin-
1266 3886 1398 3967 quisque
1423 3906 1460 3949 ea
1488 3885 1567 3949 bona
1592 3891 1748 3966 recuperet
1772 3906 1905 3967 quorum
1925 3906 2063 3968 prorsum
2084 3888 2194 3951 inanes
2215 3893 2243 3950 et

238 3982 294 4037 tur
316 3982 353 4034 ut
375 3994 410 4038 ee
432 3972 541 4054 ipsum
561 3971 698 4048 noverit,
721 3972 821 4034 linem
839 3971 937 4034 simul
955 3982 1149 4053 pmpenunt,
1172 3992 1215 4034 ne
1266 3971 1358 4035 uacui
1379 3970 1647 4051 deprehendimur.

238 4057 434 4142 dignitatem
472 4057 761 4139 excellentiamque
800 4078 895 4121 suam
933 4058 1076 4134 nesciat5
1110 4077 1215 4138 neque
1354 4060 1382 4120 2.
1428 4056 1496 4120 Hoc
1521 4077 1596 4120 sane
1617 4057 1840 4138 quaerendum
1867 4059 1903 4122 in
1925 4058 2129 4123 excutiendis
2151 4059 2244 4123 nobis

237 4143 327 4210 aliud
354 4145 463 4226 ipsum
491 4143 525 4205 in
553 4164 587 4206 ee
615 4142 828 4224 contemplari
852 4142 982 4217 volunt,
1006 4162 1104 4224 quam
1126 4141 1215 4207 unde
1267 4163 1338 4208 esee
1370 4142 1563 4224 praescribit
1591 4142 1656 4207 Dei
1685 4144 1822 4207 veritae:
1857 4165 1975 4226 nempe
2009 4145 2110 4209 talem
2142 4146 2245 4228 exigit

236 4231 327 4296 inani
354 4229 475 4294 fiducia
500 4228 696 4293 intumescat
722 4243 755 4291 et
783 4228 936 4311 superbia
963 4228 1104 4291 infletur.
1152 4228 1216 4292 No·
1268 4229 1432 4306 notitiam,
1461 4250 1545 4310 quae
1576 4250 1635 4293 nos
1662 4238 1695 4293 et
1724 4229 1765 4294 ab
1791 4231 1879 4294 omni
1909 4230 2060 4313 propriae
2082 4230 2246 4296 facultatis

236 4318 297 4383 stri
324 4322 429 4381 autem
458 4316 591 4397 caprilia
611 4316 756 4394 primum
783 4315 819 4378 iu
841 4334 875 4379 eo
896 4314 960 4378 sita
979 4318 1041 4376 est:
1070 4318 1105 4376 ut
1124 4334 1216 4394 repu-
1268 4313 1465 4381 confidentia
1485 4315 1597 4396 procul
1619 4324 1741 4391 avocet
1764 4328 1798 4380 et
1819 4316 1908 4380 omni
1926 4316 2087 4400 gloriandi
2107 4318 2247 4382 materia

236 4408 336 4468 tontes
356 4400 433 4484 quid
454 4401 543 4467 nohis
564 4402 600 4464 in
621 4401 908 4472 ereotimtedatum
928 4399 985 4471 sit,
1008 4403 1035 4463 et
1057 4420 1152 4480 quom
1170 4400 1217 4464 be·
1268 4401 1440 4465 destitutas
1466 4400 1508 4465 ad
1536 4400 1784 4467 eubunssionem
1811 4402 1960 4467 adducat
2016 4401 2127 4482 Quam
2148 4424 2247 4486 regu-

236 4490 330 4572 niprm
350 4510 443 4555 suam
463 4509 538 4570 erpa
559 4508 616 4551 nos
631 4488 770 4569 qratiam
787 4487 940 4552 continuet
956 4484 1055 4563 Deris,
1077 4487 1217 4550 emamus
1267 4487 1335 4551 lam
1362 4494 1475 4551 tenere
1504 4489 1674 4567 convenit,
1702 4489 1730 4553 ai
1758 4485 1800 4550 ad
1827 4498 1951 4554 rectam
1977 4496 2012 4553 et
2038 4487 2186 4571 sapiendi
2213 4496 2247 4552 et

236 4580 356 4658 quanto
382 4577 425 4640 sit
454 4579 587 4638 naturae
612 4577 737 4637 nostrae
764 4571 957 4649 excellentia,
985 4572 1141 4652 siquidem
1171 4573 1218 4635 io·
1269 4571 1387 4657 agendi
1422 4584 1543 4638 metam
1575 4576 1762 4658 pertingere
1793 4573 1881 4638 libet
1938 4574 2052 4657 Neque
2085 4596 2137 4638 me
2166 4573 2247 4637 latet

236 4667 323 4745 tepea
345 4665 498 4737 moneret,·
519 4659 615 4725 sinnd
637 4664 741 4723 taurea
762 4659 935 4740 melianus,
957 4656 1040 4721 nihil
1062 4657 1151 4721 nobis
1167 4658 1217 4721 in·
1269 4671 1391 4742 quanta
1418 4659 1623 4742 plausibilier
1645 4661 1689 4724 sit
1716 4659 1773 4723 illa
1793 4662 1957 4726 sententia
1979 4681 2063 4743 quae
2084 4659 2126 4725 ad
2148 4680 2247 4740 repu-

237 4768 303 4812 essc
329 4747 514 4826 proprium,
540 4746 596 4810 sed
616 4746 763 4825 precam
788 4763 845 4808 nas
872 4749 973 4808 teuem
1000 4743 1156 4824 quidquid
1183 4745 1218 4807 in
1270 4744 1370 4810 tanda
1395 4756 1508 4811 nostia
1528 4747 1614 4810 bona
1639 4746 1745 4827 potius
1767 4767 1827 4811 nae
1848 4747 1983 4825 invitat,
2011 4767 2108 4830 quam
2130 4743 2172 4808 ad
2194 4745 2246 4808 in·

237 4852 295 4897 nos
326 4830 417 4894 Deus
448 4831 590 4909 contulit,
625 4835 661 4893 ut
693 4851 814 4911 semper
846 4829 886 4892 ah
918 4830 987 4912 ipso
1014 4829 1217 4909 pendeamus.
1271 4830 1486 4913 spiciendam,
1509 4851 1589 4912 quae
1609 4851 1665 4894 nos
1680 4832 1802 4913 pudore
1822 4832 1947 4897 obruere
1968 4833 2064 4909 dehet,
2090 4831 2248 4895 miseram

1271 4928 1418 4982 noctram
1450 4918 1593 4998 inopiam
1625 4938 1692 4980 una
1724 4938 1798 4983 oum
1830 4919 2020 5003 ignominia
2076 4915 2249 5000 Siquidem

1270 5003 1354 5068 nihil
1383 5000 1545 5084 estquod
1572 5002 1676 5084 magis
1705 5012 1839 5086 appetat
1866 5004 2050 5069 humanum
2076 5004 2251 5089 ingenium

310 5119 339 5186 1)
357 5119 422 5174 Huc
438 5118 598 5185 referendae
616 5126 680 5172 mot
697 5135 731 5173 ex
743 5119 932 5186 praecedentis
949 5118 1078 5174 editionis
1098 5118 1219 5188 Gapll.
1272 5110 1372 5172 ‘lum
1404 5085 1577 5187 blaqdltllq
1604 5086 1795 5190 ἆθῙῙΨῙθῨΓῘῖ
1829 5100 1926 5173 alque
1955 5090 2044 5167 ld⁰⁰r
2075 5092 2135 5190 ΨΜ,
2159 5089 2251 5155 d⁰l¹⁰⁸

239 5189 255 5256 ς
284 5188 369 5242 1-5.
389 5187 494 5242 7-15.
1272 5195 1348 5240 suae
1374 5194 1487 5257 magm
1508 5174 1579 5267 lien
1602 5173 1708 5253 audit,
1737 5197 1774 5240 m
1801 5175 1886 5242 hauc
1906 5186 2034 5260 partem
2056 5198 2159 5241 mmm
2180 5198 2253 5243 cre-

241 5001 445 5011 -.-—--
