4672 5842
32 334 37 350 ·
112 318 175 380 557
351 317 440 383 LIB.
463 317 527 385 ΠΙ.
571 319 636 386 DE
657 318 794 387 MODO
816 318 1166 386 PEROIPIDNDAE
1187 319 1379 386 onmem
1401 321 1619 405 caumas.
1667 320 1765 387 OAP.
1788 322 1869 389 ΧΠ.
2055 329 2118 393 558

111 507 185 571 viae
207 504 351 569 hominis
373 504 515 570 mundae
533 505 687 572 videntur
707 509 743 572 in
764 508 866 574 oculis
887 509 965 573 5155.
1000 506 1088 589 Quid
1140 509 1303 573 Dominus
1316 508 1402 591 apud
1415 509 1649 594 Zephaniam¹)
1662 507 1708 592 (3,
1723 511 1776 596 11)
1790 512 2004 594 sicloquitur:
2028 517 2117 582 aufe-

113 589 245 657 autem?
269 612 312 654 an
333 592 397 655 ista
418 592 673 658 hallucinatione
696 593 898 659 absolvitur?
923 595 1088 658 imovero
1140 616 1212 659 555
1234 593 1274 659 (15
1300 604 1332 658 15
1361 595 1596 673 exsultantem,
1625 597 1794 662 residuum
1815 598 1932 662 faciam
1954 600 1989 663 in
2010 602 2118 668 medio

112 676 401 761 (quemadmodum
422 678 542 743 ibidem
565 679 748 763 subiungit)
776 680 939 744 Dominus
966 678 1088 762 ponde·
1140 680 1252 764 populi
1262 682 1312 744 tui
1325 679 1484 746 afflictum
1503 690 1537 747 et
1550 701 1738 766 pauperem,
1761 691 1795 747 51
1812 684 1990 764 sperabunt
2000 687 2036 750 in
2048 686 2118 753 Do·

111 773 165 829 rat
186 763 298 840 corda,
333 763 480 841 555551,
513 762 591 828 dum
614 765 774 830 555555
797 773 966 830 externam
989 787 1089 848 quam
1140 768 1243 831 mino:
1273 788 1382 831 annon
1410 776 1521 849 aperte
1551 768 1759 833 demonstrat
1784 769 1838 850 qui
1865 770 1932 833 sint
1954 771 2116 838 humiles?

111 871 191 933 prae
219 868 254 914 se
280 849 344 912 1551
369 850 513 913 15111155
540 850 666 915 larvam
688 871 723 915 se
745 850 924 930 demulcet,
956 853 1088 931 interim
1139 853 1266 935 Nempe
1299 852 1356 934 qui
1385 873 1463 917 suae
1491 855 1699 937 paupertatis
1726 855 1910 938 cognitione
1932 857 2043 922 afflicti
2070 858 2119 923 ia·

112 937 275 1001 Dominus
302 934 459 1003 latentem
486 934 592 1000 cordis
618 937 841 1018 impuritatem
874 940 999 1001 trutina
1028 958 1089 1001 sua
1140 946 1224 1004 cent.
1269 937 1394 1003 Contra
1415 941 1571 1022 superbos
1597 952 1696 1004 vocat
1717 940 1932 1019 exsultantes,
1960 941 2118 1024 555155-

114 1023 289 1086 examinat.
335 1018 449 1100 Quum
481 1041 559 1103 ergo
591 1021 710 1086 talibus
743 1021 973 1087 blandimentis
1007 1022 1088 1087 adeo
1140 1025 1202 1089 bus
1223 1024 1387 1106 prosperis
1408 1025 1485 1090 laeti
1506 1025 1657 1090 homines
1681 1026 1808 1091 soleant
1830 1026 2002 1092 exsultare.
2043 1029 2118 1094 Hu-

113 1128 179 1172 555
198 1106 394 1188 proficiatur,
418 1127 459 1169 ne
480 1106 657 1172 illudamus
674 1106 767 1173 nobis
785 1108 871 1171 ultro
889 1110 923 1171 in
942 1117 1087 1172 nostram
1140 1108 1272 1174 milibus
1293 1131 1381 1188 vero,
1404 1132 1484 1193 quos
1506 1112 1634 1177 salvare
1657 1111 1812 1189 instituit,
1839 1111 1922 1176 nihil
1944 1113 2022 1178 facit
2042 1116 2118 1180 reli·

112 1191 300 1277 perniciem
346 1189 420 1271 Quo
449 1199 556 1256 autem
579 1213 638 1257 nos
660 1194 760 1274 probe
784 1194 1002 1272 excutiamus,
1031 1214 1088 1258 ne·
1141 1217 1256 1278 quum,
1289 1196 1354 1260 nisi
1385 1203 1425 1259 ut
1457 1206 1588 1280 sperent
1615 1199 1654 1263 15
1681 1198 1832 1262 Domino.
1878 1195 1934 1264 Sic
1967 1208 2000 1263 et
2031 1201 2118 1283 apud

111 1279 251 1345 cessario
278 1277 319 1341 ad
341 1277 406 1341 Dei
426 1277 569 1342 tribunal
599 1278 781 1343 revocanda
808 1286 858 1343 est
877 1286 988 1344 555155
1013 1300 1089 1343 con-
1140 1282 1280 1346 Iesaiam
1298 1282 1396 1364 (66,2
1416 1290 1449 1346 51
1469 1285 1606 1369 57,15):
1630 1283 1673 1349 ad
1696 1304 1792 1367 quem
1815 1289 1924 1347 autem
1947 1285 2119 1367 respiciam

112 1364 257 1431 scientia.
303 1364 397 1429 Illius
426 1363 514 1427 enim
543 1360 616 1428 luce
639 1365 771 1427 omuino
794 1387 875 1448 opus
898 1364 1011 1431 estad
1034 1363 1089 1429 de·
1141 1368 1205 1430 nisi
1234 1366 1275 1431 ad
1302 1368 1538 1450 pauperculum
1565 1379 1599 1435 et
1627 1369 1804 1436 contritum
1832 1368 1964 1449 spiritu,
1993 1380 2119 1437 55155-

111 1450 266 1534 tegenda,
290 1471 373 1533 quae
396 1448 517 1530 alioqui
538 1450 636 1514 nimis
657 1450 817 1532 profunde
839 1451 956 1529 latent,
979 1451 1089 1534 pravi·
1141 1461 1285 1517 mentem
1313 1475 1478 1519 sermones
1507 1456 1619 1521 moos?
1666 1455 1764 1519 Item:
1794 1453 1942 1518 excelsus
1965 1465 1997 1521 et
2019 1459 2119 1523 subli-

112 1537 188 1601 tatis
209 1544 340 1601 nostrae
362 1535 539 1601 involucra.
584 1536 669 1599 Tum
696 1535 835 1600 dilucide
858 1536 989 1601 demum
1015 1559 1089 1620 pcr—
1140 1538 1212 1617 mis,
1235 1538 1388 1603 habitans
1411 1543 1647 1619 aeternitatem,
1670 1547 1704 1605 et
1725 1546 1873 1604 sanctum
1897 1561 2017 1606 nomon
2039 1544 2118 1624 eius,

111 1623 298 1705 spiciamus,
338 1621 418 1703 quid
449 1622 514 1686 1515
545 1621 694 1686 valeant:
737 1622 833 1704 longe
866 1623 978 1687 abesse
1009 1623 1089 1705 5515
1140 1625 1175 1695 15
1197 1624 1324 1688 excelso
1353 1626 1447 1689 etin
1476 1635 1588 1693 sancto
1615 1627 1781 1703 habitans,
1815 1631 1848 1688 et
1877 1647 1952 1690 cum
1979 1630 2118 1694 contrito

112 1709 306 1773 iustificetur
337 1728 446 1773 coram
479 1707 550 1772 Dec
583 1707 695 1784 homo,
728 1707 866 1790 putredo
898 1716 931 1772 et
957 1709 1087 1786 vermis,
1141 1709 1321 1792 humilique
1350 1711 1479 1792 spiritu:
1515 1723 1553 1777 ut
1586 1714 1729 1778 vivificet
1754 1710 1906 1792 spiritum
1933 1712 2117 1795 humilium,

112 1792 339 1860 abominabilis
361 1801 394 1856 et
410 1813 525 1867 vanus,
548 1793 603 1874 qui
626 1792 708 1857 bibit
729 1801 885 1875 tanquam
904 1815 1004 1876 aquas
1025 1795 1088 1857 ini·
1140 1805 1173 1859 et
1194 1815 1249 1858 cor
1271 1797 1495 1862 contritorum.
1540 1797 1652 1879 Quum
1674 1796 1766 1863 audis
1795 1797 1892 1860 toties
1915 1799 2119 1865 contritionis

111 1877 532 1963 55115155(155.15,16).
566 1879 653 1944 Ν55
674 1879 747 1961 5515
764 1888 900 1961 5555551
915 1878 1087 1959 555155,
1140 1902 1267 1959 55555,
1291 1882 1440 1965 intellige
1457 1884 1563 1949 cordis
1582 1884 1710 1962 vulnus,
1733 1881 1819 1964 quod
1837 1884 2003 1948 hominem
2024 1884 2118 1950 humi

112 1965 153 2030 (15
179 1965 350 2031 1555515
378 1971 571 2046 conceptum
599 1964 744 2029 semine?
778 1986 819 2028 ne
850 1987 935 2029 unus
957 1964 1088 2048 quidem
1140 1970 1340 2048 prostratum
1369 1969 1474 2033 attolli
1500 1991 1567 2034 non
1595 1972 1689 2035 sinat.
1735 1967 1806 2032 Tali
1831 1970 2022 2034 contritione
2045 1970 2116 2037 vul-

112 2050 346 2135 (151(1.14,4).
392 2052 477 2114 Tum
511 2059 545 2114 et
569 2050 604 2114 id
631 2051 739 2133 ipsum
767 2052 973 2133 experiemur
1000 2051 1089 2133 quod
1140 2061 1291 2117 neretum
1318 2074 1388 2118 esse
1411 2071 1582 2121 cortuum
1604 2054 1710 2134 decet,
1741 2055 1769 2118 si
1796 2055 1881 2119 velis
1909 2077 1984 2121 cum
2007 2057 2117 2120 humi-

112 2137 152 2202 de
181 2158 216 2204 se
236 2137 296 2201 Iob
324 2135 452 2202 dicebat
474 2135 563 2219 (ibid.
584 2140 620 2213 9,
640 2136 710 2222 20):
746 2137 774 2200 si
801 2137 1008 2202 innocentem
1035 2158 1089 2201 me
1139 2137 1235 2216 libus,
1258 2139 1351 2203 iuxta
1368 2141 1432 2205 Dei
1453 2143 1659 2221 sententiam,
1682 2139 1831 2205 exaltari.
1876 2141 1917 2204 Id
1940 2142 1966 2206 si
1985 2164 2049 2206 non
2068 2143 2115 2220 fit,

112 2222 282 2292 ostendere
311 2223 459 2300 voluero,
494 2244 529 2286 os
563 2243 675 2287 meum
703 2219 934 2287 condemnabit
959 2244 1026 2302 me;
1060 2224 1088 2287 si
1140 2223 1363 2289 humiliaberis
1396 2228 1522 2309 potenti
1550 2229 1613 2293 Dei
1646 2249 1747 2291 manu
1781 2226 1818 2289 in
1850 2231 1937 2290 tuum
1965 2229 2118 2308 51555515

111 2313 249 2388 iustum,
272 2330 410 2392 pravum
433 2307 662 2390 comprobabit.
708 2308 822 2390 Neque
844 2309 932 2372 enim
954 2308 996 2373 ad
1017 2331 1088 2374 sae·
1123 2314 1168 2373 'et
1188 2310 1323 2374 dedecus.

111 2398 222 2467 culum
243 2416 357 2473 unum,
381 2393 438 2459 sed
460 2393 502 2459 ad
523 2395 633 2458 omnia
650 2394 799 2477 pertinet,
823 2393 908 2477 quod
929 2395 1089 2478 propheta
1228 2399 1255 2461 7.
1300 2397 1350 2460 Ac
1371 2397 1480 2462 verbis
1503 2420 1571 2463 uon
1592 2405 1765 2462 contentus
1787 2398 1929 2479 optimus
1950 2399 2116 2482 magister,

112 2484 189 2567 (155.
205 2484 253 2558 53,
267 2480 301 2565 6)
322 2480 362 2546 (15
379 2480 503 2545 1555515
525 2480 603 2545 5115
625 2478 836 2562 querebatur:
860 2499 972 2544 omnes
994 2481 1089 2563 quasi
1140 2481 1366 2564 1555555515,
1395 2482 1485 2547 velut
1511 2485 1547 2547 in
1575 2482 1700 2562 tabula,
1726 2483 1893 2567 legitimae
1922 2483 2118 2551 humilitatis

112 2591 189 2634 oves
208 2587 342 2644 errasse,
360 2587 624 2648 unumquemque
636 2565 863 2630 declinassein
880 2566 968 2630 viam
984 2587 1086 2631 suam.
1140 2568 1317 2651 imaginem
1343 2568 1436 2633 nobis
1462 2571 1721 2652 repraesentavit
1739 2567 1836 2650 (Luc.
1860 2573 1907 2647 18,
1930 2569 1994 2652 13).
2049 2571 2118 2635 Ρ5-

112 2653 283 2737 Siquidem
304 2674 416 2718 omnes
438 2652 504 2717 11115
522 2651 768 2735 comprehendit
790 2651 831 2715 ad
850 2672 931 2733 5555
948 2672 1087 2734 perven-
1139 2654 1305 2719 blicanum
1325 2654 1413 2717 euim
1435 2656 1565 2736 profert,
1588 2657 1643 2737 qui
1665 2655 1781 2738 procul
1803 2663 1903 2732 stans,
1924 2677 1985 2720 neo
2007 2656 2117 2720 oculos

112 2750 188 2805 tura
219 2744 305 2805 55551
337 2738 570 2821 redemptionis
603 2738 716 2821 gratia.
773 2738 882 2819 Atque
916 2759 954 2801 eo
986 2759 1087 2820 usque
1141 2739 1265 2805 audens
1286 2739 1321 2803 15
1344 2739 1469 2804 coelum
1492 2742 1626 2823 erigere,
1648 2762 1723 2806 cum
1747 2740 1852 2804 multo
1874 2740 2006 2823 planctu
2029 2751 2115 2805 orat:

112 2825 286 2909 procedere
309 2824 405 2889 debet
426 2825 520 2889 istius
537 2824 699 2888 examinis
721 2824 818 2907 rigor,
842 2820 945 2888 donec
966 2825 1001 2887 in
1018 2823 1087 2907 ple·
1138 2825 1290 2902 Domine,
1312 2826 1471 2907 propitius
1493 2834 1561 2893 esto
1583 2826 1664 2890 mihi
1685 2827 1858 2909 peccatori.
1892 2825 1943 2889 Ne
1964 2833 2117 2911 putemus

112 2935 190 2978 nam
210 2911 506 2976 consternationem
527 2932 588 2975 nos
610 2909 783 2992 subegerit,
811 2908 1023 2992 ecquomodo
1046 2909 1087 2973 ad
1140 2933 1210 2976 esse
1232 2909 1313 2974 haec
1334 2912 1430 2976 fictae
1451 2912 1629 2977 modestiae
1652 2914 1759 2996 signa,
1787 2909 1873 2994 quod
1902 2911 2027 2976 coelum
2049 2932 2114 2976 non

111 2996 330 3082 recipiendam
358 2995 485 3061 Christi
517 2996 658 3080 gratiam
691 2995 896 3078 compararit.
946 2994 1089 3060 Fallitur
1140 2996 1239 3061 audet
1271 2997 1407 3074 intueri,
1442 3019 1502 3062 nec
1530 2999 1664 3081 propius
1686 2997 1855 3076 accedere,
1890 2996 1974 3080 quod
2002 3005 2116 3080 pectus

112 3086 215 3163 5515,
249 3084 303 3166 551
333 3089 428 3165 55151
454 3103 489 3146 55
517 3082 617 3147 55155
644 3080 803 3146 fruendae
831 3101 901 3145 esee
926 3102 1085 3164 capacem,
1139 3081 1323 3167 plangendo
1344 3093 1547 3165 peccatorem
1575 3106 1609 3148 55
1631 3084 1768 3164 1515155,
1796 3082 1854 3149 sed
1880 3083 2046 3147 interioris
2068 3083 2116 3147 51-

111 3171 175 3236 5151
196 3190 326 3234 omnem
349 3168 439 3250 prius
463 3169 564 3232 animi
586 3165 794 3233 altitudinem
814 3165 974 3232 deiecerit.
1019 3168 1086 3233 No-
1139 3171 1241 3234 fectus
1263 3169 1403 3235 sciamus
1426 3191 1496 3254 esse
1518 3170 1714 3235 testimonia.
1758 3170 1813 3235 Ex
1836 3167 1974 3234 adverso
1996 3168 2116 3233 Phari-

110 3265 181 3320 tum
199 3262 249 3319 est
264 3252 357 3331 illud,
375 3251 486 3318 Dcum
504 3255 660 3337 superbos
678 3251 883 3333 confundere,
907 3253 1087 3319 humilibus
1139 3277 1251 3321 seeum
1273 3255 1420 3338 opponit,
1449 3256 1506 3337 qui
1528 3256 1651 3339 gratias
1672 3257 1741 3340 agit
1761 3257 1849 3334 Deo,
1877 3252 1963 3336 quod
1984 3275 2050 3318 non
2073 3254 2117 3318 sit

111 3343 190 3407 dare
211 3341 351 3422 gratiam
372 3338 404 3422 (1
425 3340 513 3403 Ρ515.
534 3339 631 3489 ahgi.
1139 3364 1180 3405 cx
1205 3341 1303 3424 vulgo
1332 3342 1519 3417 hominum,
1552 3347 1609 3405 aut
1630 3351 1754 3424 raptor,
1785 3351 1842 3405 aut
1867 3340 2023 3417 iniustus,
2058 3347 2116 3404 aut

197 3428 225 3488 6.
271 3423 364 3504 Quae
386 3431 497 3489 autem
514 3425 604 3490 hum'
623 3424 710 3489 ‘andi
727 3425 831 3490 nostri
850 3425 941 3504 ratio,
964 3424 1027 3490 nisi
1049 3432 1088 3490 ut
1139 3426 1267 3491 adulter
1273 3451 1281 3507 3
1310 3427 1465 3509 quoniam
1485 3427 1536 3491 bis
1558 3427 1720 3491 ieiunaret
1741 3428 1777 3490 in
1799 3425 1949 3501 sabbato,
1972 3424 2115 3490 decimas

110 3511 171 3575 toti
188 3511 301 3592 inopes
319 3525 364 3575 ac·
374 3510 471 3576 vacui
481 3510 545 3575 Dei
565 3510 807 3576 misericordiae
826 3511 932 3575 locum
950 3509 1084 3576 demus?
1138 3512 1231 3577 (15551
1259 3513 1406 3576 555155
1427 3534 1514 3594 quae
1532 3511 1723 3595 possidebat.
1769 3513 1895 3595 Aperta
1917 3511 2116 3577 confessione

110 3598 186 3662 Non
210 3595 298 3660 enim
316 3595 532 3661 humilitatem
551 3618 639 3675 voco,
662 3597 690 3662 si
712 3596 791 3680 quid
809 3595 903 3661 nobis
920 3596 1086 3662 residuum
1139 3599 1287 3683 agnoscit
1308 3619 1378 3663 esse
1396 3599 1460 3663 Dei
1483 3598 1604 3662 donum
1623 3620 1722 3680 quam
1743 3598 1845 3662 habet
1861 3597 2036 3676 iustitiam3
2059 3594 2116 3661 sed

112 3704 182 3750 5555
204 3689 367 3764 putamus.
412 3682 457 3745 Et
479 3682 638 3748 hactenus
683 3683 876 3748 crniciosam
898 3682 1086 3766 hypocrisin
1138 3685 1214 3767 quic
1240 3686 1364 3748 iustum
1392 3706 1427 3749 55
1456 3705 1525 3748 esse
1547 3683 1696 3762 confidit,
1732 3683 1915 3749 discedite
1943 3684 2023 3747 15515
2050 3682 2114 3746 Dei

112 3769 311 3844 docuerunt,
345 3768 402 3848 qui
430 3767 510 3833 haee
532 3768 628 3833 simul
651 3704 714 3834 (155
735 3770 888 3846 iunxere,
917 3768 1086 3833 humiliter
1138 3772 1286 3854 ingratus
1319 3776 1352 3834 et
1382 3769 1519 3834 odiosus.
1574 3769 1775 3836 Publicanus
1814 3790 1893 3833 suae
1932 3766 2115 3849 iniquitatis

111 3854 150 3921 de
169 3853 263 3919 nobis
282 3851 490 3918 sentiendum
502 3874 612 3919 coram
622 3853 704 3933 Deo,
723 3863 757 3919 et
768 3855 928 3919 iustitiam
940 3862 1086 3920 nostram
1138 3856 1302 3940 agnitione
1327 3856 1531 3921 iustificetur.
1576 3854 1665 3921 Hinc
1693 3855 1804 3921 videre
1830 3854 1906 3917 licet
1927 3858 2050 3934 quanta
2071 3852 2114 3915 511

111 3941 218 4024 aliquo
246 3940 316 4004 loco
343 3938 536 4004 habendam.
582 3939 620 4005 Si
645 3941 734 4005 enim
756 3950 989 4023 contraquam
1011 3963 1086 4005 sen·
1138 3941 1375 4007 humiliationis
1397 3949 1528 4006 nostrae
1546 3941 1653 4024 gratia
1675 3962 1783 4005 coram
1805 3938 1961 4003 Domino:
1986 3945 2113 4002 utnon

111 4029 208 4092 timus
230 4028 426 4093 confitemur
444 4046 553 4091 coram
564 4026 644 4105 Deo,
666 4025 810 4109 improbe
826 4026 876 4091 illi
893 4026 1085 4106 mentimur;
1138 4036 1248 4111 pateat
1274 4026 1498 4110 suscipiendae
1531 4028 1599 4091 cius
1626 4024 1864 4091 misericordiae
1892 4031 2020 4106 pectus,
2049 4023 2112 4088 nisi

111 4115 231 4178 sentire
254 4118 364 4177 autem
386 4134 453 4176 non
469 4132 642 4194 possumus
659 4121 698 4176 51
715 4113 814 4192 (15551,
841 4113 919 4196 5515
941 4135 1084 4195 prorsus,
1138 4115 1226 4178 omni
1258 4114 1408 4197 propriae
1442 4112 1612 4195 dignitatis
1634 4111 1787 4194 opinione
1808 4130 1942 4193 prorsus
1961 4131 2111 4175 vacuum.

110 4198 267 4283 quidquid
279 4198 410 4263 videtur
431 4198 467 4262 in
484 4198 578 4263 nobis
595 4220 665 4263 esse
683 4198 869 4347 gloriosum,
888 4207 1083 4265 conteratur.
1137 4200 1230 4266 Haec
1257 4200 1313 4264 ubi
1336 4200 1523 4282 occupavit,
1553 4197 1601 4262 illi
1630 4197 1752 4263 claudit
1774 4196 1908 4261 aditum.
1953 4194 2113 4276 Quodne

110 4284 222 4366 Quum
255 4304 334 4367 ergo
364 4284 456 4349 audis
489 4283 577 4367 apud
603 4306 684 4367 prop
710 4292 796 4348 etam
824 4282 926 4369 (Psal.
955 4290 1007 4364 18,
1027 4284 1084 4369 28)
1138 4288 1190 4350 cui
1211 4284 1347 4351 dubium
1369 4286 1468 4363 foret,
1503 4305 1576 4348 cum
1610 4284 1671 4349 hoc
1696 4282 1851 4347 mandato
1880 4282 2036 4346 dimissus
2063 4288 2113 4344 est

108 4377 258 4453 paratam
291 4391 362 4435 esse
395 4370 534 4435 salutem
567 4370 684 4434 555111
707 4369 840 4452 555515,
874 4370 1085 4436 (15155115555
1137 4371 1290 4437 Christus
1317 4393 1337 4435 a
1364 4379 1456 4453 patre
1483 4370 1518 4432 in
1541 4379 1677 4449 terram,
1711 4377 1749 4433 ut
1770 4369 2012 4452 evangelizaret
2032 4386 2112 4447 pau-

109 4456 210 4521 oculis
232 4455 463 4538 superborum:
486 4457 630 4538 primum
652 4456 767 4538 cogita,
792 4455 996 4521 adsalutem
1017 4479 1085 4522 non
1136 4458 1276 4540 peribus,
1300 4456 1486 4521 mederetur
1508 4456 1655 4522 contritis
1678 4454 1783 4535 corde,
1811 4452 2014 4538 praedicaret
2036 4471 2112 4532 cap-

108 4552 219 4624 patere
252 4563 418 4608 accessum
448 4542 512 4607 nisi
544 4540 689 4626 deposita
721 4541 810 4605 omni
842 4543 1008 4624 superbia,
1052 4552 1086 4607 51
1136 4543 1214 4608 tivis
1247 4543 1447 4621 libertatern,
1487 4542 1607 4606 clausis
1640 4542 1856 4624 apertionem,
1891 4537 2113 4604 consolaretur

109 4637 278 4712 assumpta
291 4627 394 4692 solida
412 4626 610 4706 humilitate,
629 4626 745 4692 deinde
759 4626 1084 4691 humilitatemillam
1136 4629 1286 4712 15555155,
1315 4627 1408 4692 (15551
1437 4626 1502 4692 11115
1523 4628 1663 4711 gloriam
1684 4648 1744 4710 pro
1766 4628 1889 4703 515555,
1921 4624 2028 4688 oleum
2051 4641 2112 4706 pro

108 4734 173 4777 non
196 4735 266 4778 5555
287 4712 481 4778 modestiam
503 4713 661 4796 aliquam,
690 4735 755 4796 qua
776 4713 918 4776 Domino
947 4713 987 4779 de
1013 4715 1084 4779 iure
1136 4715 1236 4793 luctu,
1259 4715 1396 4798 pallium
1418 4713 1524 4778 laudis
1566 4734 1603 4777 ro
1615 4715 1732 4797 spiritu
1744 4711 1900 4776 moeroris
1912 4709 1988 4793 (155.
2003 4712 2053 4786 61,
2069 4709 2111 4792 1).

108 4811 164 4863 155
193 4799 298 4883 pilum
325 4799 422 4864 cedas
450 4799 604 4882 (qualiter
632 4799 774 4864 humiles
796 4806 955 4863 vocantur
976 4819 1084 4863 coram
1136 4799 1326 4867 Secundum
1349 4800 1436 4865 istud
1456 4736 1664 4878 mandatum,
1693 4821 1759 4863 non
1781 4798 1844 4861 nisi
1867 4795 2051 4861 laborantes
2080 4802 2114 4860 et

108 4883 308 4964 hominibus,
342 4886 397 4967 551
425 4907 486 4951 555
512 4907 547 4949 55
573 4887 716 4952 fastuose
742 4885 897 4963 efferunt,
929 4907 988 4951 nec
1013 4885 1085 4950 aliis
1136 4895 1287 4952 oneratos
1316 4884 1645 4968 ad,participandam
1672 4904 1764 4949 suam
1786 4882 2034 4948 beneficentiam
2060 4880 2113 4944 in·

107 4970 284 5048 insrdtaut,
317 4992 418 5053 quum
445 4981 555 5036 tamen
583 4972 743 5039 nonnulla
770 4971 982 5038 excellentiae
1008 4993 1084 5036 con·
1136 4973 1220 5037 vitat
1250 4972 1383 5056 (Matth.
1414 4976 1466 5048 11,
1487 4973 1553 5053 28).
1599 4970 1644 5035 Et
1672 4970 1749 5034 51151
1777 4968 1868 5053 (ibid.
1892 4968 2020 5053 9‚13):
2051 4987 2113 5033 555

107 5057 243 5122 55155115
264 5055 437 5142 51155155),
460 5056 518 5123 sed
538 5060 786 5125 submissionem
809 5080 876 5122 non
898 5057 1084 5122 simulatam
1135 5061 1270 5126 scaled
1292 5060 1389 5123 iustos
1410 5055 1568 5134 vocandos,
1590 5057 1644 5121 sed
1660 5060 1842 5137 peccateres.

107 5144 210 5208 animi
232 5143 317 5209 serio
338 5144 491 5208 51555155
512 5143 702 5228 inopiaeque
724 5166 802 5210 suae
824 5166 922 5211 sensu
940 5153 1084 5210 5555155-

107 5230 192 5294 5511;
215 5231 262 5295 515
284 5229 373 5293 enim
395 5230 514 5313 ubique
537 5231 634 5296 verbo
651 5230 715 5297 Dei
738 5231 941 5299 describitur,
971 5229 1083 5311 Quum
1205 5246 1234 5311 1)
1255 5246 1316 5300 Iam
1335 5243 1402 5298 1561
1420 5245 1550 5302 scaea
1567 5246 1741 5316 Sophonicm,
1760 5251 1785 5300 ct
1802 5245 1843 5300 sic
1856 5250 1960 5313 postea.
