4672 5842
230 284 293 346 163
879 276 1147 346 INSTITUTIO
1169 278 1275 345 REL.
1298 276 1477 344 CHRIS'I'.
1500 281 1592 343 1559.
2177 278 2245 341 164

230 470 404 554 ambiguae
431 475 511 533 sunt
537 467 628 546 fidei,
657 465 715 532 sed
736 476 847 550 aperte
869 466 936 530 fere
957 467 1143 543 minantur,
1172 487 1210 530 ac
1234 488 1237 539 1
1262 466 1410 532 desinam
1428 470 1512 533 bene
1534 487 1666 548 sperare
1684 465 1786 549 (Psal.
1810 470 1879 544 118,
1899 469 1918 528 6
1937 475 1971 530 11
1989 469 2039 543 27,
2062 470 2080 528 3
2098 469 2202 542 1156,
2223 471 2245 528 b

229 565 436 641 praesentem
463 561 601 618 mortem
624 553 779 618 ridentur
801 554 974 617 intentare.
1019 550 1211 617 Conscende
1234 550 1238 641 l
1262 560 1295 618 et
1317 552 1419 637 alibi).
1463 551 1561 619 Unde
1588 551 1622 615 id
1649 574 1768 634 quaeso
1790 551 1927 630 habent,
1955 551 2041 634 quod
2069 552 2134 615 illis
2155 574 2245 616 nun·

230 664 365 718 navem,
392 639 475 722 pede
497 661 563 704 uno
585 661 606 704 1
628 648 732 704 morte
754 639 865 703 distas.
910 639 1005 721 Equo
1027 639 1146 717 inside,
1175 640 1210 702 in
1234 646 1238 699 t
1262 661 1361 721 quam
1382 641 1547 704 excutitur
1569 660 1628 702 sua
1649 639 1816 715 securitas,
1845 638 1909 702 nisi
1933 640 2018 721 quia,
2041 638 2097 702 ubi
2118 647 2245 703 temere

230 728 324 810 lapsu
347 726 439 809 pedis
460 727 560 790 unius
583 727 651 811 vita
673 734 731 789 tua
751 724 964 808 periclitatur.
1009 723 1130 789 Incede
1153 745 1211 807 per
1234 702 1238 815 1
1262 725 1407 790 mundus
1429 723 1570 789 volutari
1591 724 1627 786 in
1649 725 1788 806 speciem
1807 723 1945 800 videtur,
1967 725 2148 789 Dominum
2169 724 2245 788 ubi·

230 815 301 879 vias
323 813 423 890 urbis,
446 820 525 894 quot
546 820 625 876 sunt
646 813 680 874 in
705 812 798 897 tectis
816 811 955 893 tegulae,
978 820 1027 874 tot
1050 810 1211 876 discrimi-
1235 823 1238 899 2
1263 833 1325 893 que
1352 812 1480 893 operari
1509 811 1629 886 sciunt,
1657 811 1749 874 cuius
1777 831 1858 892 opus
1886 810 2056 875 confidunt
2082 810 2145 874 sibi
2171 811 2245 874 fore

229 898 328 964 nibus
350 921 386 963 es
403 897 571 962 obnoxius.
604 896 643 962 Si
659 897 894 961 ferramentum
912 897 948 961 in
965 906 1023 960 tua
1040 905 1097 960 aut
1115 897 1213 961 amici
1235 902 1239 989 j
1263 897 1428 961 salutare?
1473 897 1547 960 Iam
1578 898 1605 960 si
1636 897 1689 960 vel
1723 918 1742 960 1
1771 896 1914 973 diabolo,
1947 897 2000 960 rel
2028 917 2047 959 a
2075 896 2245 961 sceleratis

229 1007 332 1049 manu
353 987 410 1061 sit,
434 993 563 1048 exserta
585 991 635 1047 est
656 1004 752 1046 noxa.
798 981 964 1064 Quotquot
988 983 1143 1047 animalia
1164 984 1211 1047 fe-
1235 1014 1239 1097 1
1264 983 1450 1048 hominibus
1482 982 1651 1064 impetitur
1683 1004 1796 1046 eorum
1828 982 1932 1059 salus,
1971 982 2025 1045 hic
2052 1003 2145 1060 1111,
2177 982 2246 1046 nisi

229 1072 317 1136 rocia
340 1070 442 1147 vides,
464 1071 500 1132 in
522 1078 614 1133 tuam
635 1069 814 1151 perniciem
836 1076 963 1132 armata
984 1079 1069 1133 sunt.
1115 1068 1212 1150 Quod
1236 1122 1239 1149 ,
1262 1068 1489 1152 providentiae
1511 1068 1732 1133 recordatione
1756 1090 1794 1134 ac
1816 1067 2026 1133 meditatione
2048 1069 2246 1132 confirmen-

232 1158 260 1221 si
283 1157 336 1221 vel
363 1157 459 1220 horto
481 1155 563 1220 bene
586 1155 712 1218 munito
735 1153 902 1218 includere
924 1161 955 1218 te
979 1155 1126 1232 studeas,
1154 1154 1212 1219 ubi
1264 1164 1335 1231 tur,
1363 1156 1513 1238 protinus
1541 1154 1710 1219 concidere
1732 1174 1863 1219 necesse
1886 1155 1936 1217 sit
1981 1153 2109 1217 Verum
2130 1154 2186 1219 ubi
2208 1155 2246 1218 in

231 1243 318 1306 nihil
340 1264 438 1324 qnam
461 1243 639 1305 amoenitas
664 1249 833 1323 appareat,
863 1240 930 1304 11111
954 1261 1089 1322 serpens
1111 1242 1212 1305 inter·
1264 1243 1460 1305 memoriam
1475 1250 1640 1317 rerocant,
1660 1239 1823 1304 diabolum
1841 1248 2008 1323 totamque
2019 1241 2246 1322 improborum

232 1327 312 1393 dum
340 1328 514 1393 delitescet.
558 1327 688 1391 Domus
716 1326 846 1391 assidue
879 1327 1030 1392 incendio
1059 1327 1212 1405 subiecta,
1264 1327 1430 1392 cohortem
1453 1327 1500 1391 sic
1523 1326 1675 1391 omnibus
1697 1327 1845 1408 partibus
1867 1348 1968 1390 manu
1990 1327 2063 1404 Dei,
2086 1334 2246 1408 tanquam

231 1413 1215 1496 111111111111111111111111111,1111111·1111111111111111111111
1263 1414 1392 1490 fraeno,
1420 1413 1578 1490 cohiberi,
1612 1421 1649 1476 ut
1676 1434 1737 1477 nec
1765 1413 1934 1494 concipere
1960 1411 2064 1475 ullum
2086 1411 2246 1477 adversus

231 1501 387 1564 minatur.
434 1501 524 1582 Ager
546 1497 709 1580 grandini,
735 1500 882 1580 pruinae,
906 1500 1053 1576 siccitati,
1076 1499 1213 1582 aliisque
1264 1521 1323 1563 nos
1361 1499 1572 1576 maleficium,
1612 1520 1672 1563 nec
1712 1508 1905 1580 conceptum
1940 1498 2061 1574 moliri,
2102 1519 2162 1563 nec
2201 1497 2247 1563 ad

231 1584 480 1667 tempestatibus
502 1586 670 1666 expositus
693 1586 862 1666 quamsit,
886 1585 1094 1649 sterilitatem
1117 1593 1213 1668 atque
1263 1584 1533 1668 perpetrandum,
1567 1584 1595 1649 si
1621 1585 1766 1648 maxime
1791 1584 1984 1662 moliantur,
2013 1583 2153 1667 digitum
2174 1605 2246 1649 mo-

231 1692 273 1736 cx
296 1691 334 1733 ea
354 1670 473 1735 famem
496 1670 555 1733 tibi
579 1669 762 1734 denuntiat.
808 1668 936 1735 Omitto
961 1672 1132 1748 veneficia,
1161 1673 1212 1735 in·
1264 1693 1341 1736 vere
1369 1678 1504 1753 queant,
1540 1671 1606 1735 nisi
1641 1678 1800 1753 quantum
1844 1670 1900 1734 ille
1936 1671 2137 1752 permiserit,
2177 1670 2245 1735 imo

231 1756 345 1834 sidias,
377 1756 561 1831 latrocinia,
591 1757 659 1819 rim
688 1764 851 1838 apertum,
884 1765 1022 1838 quorum
1050 1778 1126 1839 pars
1153 1779 1213 1822 nos
1265 1758 1328 1822 nisi
1362 1766 1524 1839 quantum
1555 1756 1736 1835 mandarit,
1775 1777 1835 1821 nec
1870 1755 2079 1838 compedibus
2114 1754 2265 1820 tantum'

231 1842 319 1907 domi
347 1842 511 1920 obsident,
546 1864 621 1923 pars
650 1862 787 1926 peregre
814 1852 1066 1925 consequuntur.
1120 1843 1213 1908 Inter
1264 1845 1334 1908 eius
1367 1844 1471 1907 teneri
1504 1843 1636 1926 ligatos,
1671 1841 1728 1906 sed
1760 1842 1859 1906 etium
1894 1841 1936 1906 ad
1970 1841 2124 1925 obsequia
2151 1863 2246 1924 prae·

231 1927 292 1993 has
320 1929 489 2011 angustias
517 1950 627 1992 annon
655 1936 783 2010 oportet
809 1929 1033 1993 miserrimum
1055 1951 1125 1993 esse
1155 1929 1213 1993 ho·
1249 1928 1383 1993 stands
1410 1930 1523 1993 fraeno
1551 1929 1637 2012 cogi:
1668 1928 1792 1992 habent
1813 1927 1901 1992 unde
1925 1949 1959 1992 se
1981 1927 2108 2010 prolixe
2130 1949 2245 1993 conso-

232 2014 372 2091 minem,
405 2023 518 2096 utpote
550 2015 607 2096 qui
638 2014 674 2076 in
707 2014 777 2078 vita
803 2015 982 2078 senuvivus
1011 2016 1146 2080 anxium
1179 2024 1213 2079 et
1263 2015 1383 2079 lentur.
1416 2015 1503 2078 Nam
1526 2023 1564 2079 ut
1585 2015 1721 2078 Domini
1742 2022 1792 2078 est
1813 2035 1926 2078 eorum
1943 2014 2087 2078 furorem
2105 2035 2244 2091 armare,

231 2099 427 2183 languidum
453 2100 604 2182 spiritum
633 2121 731 2182 aegre
758 2101 885 2178 trahat,
913 2121 979 2165 non
1009 2122 1102 2166 secus
1129 2102 1213 2167 acsi
1236 2160 1239 2169 .
1264 2109 1298 2166 et
1317 2108 1506 2165 convertere
1534 2099 1764 2183 destinareque
1793 2121 1856 2182 quo
1878 2100 2027 2177 libuerit,
2055 2101 2102 2163 ita
2124 2107 2158 2163 et
2178 2121 2246 2165 mo-

232 2185 460 2250 immincntcm
488 2195 644 2268 perpetuo
673 2186 852 2252 cervicibus
880 2186 1026 2271 gladium
1055 2187 1210 2252 haberet?
1265 2186 1345 2250 dum
1372 2188 1536 2268 finemque
1563 2194 1723 2262 statuere,
1754 2207 1796 2250 ne
1823 2206 1883 2267 pro
1905 2207 1966 2250 sua
1987 2185 2122 2250 libidine
2143 2186 2245 2251 licen·

232 2271 334 2336 Dices
355 2273 419 2335 ista
440 2293 515 2336 raro
537 2272 685 2349 evenire,
709 2282 767 2336 aut
788 2281 876 2337 certe
898 2293 965 2337 non
988 2295 1131 2356 semper,
1155 2294 1213 2337 ne·
1264 2274 1345 2337 ticse
1371 2272 1545 2337 exsultent
1600 2272 1671 2353 Qua
1693 2273 1904 2352 persuasione
1929 2272 2080 2352 11111111
2109 2271 2244 2350 Paulas,

232 2377 296 2440 que
318 2357 483 2434 omnibus,
506 2376 675 2440 nunquam
696 2379 774 2424 vero
795 2358 892 2423 simul
913 2360 1031 2424 omnia.
1075 2360 1211 2425 Fateor:
1258 2359 1480 2440 profectiones
1496 2379 1603 2435 suam,
1627 2379 1724 2439 qaam
1739 2379 1801 2421 auo
1818 2359 1853 2421 ia
1870 2358 1933 2422 loco
1952 2358 2077 2423 dixerat
2093 2380 2114 2422 a
2129 2364 2245 2423 satana

234 2441 292 2507 scd
320 2463 423 2526 quum
452 2443 589 2507 aliorum
616 2444 774 2526 exemplis
801 2445 1050 2523 admoneamur,
1079 2446 1212 2510 evenire
1264 2445 1447 2524 impeditam
1476 2444 1593 2526 faisse,
1627 2444 1705 2527 alibi
1738 2446 1773 2507 ia
1805 2443 1871 2508 Dei
1896 2445 2105 2524 1111111111
2135 2445 2246 2509 statuit

234 2528 333 2593 etiam
355 2526 448 2592 nobis
470 2550 572 2611 posse,
596 2551 656 2594 nec
679 2539 825 2595 nostram
842 2531 958 2614 magis,
980 2551 1079 2613 quam
1097 2552 1212 2596 corum
1264 2530 1296 2614 (l
1321 2530 1434 2594 Thess.
1455 2533 1490 2609 2,
1513 2533 1551 2592 18
1559 2553 1566 2607 ;
1599 2535 1611 2592 l
1634 2528 1709 2594 Cor.
1733 2534 1787 2608 16,
1808 2529 1851 2614 7).
1902 2528 1941 2593 Si
1967 2535 2087 2593 tantam
2113 2530 2246 2595 dixisset

234 2613 338 2679 vitam
360 2615 466 2697 excipi
487 2614 620 2692 debere,
647 2617 720 2679 fieri
747 2637 813 2680 non
836 2625 944 2699 potest
970 2624 1098 2682 utnon
1120 2620 1216 2681 time-
1264 2615 1453 2681 ammam
1476 2616 1580 2698 faisse
1606 2637 1628 2679 a
1656 2622 1785 2697 octaua,
1813 2615 1949 2681 nimiam
1968 2617 2135 2697 potcstatis
2153 2617 2245 2680 111111

233 2719 327 2765 amus
349 2722 387 2766 ac
408 2699 621 2766 formidemus
642 2708 800 2784 tanquam
825 2703 916 2767 nobis
936 2708 1103 2769 eventura
1143 2704 1217 2769 rau
1263 2702 1379 2783 fuisset
1400 2702 1532 2779 cidare,
1554 2722 1592 2768 ac
1609 2702 1729 2784 cirpea
1746 2722 1866 2784 qaoque
1882 2700 1947 2765 Dei
1967 2702 2098 2767 11111111
2115 2706 2244 2767 euertere

233 2806 311 2870 ergo
340 2786 558 2869 trepidatione
584 2785 663 2869 quid
690 2787 913 2854 calamitosius
940 2787 1071 2874 fingas?
1120 2789 1217 2855 Adde
1263 2794 1341 2854 esse
1366 2788 1403 2852 ia
1429 2788 1498 2854 1111
1525 2808 1641 2868 mcum·
1667 2809 1749 2853 acac
1776 2808 1849 2854 cero
1874 2786 1930 2851 abi
1955 2787 2061 2853 Deam
2088 2787 2244 2852 arbitram

232 2873 319 2956 quod
337 2873 401 2938 Dei
424 2873 621 2938 contumelia
638 2893 705 2937 non
723 2883 822 2951 caret,
846 2874 874 2938 si
893 2874 1020 2941 dicatur
1037 2875 1215 2954 hominem,
1263 2875 1387 2951 statuit,
1417 2895 1439 2938 a
1465 2874 1557 2938 caim
1577 2875 1787 2955 pemissiom
1807 2874 1965 2955 pendeam
1991 2875 2097 2940 mania
2117 2873 2243 2952 itinera,

232 2980 275 3023 ex
298 2960 456 3024 creaturis
478 2959 731 3037 nobilissimam,
752 2961 959 3043 prostituisse
981 2960 1024 3026 ad
1045 2980 1157 3027 caecos
1179 2971 1214 3027 et
1263 2960 1361 3026 aaut
1381 2960 1526 3038 1111111111,
1555 2959 1638 3024 cibit
1659 2960 1726 3024 uisi
1746 2961 1814 3026 eius
1835 2965 1915 3024 aeta
1936 2961 2077 3042 consequi
2096 2965 2245 3025 mtauam

232 3046 424 3110 temerarios
444 3044 607 3127 quoslibet
627 3046 776 3111 fortunae
798 3047 891 3112 ictus.
922 3045 989 3112 Sed
1011 3046 1066 3111 hic
1086 3045 1127 3111 de
1150 3049 1212 3112 mi·
1258 3066 1367 3128 posse,
1400 3046 1558 3127 quidquid
1584 3045 1786 3110 machinatae.
1836 3045 1960 3111 Badera
1984 3047 2105 3110 ratione
2131 3044 2244 3110 David

233 3129 320 3196 11111
346 3130 488 3196 hominis
515 3138 647 3195 tantum
671 3130 762 3214 loqui
790 3134 992 3215 propositum
1019 3140 1083 3210 est,
1112 3155 1212 3215 quam
1278 3132 1436 3210 Psal.3l,
1459 3130 1523 3216 16),
1545 3132 1624 3213 qaia
1645 3137 1777 3213 propter
1796 3133 1907 3197 cariae
1927 3131 2143 3208 mmersima
2171 3132 2244 3212 qai-

233 3237 391 3282 sensurus
412 3218 465 3295 sit,
488 3217 518 3282 si
537 3217 598 3281 sub
620 3217 797 3302 imperium
817 3219 969 3284 fortunae
990 3218 1166 3304 redigatur.
1348 3219 1478 3284 caudae
1504 3217 1639 3283 curcur
1666 3223 1694 3282 et
1719 3219 1815 3299 quasi
1840 3223 1964 3282 rotator
1983 3215 2144 3281 homiuum
2163 3218 2242 3294 cita,

321 3306 370 3367 11.
414 3303 462 3367 At
483 3302 540 3367 ubi
561 3302 620 3369 lux
641 3303 699 3369 illa
720 3302 850 3370 divinae
867 3303 1094 3387 providentiae
1111 3306 1213 3371 semel
1264 3305 1300 3369 ia
1321 3303 1376 3369 hcc
1397 3304 1521 3386 asylum
1542 3324 1575 3369 sc
1595 3304 1718 3386 recipit,
1745 3309 1883 3386 tencpma
1908 3324 1970 3369 111
1997 3322 2062 3368 csse
2086 3303 2123 3366 ia
2143 3323 2244 3367 amaa

193 3444 204 3463 .
232 3388 360 3454 homini
387 3390 441 3472 pio
470 3388 610 3468 affirlsit,
638 3390 705 3455 iam
732 3412 801 3456 non
827 3397 977 3456 extrema
1002 3390 1112 3469 modo,
1147 3414 1213 3475 qua
1265 3390 1337 3456 Dei.
1383 3388 1510 3455 Poterat
1536 3392 1700 3455 11111111
1728 3410 1869 3469 uersam,
1899 3394 1956 3455 aut
1981 3390 2159 3469 1111111111
2179 3390 2244 3454 siri·

232 3481 310 3539 aute
330 3474 556 3558 premebatur,
585 3477 750 3542 anxietate
771 3485 806 3541 et
826 3477 1014 3555 formidine,
1041 3477 1099 3542 sed
1122 3479 1213 3543 omni
1263 3477 1372 3561 palari
1397 3495 1528 3542 aamcro
1549 3495 1681 3557 pcaerc,·
1709 3477 1763 3542 sed
1789 3482 1963 3558 1111111111
1988 3476 2112 3541 nomiae
2138 3476 2244 3555 erpei-

233 3581 314 3626 cura
340 3560 506 3626 relevatur
532 3581 569 3627 ac
598 3562 747 3627 solvitur.
790 3562 839 3629 Ut
860 3563 950 3628 enim
971 3565 1088 3628 merito
1110 3566 1213 3630 fortu-
1264 3583 1347 3628 mere
1373 3562 1482 3641 111111,
1509 3564 1713 3644 quantamvis
1739 3562 1897 3628 instabilis
1924 3563 1967 3626 aa
1993 3561 2154 3626 bominum
2172 3581 2242 3626 eort-

232 3667 310 3712 nam
333 3646 461 3725 horret,
488 3647 537 3711 ita
563 3669 676 3714 secure
696 3650 770 3714 Deo
799 3669 870 3714 sese
893 3648 992 3714 audet
1011 3650 1211 3733 permittere.
1265 3649 1356 3727 ditio,
1394 3669 1594 3730 quaemnque
1624 3648 1757 3714 cubiade
1793 3650 1939 3714 amidam
1976 3649 2058 3713 vices
2088 3647 2242 3711 tianeus

232 3732 316 3814 Hoc,
338 3733 482 3816 inquam,
500 3734 653 3799 solatium
670 3741 728 3812 est,
751 3742 789 3798 ut
809 3735 974 3820 intelligat
989 3749 1118 3819 patrem
1140 3757 1213 3803 coe-
1262 3735 1442 3820 1111111.
1487 3733 1562 3815 Qua
1588 3735 1714 3800 ratione
1736 3735 1841 3800 Rasin
1863 3741 1896 3799 et
1915 3755 1974 3798 rex
1997 3733 2115 3811 Israel,
2139 3752 2240 3815 quum

199 3828 205 3834 ’
231 3818 348 3884 lestem
369 3819 416 3886 sic
438 3820 549 3885 omnia
568 3841 627 3885 sua
644 3821 790 3902 potentia
807 3822 984 3900 continere,
1006 3824 1053 3888 sic
1074 3823 1213 3906 imperio
1264 3822 1389 3887 viribus
1416 3820 1452 3884 in
1481 3821 1619 3886 exitium
1641 3820 1725 3886 Iuda
1754 3820 1914 3902 copulatis
1943 3818 2134 3885 viderentur
2153 3819 2241 3883 faces

232 3914 379 3988 nutuque
397 3927 456 3971 suo
473 3927 597 3991 regere,
620 3907 667 3971 sic
683 3906 847 3990 sapientia
863 3906 1035 3987 moderari,
1059 3916 1096 3973 ut
1117 3909 1211 3987 nihil,
1265 3907 1305 3971 ad
1326 3905 1526 3990 perdendam
1549 3915 1584 3974 11
1601 3908 1837 3972 absumendam
1858 3914 1981 3971 terram
1998 3926 2160 3983 accensae,
2183 3924 2241 3970 vo-
2263 3917 2264 3920 ’

233 3991 298 4055 nisi
316 4013 358 4056 ex
375 3993 445 4056 cius
463 3992 689 4070 destinatione,
712 3991 816 4058 cadat
850 3993 892 4057 In
910 3995 980 4058 eius
998 4015 1096 4078 porro
1112 3995 1213 4061 fidem
1264 3998 1382 4060 cantur
1414 4014 1434 4057 a
1465 3994 1626 4076 propheta
1652 3993 1730 4078 (Ies.
1751 3998 1785 4071 7,
1814 3991 1951 4077 lseqq.)
1984 3992 2116 4057 titiones
2142 3991 2242 4056 fumi·

232 4097 268 4142 se
289 4085 474 4159 receptum,
498 4078 692 4162 angelorum
713 4099 811 4145 curae
833 4079 1081 4159 demandatum,
1105 4103 1212 4165 neque
1265 4089 1395 4164 gantos,
1428 4081 1485 4162 qui
1511 4079 1596 4144 nihil
1621 4101 1720 4164 quam
1750 4078 1914 4145 modicum
1936 4078 2066 4142 firmum
2086 4077 2243 4143 exhalare

232 4183 351 4245 aquae,
373 4184 479 4245 neque
499 4164 601 4246 ignis,
629 4186 735 4247 neque
757 4165 836 4229 ferri
857 4186 945 4230 noxa
966 4187 1061 4250 posse
1083 4167 1211 4252 attingi,
1264 4175 1393 4250 queant
1438 4163 1496 4232 811
1515 4165 1657 4245 Pharao,
1680 4187 1784 4249 quum
1804 4175 1839 4230 et
1860 4165 1983 4249 opibus,
2007 4171 2040 4228 11
2060 4165 2187 4243 robore,
2210 4171 2244 4228 st

232 4249 296 4314 nisi
318 4249 424 4331 quoad
446 4249 553 4314 locum
576 4249 641 4314 illis
659 4249 737 4316 dare
757 4252 829 4317 Deo
851 4251 1049 4317 moderatori
1067 4252 1210 4318 libuerit
1263 4251 1473 4317 multitudine
1505 4253 1673 4336 copiarum
1706 4252 1858 4317 omnibus
1884 4249 2113 4316 formidolosus
2145 4259 2241 4328 esset,

231 4333 289 4401 Sic
311 4335 399 4400 enim
421 4337 511 4402 canit
527 4335 680 4401 Psalmus
703 4336 770 4421 (91,
790 4341 808 4401 3
827 4337 943 4422 seqq.):
966 4338 1120 4420 quoniam
1142 4340 1212 4423 ipse
1263 4340 1332 4421 ipse
1359 4337 1486 4403 belluae
1512 4340 1676 4418 marinae,
1705 4341 1815 4422 copiae
1846 4337 1916 4403 eius
1941 4336 2086 4419 piscibus
2114 4357 2244 4419 compa·

230 4421 384 4487 liberabit
411 4432 444 4486 te
474 4420 514 4487 de
536 4423 650 4505 laqueo
671 4425 855 4502 venatoris,
879 4436 913 4490 st
941 4445 962 4488 a
983 4432 1076 4508 peste
1097 4427 1211 4506 noxia;
1263 4432 1381 4488 rantur
1402 4424 1616 4575 (11121411.
1659 4427 1789 4492 Ducem
1816 4446 1894 4509 ergo
1922 4432 1956 4489 et
1982 4424 2164 4488 exercitum
2186 4422 2242 4488 de-

232 4509 293 4573 sub
314 4508 367 4573 ala
388 4531 448 4574 sua
469 4515 620 4593 proteget
641 4515 687 4587 te,
719 4517 816 4592 atque
838 4512 874 4574 in
895 4510 1014 4595 pennis
1035 4511 1106 4575 eius
1127 4512 1212 4577 fidu·
1262 4510 1397 4575 nuntiat
1418 4511 1510 4576 Deus
1532 4533 1574 4577 se
1614 4533 1687 4577 amo
1710 4532 1768 4575 1111
1790 4520 1979 4592 capturum,
2003 4518 2038 4575 et
2058 4516 2242 4575 tracturum

231 4594 316 4658 ciam
337 4594 487 4675 habebis;
509 4618 569 4679 pro
587 4603 680 4662 scuto
702 4597 765 4661 erit
782 4597 904 4662 veritas
922 4596 1005 4662 eius:
1028 4618 1095 4661 non
1117 4599 1212 4662 time·
1261 4617 1327 4680 quo
1348 4597 1445 4662 volet
1479 4598 1639 4682 Denique,
1661 4619 1703 4662 nc
1725 4596 1779 4662 hic
1802 4596 1927 4661 diutius
1949 4599 2113 4674 immorer,
2135 4595 2239 4672 facile,

231 4679 282 4745 bis
311 4700 332 4743 a
357 4701 478 4764 pavore
507 4691 683 4759 nocturno,
711 4704 773 4748 nec
801 4704 821 4747 a
847 4682 968 4767 sagitta
994 4683 1125 4747 volante
1153 4704 1213 4766 per
1263 4686 1291 4749 si
1313 4684 1564 4764 animadvertas,
1587 4683 1771 4767 perspicies,
1794 4692 1980 4747 extremum
2002 4702 2073 4748 esse
2094 4681 2240 4746 omnium

232 4763 334 4842 diem,
369 4786 389 4829 a
418 4775 510 4848 peste
542 4767 789 4852 perambulante
821 4769 856 4833 in
889 4768 1042 4852 caligine,
1077 4791 1097 4834 a
1124 4790 1213 4834 noxa
1261 4770 1484 4849 miseriarum,
1523 4769 1748 4854 providentiae
1782 4769 2022 4852 ignorationem
2029 4793 2038 4849 ;
2078 4787 2240 4833 summam

232 4857 402 4933 grassante
424 4851 461 4915 in
482 4854 635 4932 meridie,
658 4862 717 4920 ete.
763 4854 861 4921 Unde
883 4863 917 4921 et
936 4854 995 4920 illa
1015 4856 1155 4939 emergit
1176 4857 1211 4920 in
1262 4857 1499 4922 beatitudinem
1520 4859 1557 4921 in
1579 4855 1724 4920 eiusdem
1746 4856 1931 4938 cognitione
1952 4877 2024 4921 esse
2046 4855 2152 4920 sitam.

232 4936 354 5034 sanctis
372 4926 534 5019 gloriandi
551 4939 682 5007 fiducia:
705 4942 869 5007 Dominus
886 4941 968 5006 mihi
986 4941 1122 5020 adiutor,
1144 4963 1211 5007 non
1352 4947 1400 5008 12.
1443 4945 1496 5009 De
1518 4940 1723 5024 providentia
1743 4941 1823 5020 Dei,
1846 4950 2013 5025 quantum
2039 4940 2081 5006 ad
2103 4939 2241 5020 solidam

233 5021 371 5099 trmebo,
399 5023 477 5104 quid
505 5023 603 5089 faciat
629 5025 712 5090 mihi
735 5048 819 5094 caro.
864 5027 1028 5094 Dominus
1050 5036 1213 5111 protecter
1262 5028 1410 5095 fidelium
1437 5036 1471 5092 11
1498 5026 1713 5091 eruditionem
1746 5036 1780 5093 et
1810 5030 2065 5095 consolationem
2091 5026 2242 5091 conducit

232 5128 340 5185 meus,
365 5107 442 5191 quid
465 5108 653 5191 trepidabo?
699 5110 739 5178 81
760 5114 941 5180 consistant
962 5114 1138 5180 adversum
1158 5137 1212 5182 me
1264 5114 1357 5199 (nam
1384 5111 1564 5197 explendae
1589 5133 1750 5178 vanorum
1777 5115 1949 5180 hominum
1975 5114 2155 5180 curiositati
2183 5135 2241 5178 ne-

231 5199 349 5272 oaetra,
372 5196 401 5261 11
422 5194 631 5262 ambulavero
652 5197 689 5262 in
707 5199 816 5265 medio
837 5201 973 5266 umbrae
993 5203 1122 5282 mortis,
1144 5224 1212 5268 non
1262 5222 1326 5287 que
1346 5201 1425 5266 satis
1447 5198 1623 5281 quidquam
1641 5221 1713 5266 csse
1730 5209 1847 5285 potest,
1870 5222 1976 5286 neque
1992 5198 2174 5283 optandum
2192 5205 2242 5264 cst
