4672 5842
167 267 229 329 901
813 256 1201 325 1181111Ήο111.
1224 253 1405 322 GHRIST.
1429 260 1520 321 1559.
1618 306 1624 317 .
2105 258 2173 319 908

163 451 220 534 qui
242 447 450 515 Corinthium
472 447 633 511 incestum
655 469 721 511 non
742 448 838 512 modo
860 447 970 512 verbis
987 446 1135 529 castigat,
1160 446 1164 501 l
1188 446 1384 528 sauguinem
1416 464 1527 508 meum
1559 442 1650 508 fundi
1686 444 1807 527 patiar,
1841 462 1940 526 quam
1972 441 2168 524 pollutionis

163 535 221 602 sed
248 532 583 598 excommunicatione
610 535 720 617 punit,
749 532 846 596 simul
874 542 971 614 atque
1000 530 1040 596 de
1066 553 1136 599 sce·
1160 548 1163 589 3
1187 532 1281 596 istius
1307 532 1387 595 fiam
1416 532 1585 613 particeps.
1630 531 1735 614 Ergo,
1758 551 1800 593 ne
1821 527 2081 594 sacratissimum
2103 527 2168 593 hoe

162 621 229 686 lere
256 621 361 684 factus
389 626 440 682 est
466 619 594 684 certior.
643 618 741 683 Nunc
768 639 846 700 ergo
874 617 992 681 melius
1020 619 1137 700 incipi·
1160 608 1163 627 '
1188 618 1383 700 mysterium
1412 616 1574 681 afficiatur
1603 616 1797 699 ignominia,
1826 615 1861 678 in
1882 634 1921 678 eo
1943 612 2167 695 dispensando

120 774 121 778 ,
161 726 236 771 mus
269 725 404 770 cernere
435 703 597 786 quomodo
632 703 812 785 spiritualis
851 702 1006 769 eeclesiae
1039 704 1136 766 iuris·
1160 726 1164 817 q
1187 722 1387 785 magnopere
1420 701 1563 766 delectus
1596 702 1789 784 requiritur:
1825 701 1881 783 qui
1909 708 2022 764 tamen
2050 698 2167 764 haberi

163 789 276 868 dictio,
304 812 388 872 quae
415 811 458 854 ex
479 789 578 853 verbo
598 789 732 852 Domini
761 790 797 852 in
828 798 959 872 peccata
989 788 1137 852 animad-
1161 838 1164 871 ,
1188 789 1311 869 nequit,
1331 789 1396 852 nisi
1414 809 1472 869 per
1491 787 1645 851 ecclcsiae
1666 786 1934 851 iurisdietionem.
1968 784 2067 848 Alter
2088 786 2167 851 finis

162 877 280 953 vertit,
308 877 470 958 optimum
496 876 537 939 sit
561 882 594 938 et
620 875 769 939 sanitatis
798 874 978 940 subsidium
1008 875 1137 938 00111-
1161 934 1164 939 ,
1189 882 1252 950 est,
1281 873 1475 937 ne-assiduu
1497 873 1658 936 malorum
1680 870 1927 943 consuetudine,
1958 882 1995 934 ut
2014 870 2089 934 fieri
2114 880 2167 935 so*

162 960 354 1026 danientum
376 960 501 1025 ordinis
523 970 556 1023 ot
577 959 746 1024 vinculum
768 961 912 1024 unitatis.
945 961 1036 1043 Ergo
1058 958 1137 1022 dum
1161 944 1164 995 Ι
1188 958 1248 1027 let,
1279 959 1355 1022 boni
1379 970 1638 1040 corrumpantur.
1684 958 1784 1027 Nam,
1808 977 1889 1039 quae
1911 964 2027 1019 nostra
2050 964 2101 1021 est
2125 955 2167 1019 ad

162 1047 300 1112 eeclesia
342 1047 531 1110 manifestos
568 1045 750 1122 adulteros,
785 1056 998 1121 scortatores«,
1039 1046 1136 1115 fures,
1161 1098 1165 1113 ,
1189 1042 1387 1107 deviandum
1416 1045 1620 1127 proclivitas.
1649 1043 1731 1108 nihil
1766 1043 1892 1108 facilius
1920 1050 1971 1105 est
1999 1062 2101 1122 quam
2130 1056 2167 1105 nt

163 1132 354 1215 praedones,
378 1131 555 1207 seditiosos,
578 1132 734 1212 periuros,
757 1131 856 1195 falsos
880 1141 988 1208 testes,
1016 1131 1136 1194 eteius
1161 1144 1165 1215 ξ
1188 1130 1283 1193 malis
1317 1130 1475 1211 exemplis
1509 1151 1526 1193 a
1567 1138 1654 1193 recto
1687 1130 1775 1193 vitae
1813 1149 1910 1193 eursu
1950 1127 2165 1191 abducamur.

164 1219 295 1303 generis
316 1217 466 1299 reliquos,
487 1217 566 1279 item
586 1226 801 1295 contumaces,
825 1218 879 1298 qui
902 1215 942 1280 de
960 1216 1137 1281 levioribus
1162 1220 1164 1267 ἑ
1188 1215 1287 1279 Hunc
1316 1237 1414 1279 usum
1447 1217 1575 1279 notarit¹
1606 1215 1785 1297 apostolus,
1819 1234 1919 1296 quum
1953 1214 2118 1277 incestum
2148 1234 2168 1277 a

162 1305 264 1370 etiam
290 1304 378 1366 vitiis
410 1303 473 1364 rite
499 1300 657 1365 admoniti
685 1302 796 1366 Deum
823 1312 857 1365 et
885 1303 955 1366 eius
983 1302 1137 1366 iudicium
1162 1304 1164 1319 '
1189 1300 1349 1365 consortio
1371 1322 1430 1364 suo
1450 1301 1626 1364 amandare
1644 1300 1826 1366 Corinthiis
1842 1300 2057 1382 praeciperet.
2091 1299 2167 1363 Mo-

162 1388 304 1454 ludibrio
332 1388 469 1463 habent,
497 1408 515 1450 e
542 1388 704 1452 consortio
732 1409 791 1452 suo
813 1389 1024 1466 exterminat,
1052 1388 1136 1451 nihil
1189 1385 1308 1460 dicum,
1331 1387 1439 1468 inquit
1460 1388 1493 1471 (l
1514 1386 1636 1461 0015,
1657 1392 1727 1450 (iet
1748 1386 1810 1469 ll),
1841 1387 2042 1449 fermentum
2063 1394 2168 1449 totam

163 1475 227 1540 sibi
247 1481 377 1556 praeter
397 1474 559 1536 rat-ionem
582 1483 729 1556 usurpat,
754 1471 812 1537 sed
832 1471 1053 1538 iurisdictione
1076 1475 1136 1538 sibi
1189 1493 1331 1535 massam
1353 1472 1541 1553 corrumpit.
1588 1475 1636 1537 Ac
1659 1480 1789 1535 tautum
1812 1472 1865 1536 hie
1883 1470 2069 1553 periculum
2091 1492 2169 1552 pro·

163 1580 185 1625 a
206 1560 346 1623 Domino
369 1558 476 1622 delata
498 1558 657 1640 fungitur.
702 1559 816 1632 Porro,
840 1561 975 1641 nequis
998 1560 1136 1624 111010-
1161 1581 1164 1591 ·
1189 1558 1353 1639 spiciebat,
1378 1571 1413 1621 ut
1432 1558 1483 1621 rel
1507 1558 1548 1622 ab
1570 1559 1657 1622 omni
1680 1557 1851 1622 sodalitate
1873 1555 2094 1620 interdiceret.
2131 1556 2169 1621 Si

162 1645 279 1711 elesiae
300 1641 458 1708 iudicium
481 1652 623 1725 spernat,
647 1659 703 1708 aut
721 1648 813 1727 parvi
836 1647 985 1709 aestinret
1003 1667 1038 1709 se
1056 1644 1136 1709 fide-
1160 1654 1164 1709 l
1189 1645 1276 1724 quis,
1306 1644 1367 1717 ait,
1394 1644 1495 1707 frater
1522 1645 1608 1707 inter
1630 1667 1688 1709 ros
1710 1645 1899 1708 nominatur
1919 1641 1973 1705 rel
1994 1656 2168 1721 scortator,

161 1729 244 1794 lium
276 1730 442 1812 suffragiis
475 1728 683 1806 damnatum,
717 1741 856 1795 testatus
889 1741 937 1794 est
973 1732 1136 1795 Dominus
1188 1729 1240 1794 rel
1270 1750 1403 1807 averno,
1434 1730 1486 1793 vel
1514 1729 1675 1794 idolorum
1703 1729 1823 1806 cultor,
1853 1728 1905 1792 vel
1928 1726 2090 1801 ebriosus,
2115 1729 2169 1793 rel

161 1815 250 1880 istttd
277 1816 385 1898 ipsum
414 1814 497 1879 nihil
520 1814 608 1878 aliud
631 1837 822 1897 essequam
852 1818 1032 1880 sententiae
1058 1839 1136 1880 suae
1161 1840 1163 1845 ’
1187 1814 1382 1892 maledicus,
1413 1837 1488 1880 cunr
1511 1814 1697 1879 huiusmodi
1719 1836 1778 1879 nee
1801 1813 1909 1878 cibum
1938 1835 2070 1878 sumere
2093 1835 2167 1896 per·

159 1900 473 1984 promulgationem,
507 1909 678 1982 ratumque
712 1901 824 1965 haberi
856 1903 892 1965 in
920 1902 1017 1966 coelis
1050 1902 1137 1983 quod
1188 1901 1292 1964 mitto.
1338 1901 1483 1975 Tertius,
1514 1918 1547 1964 ut
1572 1921 1628 1966 eos
1657 1903 1743 1983 ipsos
1770 1898 1892 1983 pudore
1914 1900 2066 1964 confusos
2089 1921 2168 1966 suae

160 1987 211 2052 illi
232 1986 269 2049 in
293 1998 380 2050 terra
402 1986 538 2068 egerint.
580 1985 712 2050 Habent
736 1989 824 2051 euim
846 1988 982 2052 verbum
1001 1986 1136 2052 Domini
1190 1985 1402 2068 turpitudinis
1424 1989 1591 2069 poenitere
1613 1989 1757 2069 incipiat..
1803 1987 1856 2050 Ita
1873 1984 2028 2050 conducit
2048 2000 2083 2049 et
2103 1986 2168 2050 illis

161 2091 225 2156 quo
252 2093 423 2154 perversos
454 2071 625 2150 damnent;
655 2072 776 2136 habent
805 2074 941 2137 verbum
967 2096 1030 2155 quo
1057 2075 1137 2139 resi-
1190 2092 1284 2136 suam
1312 2072 1493 2153 nequitiam
1523 2073 1691 2155 castigari,
1720 2094 1784 2154 quo
1811 2072 2038 2154 expergefiant
2067 2093 2168 2137 sensu

184 2159 325 2222 iscentes
352 2159 387 2220 11
410 2158 551 2240 gratiam
565 2146 738 2239 ‘recipiant
784 2159 864 2223 Siue
886 2160 961 2233 hoc,
993 2160 1136 2241 inquam,
1189 2157 1312 2221 ferulae
1345 2160 1400 2239 qui
1435 2157 1638 2242 indulgentia
1665 2158 1893 2222 obstinatiores
1927 2157 2033 2220 futuri
2062 2174 2168 2222 erant

141 2178 354 2324 *disciplinae
386 2242 519 2307 vinculo
557 2245 611 2325 qui
654 2243 710 2307 diu
743 2253 829 2307 stere
859 2266 952 2327 posse
985 2245 1137 2310 eeclesias
1162 2292 1165 2333 Ι
1189 2242 1229 2306 Id
1261 2244 1426 2326 signiticat
1458 2244 1621 2325 apostolus
1649 2266 1751 2326 quum
1781 2244 1815 2307 in
1837 2244 1927 2307 hunc-
1956 2242 2095 2306 modum
2121 2244 2169 2307 lo-

163 2328 348 2404 oonfidunt,
377 2329 530 2411 opinione
552 2328 727 2393 tirlluutur:
753 2331 816 2393 nisi
838 2331 921 2394 sorte
944 2352 1053 2395 carere
1076 2332 1137 2394 im-
1162 2352 1165 2393 !
1189 2329 1303 2411 quitur
1331 2332 1365 2411 (2
1384 2330 1497 2394 Thess.
1520 2334 1553 2405 3,
1577 2334 1645 2413 14):
1674 2331 1701 2394 si
1724 2331 1795 2412 quis
1823 2350 1890 2393 non
1914 2328 2026 2392 obedit
2049 2328 2169 2393 doen-i·

163 2435 251 2497 pune
277 2414 440 2495 possimus
467 2434 505 2477 eo
533 2413 744 2487 adnihiiculo,
772 2415 858 2497 quod
885 2417 1046 2481 Dominus
1069 2417 1137 2480 fore
1162 2412 1165 2487 s
1189 2436 1252 2478 nae
1275 2424 1413 2489 nostrae,
1437 2415 1525 2480 huno
1546 2428 1665 2493 notate,
1689 2425 1722 2479 et
1740 2438 1781 2478 ne
1799 2414 2075 2479 commisceamini
2095 2435 2170 2479 eum

164 2499 259 2564 nobis
287 2500 506 2564 necessarium
533 2500 685 2582 providit.
736 2501 779 2564 Et
811 2523 904 2578 sane,
939 2516 1063 2584 quauta
1096 2504 1137 2566 sit
1191 2500 1256 2575 illo,
1276 2513 1313 2563 ut
1331 2499 1454 2583 pudore
1473 2501 1689 2565 suffundatur.
1721 2502 1805 2565 Item
1824 2499 1899 2564 alibi
1918 2499 1951 2582 (l
1972 2498 2048 2564 Cor.
2070 2505 2101 2579 5,
2125 2501 2169 2582 ὁ),

164 2586 236 2649 eius
269 2585 461 2664 necessitas,
493 2608 535 2649 ex
568 2586 740 2669 multiplici
773 2609 836 2650 usu
865 2588 982 2652 melius
1015 2589 1138 2670 perspi·
1190 2608 1289 2668 quum
1321 2609 1356 2649 se
1384 2585 1555 2651 tradidisse
1584 2587 1694 2651 scribit
1722 2586 1929 2652 Corinthium
1951 2594 2104 2662 salamae,
2132 2594 2171 2650 ut

164 2672 278 2738 oietm.
1191 2672 1325 2755 spiritus
1358 2672 1469 2736 salvus
1497 2674 1591 2736 tieret
1616 2675 1650 2737 in
1674 2673 1725 2737 die
1754 2673 1898 2736 Domini
1942 2670 2012 2733 Hoc
2035 2684 2104 2747 est,
2131 2679 2172 2735 ut

251 2763 279 2821 5.
331 2754 418 2822 Sunt
447 2770 559 2821 autem
588 2771 654 2821 tres
680 2758 762 2821 fines
783 2778 864 2839 quos
892 2773 1015 2841 spectat
1038 2760 1139 2824 ecele-
1163 2746 1167 2789 ¹
1191 2778 1251 2840 ego
1273 2758 1404 2839 quidem
1427 2759 1631 2840 interpretor,
1653 2760 1850 2824 concessisse
1866 2759 1900 2821 iu
1917 2755 2171 2820 damnationem

162 2844 268 2909 siaiu
291 2842 449 2907 eiusmodi
472 2843 726 2908 correptionibus
743 2851 777 2907 et
792 2846 1138 2911 excommunicatione.
1190 2853 1448 2924 temporaneam.
1477 2856 1514 2908 ut
1536 2856 1705 2909 aeternum
1728 2845 1839 2910 salvus
1858 2845 1955 2907 lieret.
2000 2839 2082 2903 Ideo
2106 2862 2170 2905 au·

162 2928 297 2994 Primus
319 2940 378 3005 est,
402 2951 443 2992 ne
466 2949 541 2992 cum
563 2929 626 2993 Dei
649 2929 848 2994 contumelia
870 2932 957 2994 inter
979 2930 1138 2996 Christia·
1163 2936 1166 2951 '
1191 2936 1259 2993 tem
1281 2942 1415 2994 satanae
1437 2929 1567 2994 tradere
1590 2930 1678 3009 dicit,
1701 2932 1779 3013 quia
1795 2940 1887 2994 extra
1904 2926 2079 2992 ecelesiam
2098 2926 2171 2992 dia-

163 3035 223 3078 nos
256 3015 474 3090 nominentur,
503 3015 560 3097 qui
589 3023 718 3097 turpem
744 3036 782 3078 ac
815 3017 1010 3098 flugitmsam
1037 3018 1139 3082 vitam
1190 3013 1283 3079 bolus
1305 3028 1363 3092 est,
1386 3014 1659 3097 quemadmodum
1677 3018 1712 3079 iu
1731 3015 1867 3081 ecelesia
1885 3012 2050 3078 Christus.
2080 3012 2171 3076 Nam

164 3108 282 3182 agunt,
309 3119 346 3164 ao
369 3099 397 3162 si
418 3109 531 3164 saneta
553 3101 623 3164 eius
650 3101 785 3166 eeclesia
812 3103 895 3167 soret
917 3103 1139 3184 improborum
1163 3124 1166 3165 :
1189 3099 1276 3182 quod
1297 3098 1429 3182 quidam
1450 3100 1491 3165 ad
1513 3114 1636 3166 certam
1659 3103 1766 3167 carnis
1783 3102 1991 3165 vexationem
2008 3099 2169 3178 referunt,

163 3192 199 3251 et
230 3184 462 3250 sceleratorum
491 3186 661 3250 hominum
688 3188 877 3252 coniuratio.
930 3188 1016 3251 Nam
1037 3210 1139 3270 quum
1163 3192 1166 3259 j
1192 3186 1273 3249 mihi
1295 3186 1425 3252 videtur
1447 3188 1713 3252 incertissimum.
1727 3188 1752 3271 ¹)

163 3271 236 3353 ipss
258 3266 385 3335 Christi
408 3271 450 3335 sit
473 3293 599 3353 eorpus,
619 3272 777 3336 eiusmodi
798 3273 928 3339 foetidis
950 3283 982 3338 et
999 3274 1139 3357 putridis
1163 3270 1167 3351 l
1278 3277 1306 3335 6.
1351 3273 1414 3337 His
1436 3271 1556 3337 finibus
1577 3276 1759 3357 propositis,
1782 3280 1933 3355 superest
1953 3269 2067 3335 ridere
2090 3292 2169 3370 qua·

164 3355 323 3420 membris
334 3357 500 3438 inquinari
518 3378 585 3421 uou
602 3367 717 3439 potest,
736 3360 816 3441 quin
834 3360 942 3442 aliqua
960 3362 1141 3443 ignominia
1163 3358 1167 3371 '
1192 3357 1266 3421 liter
1288 3357 1373 3422 hane
1395 3369 1523 3440 partem
1546 3357 1753 3443 disciplinae,
1781 3380 1864 3441 quae
1884 3359 1922 3420 in
1943 3357 2170 3423 iurisdictione

163 3441 201 3506 in
229 3454 328 3523 eaput
355 3441 488 3506 recidat
534 3443 584 3506 Ne
610 3443 688 3525 quid
711 3466 788 3527 ergo
812 3445 876 3510 tale
898 3458 1005 3511 exstet
1031 3447 1066 3510 in
1088 3436 1166 3513 00-1
1191 3445 1297 3526 posita
1323 3456 1388 3522 est,
1418 3443 1554 3509 ecelesia
1580 3462 1786 3528 exsequatur.
1829 3444 1997 3525 Principio
2028 3445 2168 3509 retinea-

163 3526 263 3593 olesia
285 3526 373 3590 unde
392 3528 548 3609 probrum
571 3542 776 3594 sacrosancto
794 3531 865 3596 eius
883 3533 1009 3596 nomini
1028 3534 1140 3597 inura-
1191 3551 1266 3594 mus
1285 3529 1376 3594 illam
1394 3531 1603 3612 partitionem
1622 3534 1773 3615 superius
1789 3531 1938 3613 positam.
1958 3538 2169 3611 peecatorum

160 3618 232 3689 tur,
254 3611 408 3696 abigendi
436 3624 515 3676 sunt
537 3635 579 3677 ex
600 3615 671 3678 eius
699 3615 821 3680 familia
845 3639 983 3700 quorum
1005 3640 1047 3682 ex
1070 3629 1139 3682 tur-
1164 3662 1166 3679 .
1191 3615 1257 3679 alin
1277 3636 1349 3680 esse
1375 3615 1518 3698 publica,
1547 3617 1612 3682 alia
1641 3620 1768 3701 privata
1790 3615 1844 3681 rel
1866 3614 2054 3679 occultiora.
2101 3615 2167 3680 Pu·

160 3697 309 3782 pitudine
332 3697 374 3762 ad
396 3698 613 3764 christianum
634 3722 753 3765 nomen
776 3703 911 3768 infamia
931 3703 1137 3768 redundaret.
1163 3714 1167 3725 ·
1191 3700 1275 3765 blica
1301 3716 1389 3780 sunt,
1412 3723 1494 3784 quae
1524 3724 1590 3766 non
1614 3725 1716 3768 unum
1742 3702 1796 3767 vel
1819 3701 1962 3766 alterum
1984 3700 2084 3764 modo
2104 3716 2168 3764 tes·

160 3785 273 3866 Atque
308 3785 362 3849 hic
388 3805 515 3867 quoque
549 3786 699 3851 habenda
727 3798 776 3853 est
811 3809 929 3853 coenae
959 3790 1167 3863 dominicae,
1191 3796 1259 3850 tem
1287 3786 1425 3865 habent,
1453 3788 1511 3851 sed
1539 3789 1649 3873 palam
1671 3806 1802 3854 etcum
1820 3789 1921 3851 totius
1943 3787 2101 3852 ecelesiae
2121 3785 2167 3850 of·

160 3872 255 3947 rat-io,
279 3892 321 3934 ne
343 3873 530 3953 promiscua
552 3872 753 3937 exhibitione
781 3875 981 3957 profanetur.
1027 3876 1140 3940 l'eris-
1164 3870 1167 3897 ⁵
1191 3872 1336 3936 tensione
1358 3871 1582 3956 designantur.
1628 3874 1769 3941 Occults
1790 3893 1882 3950 voco,
1913 3894 1981 3936 non
2004 3892 2088 3955 quae
2109 3872 2167 3935 ho-

162 3956 285 4020 simum
306 3968 355 4020 est
374 3958 473 4033 enim,
492 3979 577 4031 eum,
601 3960 654 4023 cui
672 3961 844 4024 commissa
861 3975 910 4024 est
929 3959 1139 4042 dispensatio,
1164 3984 1167 4029 ι
1192 3959 1300 4022 mines
1334 3980 1467 4040 prorsus
1501 3959 1617 4035 latent,
1652 3961 1763 4043 qualia
1799 3974 1879 4024 sunt
1908 3958 2167 4041 hypocritarum,

162 4041 192 4105 si
219 4042 325 4106 sciens
353 4064 391 4108 ac
420 4043 534 4107 rolens
561 4043 735 4128 indignum
768 4045 936 4110 admiserit
963 4067 1060 4127 quem
1088 4068 1140 4110 re-
1164 4040 1167 4123 ἰ
1191 4064 1270 4107 uam
1301 4044 1359 4107 illa
1390 4046 1450 4108 sub
1478 4045 1633 4113 ecclesiae
1660 4046 1816 4110 iudicium
1845 4065 1911 4109 non
1939 4044 2081 4117 cadunt,
2110 4041 2169 4107 sed

160 4125 283 4209 pellere
308 4128 381 4192 iure
410 4139 557 4211 poterat,
592 4128 730 4213 perinde
758 4152 851 4195 reum
878 4153 949 4196 esse
977 4131 1140 4215 sacrilegii
1164 4132 1167 4213 ξ
1191 4127 1290 4193 medii
1313 4131 1452 4212 generis,
1475 4152 1557 4213 qnae
1579 4133 1701 4197 scilieet
1719 4130 1857 4196 testibus
1875 4151 1941 4194 non
1962 4139 2089 4205 eurent,
2110 4150 2169 4192 ne-

162 4232 201 4278 ae
223 4214 252 4277 si
275 4233 393 4295 eorpus
422 4216 557 4278 Domini
589 4218 724 4281 canibus
751 4219 972 4299 prostitueret.
1014 4215 1140 4298 Quam·
1164 4242 1167 4275 ;
1192 4236 1256 4297 que
1283 4228 1394 4279 tamen
1416 4228 1495 4280 sunt-
1514 4217 1653 4299 publicat
1697 4218 1795 4283 Prior
1816 4216 1940 4299 species
1968 4236 2038 4280 non
2061 4215 2168 4299 requi·

161 4298 277 4363 obrem
298 4298 557 4373 Chrrsostomus
571 4301 596 4384 ¹)
619 4304 764 4385 gratiter
785 4303 954 4367 invehitur
975 4303 1010 4366 in
1033 4323 1140 4369 saeer-
1164 4298 1167 4355 i
1192 4302 1236 4364 rit
1256 4297 1377 4384 gradus
1404 4302 1477 4367 illos
1499 4324 1579 4385 quos
1600 4304 1755 4369 Christus
1775 4315 1963 4380 enumerat,
1986 4300 2048 4366 sed
2069 4301 2168 4367 eecle-

161 4381 263 4463 dotes,
286 4368 442 4468 quidum
459 4407 656 4470 magnorum
674 4389 853 4470 potentiam
870 4388 1058 4467 formidant,
1081 4411 1139 4454 ue·
1163 4416 1168 4471 ;
1192 4386 1256 4466 sia,
1290 4384 1346 4450 ubi
1379 4388 1445 4451 tale
1477 4387 1554 4471 quid
1582 4391 1736 4474 emergit,
1763 4390 1869 4454 iacere
1897 4388 2044 4452 officium
2074 4407 2170 4455 sumn

160 4471 286 4535 minem
315 4471 438 4536 audent
467 4491 587 4537 arsere.
632 4473 1167 4557 8113111,110111-,011111111ι
1193 4472 1289 4538 debet
1309 4472 1345 4535 in
1366 4473 1513 4539 vocando
1594 4490 1704 4540 catere
1726 4487 1759 4540 et
1779 4472 1973 4556 corrigendo
1995 4495 2057 4556 pro
2074 4470 2169 4538 modo

160 4558 281 4622 vestris
303 4559 503 4640 requiretur:
527 4560 555 4624 si
577 4559 744 4623 homiuem
767 4561 905 4639 timetis,
927 4561 982 4625 ille
1004 4583 1062 4626 ros
1084 4561 1141 4626 de·
1164 4618 1167 4635 ,
1192 4558 1309 4624 delicti
1359 4558 1401 4623 In
1428 4580 1527 4625 secun
1551 4583 1571 4625 o
1598 4582 1719 4645 genere
1745 4582 1812 4625 non
1841 4559 1976 4624 venitur
2004 4559 2048 4624 ad
2070 4559 2169 4625 etule-

160 4640 294 4721 ridebit;
327 4645 380 4707 sin
412 4645 536 4713 Deum.
572 4646 663 4710 eritis
691 4646 878 4710 hominibus
905 4668 1033 4730 quoque
1060 4648 1140 4729 ipsis
1164 4648 1167 4709 ζ
1192 4647 1275 4711 siam
1302 4643 1403 4710 donec
1426 4649 1599 4712 accesserit
1624 4647 1844 4723 contumacia,
1873 4645 2059 4711 secundum
2079 4646 2171 4711 illam

160 4729 380 4803 venerabiles;
409 4751 475 4794 non
497 4731 602 4795 fasces
624 4730 831 4799 horreamus.
860 4754 929 4796 non
948 4754 1139 4816 purpuram,
1163 4736 1167 4779 ῑ
1191 4730 1317 4796 Christi
1343 4732 1501 4816 regulum.
1546 4734 1611 4800 Ubi
1639 4733 1680 4799 ad
1707 4733 1928 4816 cognitionem
1949 4744 2092 4797 venmm
2112 4746 2169 4808 est,

160 4835 228 4878 non
255 4813 457 4895 diademata,
484 4816 590 4881 maior
617 4816 671 4883 hio
692 4828 742 4883 est
771 4819 862 4883 nobis
887 4829 1046 4901 potestas:
1080 4840 1140 4902 ego
1163 4820 1167 4827 '
1191 4828 1271 4882 tuno
1294 4817 1498 4884 observanda
1523 4833 1573 4883 est
1603 4819 1708 4884 altera
1736 4817 1852 4883 divisio
1879 4817 1968 4881 inter
1990 4818 2120 4884 seelera
2139 4826 2173 4882 et

161 4908 251 4966 certe
283 4920 401 4983 eorpus
427 4922 538 4966 meum
567 4904 675 4985 potius
696 4903 826 4968 uadum
852 4906 890 4968 in
917 4920 1072 4981 mortem,
1102 4925 1140 4969 ac
1163 4980 1166 4991 Ι
1191 4901 1317 4968 delicta.
1362 4904 1476 4987 Neque
1503 4906 1592 4969 enim
1624 4907 1660 4969 in
1690 4903 1865 4968 levioribus
1898 4905 2044 4986 peccatis
2078 4904 2171 4969 adhi-

1162 5150 1165 5183 l

234 5170 262 5236 1)
281 5172 382 5228 Hamil.
399 5176 427 5227 in
445 5174 543 5229 Hsttlt.
562 5173 586 5227 3
1262 5178 1291 5243 1)
1309 5179 1424 5245 August.
1443 5176 1476 5228 de
1496 5178 1570 5229 verb.
1590 5179 1687 5245 Apost.
1706 5196 1787 5232 senn.
1803 5175 1846 5231 68.
