4672 5842
250 316 313 381 tot
894 304 1160 375 msul'wluo
1182 305 1286 374 ΗΕΒ
1309 304 1489 374 onmem
1515 311 1606 372 lene.
1957 332 1960 341 ·
2187 304 2252 366 108

251 522 293 567 ex
321 498 447 565 duobus
470 518 551 581 qnos
577 495 705 561 nullum
731 497 887 562 meritum
908 494 1119 573 discriminat,
1141 494 1224 559 elte-
1365 498 1412 558 12.
1465 494 1539 560 Hoo
1563 515 1689 578 quoqne
1717 494 1757 559 ad
1792 492 2002 560 evertendam
2029 489 2254 575 praedestina-

251 607 325 651 rum
379 592 538 649 rosteram
562 584 598 648 in
627 582 783 647 olootiono
812 604 886 661 sua,
913 583 1053 646 alterum
1077 588 1225 646 assumat
1275 582 1401 645 tionem
1422 582 1605 664 exagitant,
1633 581 1719 663 qnod
1740 582 1813 662 ipsa
1840 588 1948 645 stante
1974 577 2126 644 oonoidat
2147 578 2255 643 omnis

251 607 376 737 Dianai
411 669 481 753 ligo
509 671 651 736 vicissim
674 688 767 749 rogo,
797 675 958 753 putantne
979 668 1014 731 in
1036 687 1074 731 so
1095 668 1152 750 qui
1172 687 1224 731 as-
1276 665 1459 732 sollicitudo
1470 678 1504 731 ot
1513 666 1596 730 bene
1613 664 1732 750 agendi
1750 665 1904 730 studium.
1929 665 2012 745 Quis
2027 665 2117 728 enim
2133 661 2254 740 audiat,

250 756 392 821 numitor
421 776 492 820 ιιιιιι
521 754 644 838 aliquid
672 752 758 837 quod
779 753 842 818 Dei
873 755 1019 818 animum
1047 752 1088 817 ad
1116 756 1224 836 ipsum
1278 753 1447 834 inquiunt,
1484 761 1616 817 aeterno
1648 762 1682 817 et
1712 751 1909 816 immutabili
1933 751 1999 817 Dei
2030 749 2161 814 deoreto
2193 749 2255 813 sibi

252 841 406 907 inolinot'l
456 840 493 906 si
528 841 610 906 nihil
644 839 848 918 fatebuntur,
882 837 969 921 quod
1001 860 1133 904 neeesse
1164 846 1223 915 est,
1276 840 1376 902 fixam
1399 858 1470 903 esse
1492 846 1550 902 aut
1570 839 1673 903 vitam
1695 845 1753 902 aut
1772 846 1921 914 mortem,
1945 837 2026 918 quin
2046 835 2199 918 protinus
2219 837 2256 898 in

249 935 405 1009 seruetur
435 927 541 992 Dauni
571 946 635 991 noa
665 924 829 989 hominem
861 926 1000 1002 intueri,
1034 923 1091 988 ssd
1119 947 1140 989 a
1165 944 1225 988 sua
1276 932 1422 988 mentem
1443 924 1569 1000 veniat,
1596 924 1681 987 nihil
1703 926 1864 988 interesse
1892 920 2055 1004 quomodo
2081 942 2117 986 se
2151 930 2254 1004 gerat,

251 1011 396 1079 militate
414 1013 571 1077 rationem
589 1022 698 1095 potero
716 1032 775 1075 our
798 1011 846 1075 illi
864 1011 1054 1076 bonefaoiat.
1069 1012 1093 1093 ¹)
1128 1009 1224 1089 Quod
1276 1009 1406 1092 quando
1434 1029 1493 1073 suo
1514 1029 1611 1091 opere
1633 1010 1716 1073 nihil
1737 1018 1794 1073 aut
1814 1008 1965 1091 impediri
1993 1015 2051 1072 ant
2070 1008 2256 1089 promoveri

248 1099 353 1182 igitur
376 1097 539 1163 horninom
558 1118 659 1161 ιιιιιιιιι
680 1096 774 1177 eligit
792 1098 891 1173 Deus,
914 1097 1016 1161 altero
1040 1096 1168 1175 reiecto,
1191 1095 1225 1160 id
1276 1104 1375 1178 queat
1395 1094 1460 1158 Dei
1484 1095 1760 1178 praedestinatio?
1794 1094 1848 1158 Ita
1874 1114 1987 1158 omnes
2014 1093 2189 1175 proiioient
2210 1113 2255 1170 se,

250 1205 314 1249 non
338 1185 488 1266 provenit
514 1182 555 1248 ab
579 1182 720 1247 hominia
748 1192 914 1266 respootin
943 1183 999 1247 sod
1022 1204 1042 1245 a
1066 1181 1134 1245 sola
1155 1182 1225 1246 eius
1277 1188 1311 1246 et
1338 1180 1543 1263 deploratum
1565 1183 1600 1244 in
1628 1202 1766 1259 morem,
1796 1199 1989 1263 quoeunque
2009 1178 2111 1243 libido
2132 1179 2255 1255 tulerit,

249 1268 484 1344 miserioordin‚
513 1269 566 1333 oui
594 1267 731 1332 liborum
753 1290 823 1334 osso
850 1268 947 1332 debet
967 1269 1113 1350 prolerre
1135 1289 1170 1332 se
1192 1277 1226 1331 et
1276 1267 1469 1349 praeeipites
1489 1267 1593 1331 ibunt.
1638 1267 1686 1331 Et
1706 1288 1784 1332 sane
1804 1288 1871 1330 non
1892 1268 1926 1330 in
1947 1267 2143 1330 universum
2162 1285 2256 1328 men·

250 1375 400 1421 oxaororo
422 1355 476 1419 ubi
498 1364 531 1417 ot
551 1354 677 1436 quoties
699 1352 811 1435 plaoot.
845 1355 932 1418 Nam
947 1360 975 1418 et
996 1353 1074 1417 olibi
1095 1353 1127 1435 (l
1149 1352 1223 1418 Oor.
1277 1353 1418 1431 tiuntur;
1445 1364 1524 1416 sunt
1550 1354 1638 1421 onim
1665 1353 1811 1435 plerique
1837 1352 1927 1433 porei
1948 1352 2004 1434 qui
2031 1349 2257 1433 praedestina-

253 1444 286 1517 Ι,
316 1442 372 1521 ao)
399 1440 537 1505 vidimus
565 1460 626 1503 aoa
652 1440 765 1504 maltos
794 1439 834 1503 oh
864 1441 953 1503 initio
979 1445 1101 1505 exstes
1126 1440 1227 1520 faisse
1277 1439 1375 1503 tionis
1397 1437 1579 1503 doetrinem
1608 1440 1745 1521 impuris
1765 1438 1838 1503 istis
1860 1437 2070 1519 blasphemiis
2098 1457 2256 1519 oouspur-

249 1525 377 1601 subiba,
404 1525 452 1589 vel
478 1526 644 1604 saperes,
673 1525 721 1589 vel
741 1525 933 1606 splendidos,
960 1529 994 1588 at
1015 1524 1105 1590 Deus
1126 1525 1226 1588 humi-
1277 1533 1360 1600 eant,
1383 1531 1479 1606 atque
1502 1525 1563 1590 hoo
1590 1526 1691 1589 etiam
1718 1525 1856 1588 obtentu
1884 1521 2122 1588 admonitiones
2144 1529 2178 1585 et
2199 1521 2256 1585 ob-

250 1610 342 1675 lioret
363 1612 469 1681 saraia
491 1610 685 1693 ramosam
713 1615 833 1675 tantam
855 1610 940 1677 oben
960 1618 996 1674 at
1012 1611 1156 1691 personis
1176 1611 1226 1675 de·
1278 1609 1478 1691 iurgationes
1510 1609 1671 1692 quaslibet
1703 1610 1857 1674 eludunt:
1890 1611 1952 1674 soit
1978 1608 2072 1673 Deus
2104 1605 2184 1689 quid
2215 1605 2257 1671 de

249 1695 371 1761 motata
390 1697 488 1777 suerit
508 1696 576 1760 eas
596 1696 695 1777 favor.
1277 1696 1371 1760 nobis
1393 1716 1489 1779 egere
1507 1696 1606 1760 semel
1629 1697 1782 1760 statuerit
1788 1719 1795 1774 ;
1819 1696 1848 1759 si
1864 1695 2004 1759 salutem
2022 1694 2174 1771 decrevit,
2197 1693 2257 1757 ad·

340 1786 385 1846 ll.
431 1778 542 1862 Quina
571 1780 651 1845 luiso
682 1789 715 1846 ot
784 1783 883 1847 ssime
911 1780 1020 1845 Deum
1047 1781 1226 1863 inaequalis
1278 1780 1376 1846 duoot
1396 1802 1456 1845 nos
1478 1779 1519 1844 ad
1541 1803 1614 1846 eam
1636 1803 1694 1845 suo
1718 1791 1876 1862 tempore3
1899 1782 1928 1845 si
1950 1787 2092 1845 mortem
2112 1778 2256 1844 destina-

249 1865 392 1932 iustitiao
410 1866 602 1931 insimulant
621 1867 779 1943 nonnuli,
797 1866 884 1951 quod
902 1888 968 1930 non
990 1866 1130 1933 eundem
1148 1889 1227 1950 erga
1279 1868 1341 1941 vit,
1370 1867 1492 1931 frustra
1513 1876 1629 1931 eontra
1650 1865 1867 1931 tenderemus.
1912 1867 1960 1930 At
1982 1867 2152 1948 seriptum,
2175 1862 2256 1929 dum

248 1972 363 2017 omnia
386 1961 532 2017 trinorsnn
556 1953 589 2016 ιιι
620 1974 680 2017 soa
724 1951 997 2019 rnedestinntiono
1024 1962 1143 2018 servat.
1188 1946 1226 2018 Si
1278 1952 1438 2036 praecipit
1464 1962 1587 2035 quanto
1614 1953 1729 2016 maiori
1758 1964 1792 2015 et
1824 1952 2010 2017 reverentia
2033 1959 2068 2015 et
2098 1949 2257 2034 religione

248 2058 370 2111 οιιιιιιιι,
388 2038 550 2121 inquiunt,
570 2038 686 2102 noxios
700 1975 923 2122 deprehendit,
935 2059 1095 2122 peraeque
1112 2058 1226 2103 onmes
1280 2039 1324 2104 sit
1341 2038 1382 2102 de
1400 2047 1492 2102 tanto
1508 2039 1665 2122 mysterio
1685 2038 1905 2122 cogitandum,
1928 2048 2000 2101 tum
2016 2038 2089 2120 pios
2107 2037 2143 2102 in
2160 2037 2257 2121 longe

248 2124 376 2208 pirulam
399 2125 426 2189 si
451 2124 604 2195 insontes.
628 2125 669 2189 ab
690 2125 840 2190 omnibus
867 2123 980 2190 iudioii
1006 2125 1149 2208 rigorem
1171 2123 1226 2188 ab·
1279 2123 1445 2189 diversum
1477 2144 1611 2188 sensum
1641 2125 1803 2200 instituit,
1838 2132 1910 2187 tum
1932 2124 2104 2189 seelestam
2125 2123 2257 2186 illorum

248 2209 377 2275 stirrout
432 2209 531 2292 Atini
559 2208 695 2292 perinde
723 2232 798 2275 oum
825 2210 895 2292 ipso
922 2219 1025 2293 agunt
1053 2230 1091 2274 ao
1117 2211 1146 2275 si
1174 2209 1227 2275 vel
1278 2209 1506 2292 intemperiem
1527 2212 1628 2292 probe
1649 2210 1825 2292 redarguit
1870 2209 1947 2273 Non
1968 2210 2058 2273 enim
2079 2208 2256 2292 praedesti·

249 2292 423 2361 intordiohi
440 2293 486 2359 illi
505 2296 588 2358 lbrot
605 2294 835 2373 miseriordia,
859 2296 920 2371 vel,
944 2294 1024 2361 dum
1042 2296 1113 2361 vult
1129 2296 1227 2361 mise-
1279 2295 1448 2361 nationem
1469 2316 1507 2360 eo
1529 2304 1762 2360 oommemorat
1779 2304 1817 2359 ut
1835 2296 1872 2360 in
1893 2295 2063 2360 audaoiam
2081 2296 2256 2378 erigamur,

250 2381 324 2452 reri,
348 2388 483 2461 eripitur
506 2380 539 2444 in
562 2387 668 2445 totum
691 2380 810 2448 iudioio
832 2383 1030 2448 renuntiare.
1067 2381 1156 2464 Quid
1178 2392 1229 2447 est
1279 2390 1313 2446 et
1333 2382 1497 2447 inaooessa
1518 2378 1583 2446 Dei
1605 2389 1731 2447 seoreta
1751 2389 1905 2445 exentere
1927 2381 2052 2445 nefaria
2072 2381 2258 2445 temeritate

248 2464 334 2617 pond
356 2466 526 2545 flagitant?
555 2467 582 2528 si
609 2487 721 2531 omues
743 2475 821 2533 sunt
842 2467 947 2543 noxii,
970 2475 1009 2532 ut
1030 2468 1127 2533 simul
1149 2488 1228 2533 ean·
1279 2475 1460 2546 tentemus;
1495 2467 1553 2531 sed
1579 2468 1688 2551 potius
1721 2478 1759 2530 ut
1788 2466 1952 2531 humiliati
1984 2487 2022 2530 ao
2050 2464 2183 2545 demoti,
2216 2466 2258 2530 ad

271 2570 324 2615 orn
358 2572 470 2615 ιιιιιιιοιι
504 2549 596 2616 luant
627 2573 773 2633 poenam.
830 2553 988 2619 Ilatemur
1020 2573 1227 2619 eommunem
1279 2552 1436 2618 iudieium
1456 2553 1528 2618 eius
1549 2561 1705 2632 tremere,
1727 2552 1984 2618 miserioordiam
2083 2553 2169 2618 ioere
2191 2552 2258 2617 dis·

248 2656 383 2711 noxam:
410 2635 468 2702 sed
489 2636 628 2702 dioiuius
649 2637 841 2720 qiubusdam
868 2659 1057 2705 suoourrero
1079 2639 1144 2705 Dei
1165 2640 1227 2704 mi·
1280 2658 1399 2705 eamus.
1444 2636 1499 2703 Ad
1521 2638 1609 2703 huno
1635 2659 1769 2721 soopum
1790 2638 1903 2704 fideles
1931 2638 2061 2702 oollima
2127 2645 2149 2701 t
2193 2637 2258 2702 llle
2285 2679 2293 2687 -

248 2718 466 2787 serimrdiam.
512 2722 700 2799 tiuoourrat,
723 2725 824 2800 ιιιιιιιι,
848 2726 1007 2791 omnibus.
1048 2718 1116 2791 Sed
1139 2725 1227 2791 exoi·
1280 2733 1389 2790 autem
1410 2724 1523 2789 foedus
1539 2744 1713 2808 poroorum
1734 2725 1911 2807 grunnitus
1929 2744 1949 2788 a
1965 2724 2070 2789 Paulo
2085 2723 2149 2787 rite
2166 2743 2257 2788 oom-

248 2804 365 2909 pirnus.
389 2828 529 2891 aepuiun
547 2828 619 2874 isso
637 2817 675 2873 ut
699 2810 865 2893 puniendo
890 2832 925 2876 se
943 2831 1069 2894 quoque
1087 2831 1226 2894 aequum
1279 2811 1432 2895 penditur.
1478 2808 1620 2875 Seouros
1641 2831 1677 2874 se
1697 2812 1733 2874 ιιι
1755 2810 1846 2876 vitiis
1867 2830 2005 2893 pergere
2026 2808 2152 2887 diotmt,
2177 2809 2257 2893 qnia

248 2892 388 2959 tudinem
410 2893 568 2959 ostendat
608 2894 645 2959 Id
665 2893 744 2960 duur
762 2917 828 2961 non
846 2897 1019 2971 sustinent
1042 2896 1120 2980 quid
1137 2895 1227 2961 aliud
1279 2896 1308 2962 si
1329 2897 1396 2960 sint
1413 2917 1586 2961 enumero
1607 2895 1795 2971 electorum,
1819 2896 1904 2959 nihil
1922 2897 2076 2960 obfutura
2091 2896 2159 2959 sint
2174 2895 2259 2959 vitia

247 2998 347 3063 quam
366 2978 417 3043 vel
441 2979 618 3046 rnisorandi
640 2982 795 3047 lheirltato
812 2981 923 3047 Deum
945 2982 1084 3065 spoliare
1106 3003 1226 3048 oonsu-
1280 2981 1454 3065 quominus
1476 2981 1610 3046 tandem
1632 2980 1673 3045 ad
1694 2982 1798 3047 vitam
1824 2981 2054 3064 perduoantur.
2099 2981 2203 3064 Atqui
2222 2983 2259 3046 in

248 3072 312 3161 tur.
335 3063 386 3129 rel
408 3063 470 3129 baio
492 3065 609 3130 saltem
632 3066 703 3149 lopo
725 3069 829 3152 ipsam
842 3068 874 3153 ²)
900 3070 1097 3151 permittere,
1120 3078 1158 3133 ut
1177 3069 1227 3134 iu·
1279 3066 1368 3132 huno
1389 3069 1491 3132 finem
1512 3068 1632 3133 eleetos
1653 3087 1725 3133 osse
1747 3089 1807 3133 nos
1828 3068 1954 3132 Paulus
1975 3067 2077 3152 (Eph.
2101 3072 2129 3145 l,
2148 3066 2185 3152 4)
2201 3067 2259 3131 ad-

249 3146 334 3215 droio
361 3168 397 3213 se
424 3170 559 3233 pmrsus
586 3150 734 3217 ebdioot'l
768 3152 879 3235 Quare
905 3153 1125 3236 puloberrime
1147 3175 1228 3237 qua·
1279 3161 1407 3229 monet,
1447 3162 1487 3217 ut
1517 3160 1665 3218 sanatam
1698 3173 1735 3219 ao
1770 3153 1972 3236 ineulpatam
2005 3153 2110 3217 vitam
2146 3152 2258 3217 tradu-

249 3230 348 3301 draut
370 3233 451 3299 istae
474 3237 650 3319 dumnotini
664 3239 694 3321 Ι)
716 3240 913 3306 sententiae:
942 3261 1043 3323 quum
1064 3240 1228 3322 inprime
1280 3258 1398 3304 osmus.
1444 3237 1483 3304 Si
1511 3239 1678 3304 eleotionis
1704 3260 1821 3322 seopus
1849 3250 1900 3303 est
1921 3240 2010 3304 vitae
2031 3239 2258 3311 sanotimonia,

250 3317 382 3385 bonriuo
410 3321 565 3386 ιιιιινιιιιι
586 3324 716 3404 ueneris
738 3345 847 3391 ruasss
868 3328 903 3391 in
926 3324 1228 3392 oondomnstionem
1279 3326 1385 3408 magis
1412 3323 1454 3389 sd
1481 3345 1555 3390 eam
1581 3325 1735 3390 alaeriter
1761 3322 1984 3389 meditandam
2008 3345 2050 3389 ex

249 3404 438 3479 dotlurorit.
467 3428 549 3489 quae
571 3410 656 3473 liunt
674 3430 716 3474 ex
737 3430 776 3474 en
805 3431 884 3476 rasa
904 3412 939 3476 in
962 3411 1133 3489 honoram,
1160 3433 1228 3476 non
1279 3419 1315 3475 et
1335 3410 1504 3475 stimulare
1531 3430 1590 3475 nos
1619 3409 1724 3487 debet,
1752 3431 1850 3493 qnam
1872 3411 1914 3475 ad
1942 3410 2088 3475 desidiae
2109 3420 2259 3494 praetex-

249 3491 400 3574 propriao
423 3492 581 3563 instituo.
605 3493 661 3558 sod
684 3494 748 3560 Dei
770 3494 1012 3563 nusorioordise
1039 3518 1118 3563 vasa
1141 3518 1228 3573 ssse;
1280 3506 1352 3560 tum
1375 3496 1493 3561 valere.
1538 3495 1751 3579 Quantopere
1777 3497 1866 3561 enim
1889 3496 1970 3562 haee
1996 3498 2087 3562 inter
2107 3519 2144 3563 se
2166 3497 2261 3565 dissi·

249 3574 337 3660 quod
361 3597 437 3641 roro
459 3577 523 3642 ulia
543 3581 628 3645 liunt
648 3581 683 3645 in
707 3582 947 3657 ooutumoliam
970 3605 1037 3649 nou
1063 3584 1228 3666 iniquitati
1280 3581 1368 3661 dont,
1391 3582 1511 3647 abone
1530 3581 1658 3666 agendo
1675 3603 1801 3648 oessare
1823 3583 1900 3664 quia
1921 3582 2037 3647 eleotio
2056 3583 2098 3647 ad
2120 3584 2261 3649 salutem

248 3660 306 3729 sed
329 3661 450 3730 iudioio
477 3662 715 3748 deputandum,
744 3676 804 3733 oto.
849 3666 946 3751 Quod
967 3668 1060 3735 Deus
1087 3671 1128 3735 iis
1146 3691 1228 3752 quos
1280 3669 1433 3745 suffieint,
1464 3678 1498 3733 et
1524 3669 1676 3734 eleotioni
1705 3668 1907 3752 propositum
1935 3689 2006 3734 esse
2032 3670 2134 3734 linem
2159 3678 2195 3733 ut
2222 3670 2259 3730 in

250 3749 415 3834 repnibat,
438 3748 580 3815 debitam
602 3762 741 3834 pesum
762 3754 925 3838 repondit;
953 3755 995 3820 iis
1017 3776 1097 3838 quos
1123 3766 1227 3828 voest,
1279 3754 1439 3819 bonorum
1450 3754 1596 3819 studium
1612 3753 1862 3819 incumbamus?
1885 3754 2154 3839 Faoessanterpe
2170 3755 2259 3818 eius-

248 3836 448 3902 itunioritum
480 3837 621 3919 pretinm
650 3836 802 3921 largitur,
836 3839 876 3904 ab
901 3841 990 3905 οιιιιιι
1023 3842 1228 3906 aoousatione
1279 3840 1368 3905 modi
1394 3839 1565 3924 sacrilegia
1585 3861 1669 3921 quae
1690 3848 1797 3904 totum
1823 3840 1992 3905 eleemonis
2013 3841 2161 3907 ordinem
2180 3861 2259 3921 per-

249 3920 396 3992 liberari.
430 3920 645 3988 surrilitudino
673 3923 856 3999 eruditoris,
887 3927 979 3992 uiuus
1006 3927 1041 3990 in
1068 3936 1228 4009 potestate
1321 3947 1393 3990 ram
1424 3927 1604 3990 invertunt.
1657 3924 1754 4006 Quod
1787 3942 1898 3990 autem
1928 3948 2007 3993 suas
2037 3925 2260 4008 blasphemias

250 4016 301 4071 est
323 4007 418 4072 ultani
441 4013 616 4081 nuntiare,
639 4009 680 4074 ab
698 4011 801 4076 altino
818 4013 958 4097 erigere.
992 4012 1108 4077 Potest
1123 4013 1228 4097 igitur
1291 4013 1409 4095 ongius
1435 4011 1630 4089 extendunt,
1660 4010 1739 4076 dnm
1761 4033 1848 4085 enm,
1870 4013 1926 4094 qui
1949 4015 1993 4077 sit
2013 4035 2033 4079 ιι
2052 4012 2123 4077 Deo
2144 4032 2261 4093 repro-

251 4092 414 4159 Douiiuus
434 4096 532 4160 etiarn
554 4094 632 4160 duro
654 4097 794 4179 gratiano
815 4097 932 4179 quibus
952 4097 1040 4170 vult.
1067 4099 1143 4180 quia
1165 4100 1228 4162 mi·
1279 4097 1390 4169 bottis,
1416 4097 1623 4180 perditurum
1650 4119 1784 4181 operam
1813 4098 1928 4162 dieunt
1955 4101 1984 4164 si
2010 4097 2196 4163 irinooentia
2225 4107 2261 4161 et

250 4176 390 4243 seniora
413 4193 475 4251 est-;
504 4203 569 4245 uon
598 4183 748 4247 ominbus
770 4183 864 4255 daria,
887 4183 965 4265 quia
987 4185 1091 4249 iustus
1113 4182 1227 4257 iudex:
1279 4184 1440 4268 probitate
1462 4184 1551 4248 vitae
1570 4205 1606 4248 se
1626 4183 1676 4247 illi
1698 4183 1877 4268 approbare
1899 4184 2041 4264 studeat,
2061 4184 2098 4248 ιιι
2119 4205 2158 4249 eo
2180 4205 2261 4247 vero

250 4263 358 4331 dando
390 4265 584 4349 quibusdam
611 4267 698 4350 quod
725 4289 791 4332 uon
828 4280 1013 4339 merentur.
1048 4271 1228 4352 granatam
1251 4294 1256 4355 1
1279 4269 1556 4352 impudentissimi
1577 4269 1739 4336 mendaoii
1761 4272 2012 4335 convineuntur.
2050 4269 2151 4338 Unde
2171 4271 2260 4335 enim

250 4372 344 4417 ιιιιιιιι
366 4352 538 4419 ostorrdore
560 4355 716 4434 gratiam:
739 4376 806 4419 uon
825 4356 977 4420 omnibus
999 4353 1121 4427 (laudo.
1149 4356 1228 4440 quid
1252 4362 1256 4441 i
1279 4356 1346 4420 tale
1374 4354 1518 4420 sardium
1545 4357 1625 4419 oriri
1650 4359 1753 4439 possit
1780 4356 1844 4421 nisi
1873 4378 1915 4421 ex
1943 4356 2125 4423 elsetione?
2174 4356 2261 4420 Nam

251 4443 440 4503 promantur
460 4460 575 4504 orturus
596 4437 771 4505 ιΙιιιιιιιιιιιι.
807 4440 892 4504 Nara
913 4462 1011 4522 paam
1029 4442 1132 4507 Deam
1153 4445 1229 4508 sori·
1252 4456 1255 4499 τ
1280 4443 1465 4524 qniounque
1482 4456 1560 4506 sunt
1577 4463 1619 4505 ex
1636 4442 1848 4527 reproborum
1866 4464 2015 4521 numero,
2033 4453 2073 4508 ut
2088 4458 2166 4509 sunt
2182 4462 2262 4506 vass

250 4520 295 4587 bit
314 4523 439 4589 lhalss
460 4524 570 4609 (lirun.
593 4530 638 4595 11.
659 4526 716 4601 32)
737 4527 889 4592 donam
908 4528 1015 4592 omnio
1032 4528 1089 4592 aab
1105 4536 1229 4611 patrato
1252 4512 1256 4567 ¹
1280 4531 1316 4593 in
1337 4527 1568 4617 contumeliam
1589 4529 1737 4599 formata
1760 4530 1808 4593 ita
1829 4550 1896 4593 nou
1917 4528 2074 4594 desinunt
2095 4530 2261 4613 perpetuis

250 4615 287 4673 stt
313 4610 451 4675 οιιιιιιιιιιι
477 4611 676 4687 alx-eaor,
707 4612 804 4678 aasz
833 4613 1011 4678 αιιιιιιιιιιιιιι
1038 4619 1083 4680 est
1111 4616 1229 4680 amini
1252 4618 1257 4719 l
1281 4615 1416 4698 flagitiis
1443 4615 1527 4678 iram
1556 4613 1622 4678 Dei
1648 4615 1684 4678 in
1706 4637 1742 4680 se
1763 4635 1954 4698 proruente,
1987 4625 2022 4680 et
2054 4615 2261 4681 evidentibus

250 4694 1229 4792 oeesmmo;oeoamiuepsordsta,amm
1282 4701 1386 4784 signis
1417 4702 1611 4765 confirmare
1641 4700 1729 4783 quod
1760 4702 1827 4766 iam
1853 4703 1889 4765 in
1916 4722 1953 4766 se
1984 4701 2092 4766 latmn
2119 4712 2167 4767 est
2194 4698 2261 4763 Dei

252 4786 365 4865 enpust
1281 4785 1446 4936 mgnum
1496 4787 1640 4852 Tantum
1667 4787 1760 4852 abest
1781 4802 1819 4852 ut
1845 4809 1921 4852 oum
1946 4789 2019 4870 ipso
2040 4790 2163 4854 hosne
2183 4808 2260 4852 son-

1282 4879 1339 4937 ten
1404 4880 1428 4935 a

1371 4962 1419 5021 ιι.
1463 4956 1608 5041 mayn
1628 4963 1732 5022 aas·
1758 4965 1849 5040 asom
1871 4960 2070 5041 §apeme
2088 4960 2171 5024 aare
2190 4959 2259 5023 ooc-

292 5156 296 5166 ,
325 5088 353 5143 ιι
373 5088 443 5141 ιιι»
463 5092 576 5169 aaut.
601 5091 661 5143 ιιιι.
680 5092 714 5143 ιιι
735 5091 863 5146 moue
892 5112 914 5147 ι.
934 5091 957 5146 ι.
1027 5093 1058 5149 ιιι
1082 5092 1134 5149 se.
1159 5093 1230 5148 os·
1281 5045 1400 5107 Μ’
1420 5042 1653 5108 mmm
1674 5044 1749 5122 alii,
1777 5066 1815 5110 ⁰⁶
1834 5046 1866 5109 δ”·
1892 5065 1997 5109 m
2023 5047 2139 5127 Μὰ
2162 5048 2259 5140 aare»

254 5154 342 5210 aliur.
380 5155 411 5213 ³)
431 5158 514 5228 llpist.
537 5156 586 5211 lale
608 5158 693 5223 (lbet
736 5160 777 5213 De
800 5163 935 5229 praedast.
959 5176 987 5215 ot
1005 5163 1101 5231 gratis.
1117 5166 1230 5232 m.
1254 5174 1260 5263 p
1282 5130 1358 5195 a*
1378 5128 1604 5192 “dmm
1624 5134 1783 5228 mg
1810 5131 1879 5212 W
1901 5131 1940 5195 (ιθ
1960 5152 1994 5195 '⁸
2017 5153 2166 5216 ΜΝ*
2187 5131 2259 5195 ὠ.

257 5222 612 5296 nomento-aaut
1283 5214 2258 5299 mmdwm,wffllffl
