<?xml version="1.0" encoding="UTF-8"?>
<!DOCTYPE html PUBLIC "-//W3C//DTD XHTML 1.0 Transitional//EN"
    "http://www.w3.org/TR/xhtml1/DTD/xhtml1-transitional.dtd">
<html xmlns="http://www.w3.org/1999/xhtml" xml:lang="en" lang="en">
 <head>
  <title>
</title>
<meta http-equiv="Content-Type" content="text/html;charset=utf-8" />
  <meta name='ocr-system' content='tesseract 3.04.00' />
  <meta name='ocr-capabilities' content='ocr_page ocr_carea ocr_par ocr_line ocrx_word'/>
</head>
<body>
  <div class='ocr_page' id='page_1' title='image "./ioanniscalvinii00cunigoog_0511.png"; bbox 0 0 4672 5842; ppageno 0'>
   <div class='ocr_carea' id='block_1_1' title="bbox 157 217 2168 331">
    <p class='ocr_par' dir='ltr' id='par_1_1' title="bbox 157 217 2168 331">
     <span class='ocr_line' id='line_1_1' title="bbox 157 217 2168 331; baseline -0.009 0"><span class='ocrx_word' id='word_1_1' title='bbox 157 270 221 331; x_wconf 91' lang='grc'><strong><em>999</em></strong></span> <span class='ocrx_word' id='word_1_2' title='bbox 796 255 1510 323; x_wconf 72' lang='lat' dir='ltr'><strong><em>INSTITUTIOREL.OHRIST.1o5o.</em></strong></span> <span class='ocrx_word' id='word_1_3' title='bbox 1632 217 1635 224; x_wconf 78' lang='grc'>’</span> <span class='ocrx_word' id='word_1_4' title='bbox 2086 254 2168 314; x_wconf 81' lang='grc'>9999</span> 
     </span>
    </p>
   </div>
   <div class='ocr_carea' id='block_1_2' title="bbox 107 440 2177 5255">
    <p class='ocr_par' dir='ltr' id='par_1_2' title="bbox 107 440 2177 5255">
     <span class='ocr_line' id='line_1_2' title="bbox 160 440 2166 530; baseline -0.008 -10"><span class='ocrx_word' id='word_1_5' title='bbox 160 455 298 529; x_wconf 77' lang='lat' dir='ltr'><strong><em>duxerit,</em></strong></span> <span class='ocrx_word' id='word_1_6' title='bbox 333 450 387 515; x_wconf 88' lang='lat' dir='ltr'><strong><em>sed</em></strong></span> <span class='ocrx_word' id='word_1_7' title='bbox 419 454 558 513; x_wconf 87' lang='lat' dir='ltr'><strong><em>strenuos</em></strong></span> <span class='ocrx_word' id='word_1_8' title='bbox 592 447 707 510; x_wconf 83' lang='lat' dir='ltr'><strong><em>milites</em></strong></span> <span class='ocrx_word' id='word_1_9' title='bbox 734 445 768 527; x_wconf 84' lang='lat'><strong><em>(2</em></strong></span> <span class='ocrx_word' id='word_1_10' title='bbox 789 443 877 509; x_wconf 83' lang='lat' dir='ltr'><strong><em>Sam.</em></strong></span> <span class='ocrx_word' id='word_1_11' title='bbox 903 450 931 523; x_wconf 87' lang='lat'><strong><em>5,</em></strong></span> <span class='ocrx_word' id='word_1_12' title='bbox 952 447 995 530; x_wconf 86' lang='grc'><strong><em>8).</em></strong></span> <span class='ocrx_word' id='word_1_13' title='bbox 1054 446 1138 526; x_wconf 78' lang='lat' dir='ltr'><strong><em>Quid</em></strong></span> <span class='ocrx_word' id='word_1_14' title='bbox 1189 446 1232 510; x_wconf 88' lang='lat' dir='ltr'><strong><em>ad</em></strong></span> <span class='ocrx_word' id='word_1_15' title='bbox 1253 450 1355 509; x_wconf 90' lang='lat' dir='ltr'><strong><em>totum.</em></strong></span> <span class='ocrx_word' id='word_1_16' title='bbox 1401 443 1565 524; x_wconf 76' lang='lat' dir='ltr'><strong><em>Discipuli</em></strong></span> <span class='ocrx_word' id='word_1_17' title='bbox 1585 449 1735 509; x_wconf 88' lang='lat' dir='ltr'><strong><em>vocantur</em></strong></span> <span class='ocrx_word' id='word_1_18' title='bbox 1756 444 1857 507; x_wconf 85' lang='lat' dir='ltr'><strong><em>iustae</em></strong></span> <span class='ocrx_word' id='word_1_19' title='bbox 1883 440 2166 517; x_wconf 82' lang='grc'>9919119199991999,</span> 
     </span>
     <span class='ocr_line' id='line_1_3' title="bbox 157 527 2167 616; baseline -0.007 -12"><span class='ocrx_word' id='word_1_20' title='bbox 157 528 263 605; x_wconf 52' lang='lat' dir='ltr'><strong><em>&#39;autem</em></strong></span> <span class='ocrx_word' id='word_1_21' title='bbox 295 537 325 599; x_wconf 85' lang='lat' dir='ltr'><strong><em>si</em></strong></span> <span class='ocrx_word' id='word_1_22' title='bbox 352 534 542 615; x_wconf 90' lang='lat' dir='ltr'><strong><em>parabolam</em></strong></span> <span class='ocrx_word' id='word_1_23' title='bbox 575 534 670 616; x_wconf 85' lang='lat' dir='ltr'><strong><em>(Luc.</em></strong></span> <span class='ocrx_word' id='word_1_24' title='bbox 694 536 740 609; x_wconf 86' lang='grc'><strong><em>14,</em></strong></span> <span class='ocrx_word' id='word_1_25' title='bbox 762 532 818 614; x_wconf 84' lang='lat'><strong><em>21)</em></strong></span> <span class='ocrx_word' id='word_1_26' title='bbox 841 552 973 612; x_wconf 89' lang='lat' dir='ltr'><strong><em>oppono,</em></strong></span> <span class='ocrx_word' id='word_1_27' title='bbox 1007 535 1041 596; x_wconf 90' lang='grc'><strong><em>19</em></strong></span> <span class='ocrx_word' id='word_1_28' title='bbox 1073 554 1137 612; x_wconf 80' lang='lat' dir='ltr'><strong><em>qua</em></strong></span> <span class='ocrx_word' id='word_1_29' title='bbox 1189 533 1244 612; x_wconf 80' lang='lat' dir='ltr'><strong><em>qui</em></strong></span> <span class='ocrx_word' id='word_1_30' title='bbox 1276 533 1343 595; x_wconf 90' lang='lat' dir='ltr'><strong><em>iam</em></strong></span> <span class='ocrx_word' id='word_1_31' title='bbox 1373 531 1498 611; x_wconf 79' lang='lat' dir='ltr'><strong><em>fuerant</em></strong></span> <span class='ocrx_word' id='word_1_32' title='bbox 1525 531 1620 594; x_wconf 89' lang='lat' dir='ltr'><strong><em>edocti</em></strong></span> <span class='ocrx_word' id='word_1_33' title='bbox 1647 536 1674 594; x_wconf 91' lang='lat' dir='ltr'><strong><em>et</em></strong></span> <span class='ocrx_word' id='word_1_34' title='bbox 1705 528 1827 593; x_wconf 82' lang='lat' dir='ltr'><strong><em>Christo</em></strong></span> <span class='ocrx_word' id='word_1_35' title='bbox 1860 549 1971 592; x_wconf 90' lang='lat' dir='ltr'><strong><em>nomen</em></strong></span> <span class='ocrx_word' id='word_1_36' title='bbox 2004 527 2167 591; x_wconf 66' lang='lat' dir='ltr'><strong><em>nouau-</em></strong></span> 
     </span>
     <span class='ocr_line' id='line_1_4' title="bbox 160 614 2169 700; baseline -0.005 -12"><span class='ocrx_word' id='word_1_37' title='bbox 160 624 250 689; x_wconf 88' lang='lat' dir='ltr'><strong><em>Deus</em></strong></span> <span class='ocrx_word' id='word_1_38' title='bbox 271 623 314 685; x_wconf 90' lang='lat' dir='ltr'><strong><em>ad</em></strong></span> <span class='ocrx_word' id='word_1_39' title='bbox 335 620 457 684; x_wconf 85' lang='lat' dir='ltr'><strong><em>coeleste</em></strong></span> <span class='ocrx_word' id='word_1_40' title='bbox 481 620 605 700; x_wconf 91' lang='lat' dir='ltr'><strong><em>epulum</em></strong></span> <span class='ocrx_word' id='word_1_41' title='bbox 623 619 736 682; x_wconf 85' lang='lat' dir='ltr'><strong><em>incitat</em></strong></span> <span class='ocrx_word' id='word_1_42' title='bbox 756 638 860 681; x_wconf 89' lang='lat' dir='ltr'><strong><em>caecos</em></strong></span> <span class='ocrx_word' id='word_1_43' title='bbox 882 623 909 681; x_wconf 91' lang='grc'><strong><em>91</em></strong></span> <span class='ocrx_word' id='word_1_44' title='bbox 926 618 1061 696; x_wconf 87' lang='lat' dir='ltr'><strong><em>claudos,</em></strong></span> <span class='ocrx_word' id='word_1_45' title='bbox 1084 617 1137 681; x_wconf 90' lang='lat' dir='ltr'><strong><em>hoc</em></strong></span> <span class='ocrx_word' id='word_1_46' title='bbox 1189 619 1283 681; x_wconf 85' lang='lat' dir='ltr'><strong><em>sicuti</em></strong></span> <span class='ocrx_word' id='word_1_47' title='bbox 1311 616 1447 681; x_wconf 88' lang='lat' dir='ltr'><strong><em>Iudaeos</em></strong></span> <span class='ocrx_word' id='word_1_48' title='bbox 1478 617 1535 679; x_wconf 90' lang='lat' dir='ltr'><strong><em>sub</em></strong></span> <span class='ocrx_word' id='word_1_49' title='bbox 1568 617 1630 700; x_wconf 87' lang='grc'>1999</span> <span class='ocrx_word' id='word_1_50' title='bbox 1659 614 1760 679; x_wconf 80' lang='lat' dir='ltr'><strong><em>blesis</em></strong></span> <span class='ocrx_word' id='word_1_51' title='bbox 1787 615 1961 695; x_wconf 79' lang='lat' dir='ltr'><strong><em>discipulos</em></strong></span> <span class='ocrx_word' id='word_1_52' title='bbox 1988 634 2056 678; x_wconf 87' lang='grc'>9999</span> <span class='ocrx_word' id='word_1_53' title='bbox 2083 633 2169 693; x_wconf 86' lang='lat' dir='ltr'><strong><em>opor-</em></strong></span> 
     </span>
     <span class='ocr_line' id='line_1_5' title="bbox 161 699 2168 787; baseline -0.006 -13"><span class='ocrx_word' id='word_1_54' title='bbox 161 730 194 774; x_wconf 92' lang='lat' dir='ltr'><strong><em>se</em></strong></span> <span class='ocrx_word' id='word_1_55' title='bbox 223 709 301 772; x_wconf 91' lang='lat' dir='ltr'><strong><em>nodo</em></strong></span> <span class='ocrx_word' id='word_1_56' title='bbox 328 706 476 787; x_wconf 78' lang='lat' dir='ltr'><strong><em>quomodo</em></strong></span> <span class='ocrx_word' id='word_1_57' title='bbox 510 706 648 785; x_wconf 75' lang='lat' dir='ltr'><strong><em>expediet</em></strong></span> <span class='ocrx_word' id='word_1_58' title='bbox 678 702 845 767; x_wconf 82' lang='lat' dir='ltr'><strong><em>Servetus?</em></strong></span> <span class='ocrx_word' id='word_1_59' title='bbox 898 704 1017 784; x_wconf 80' lang='lat' dir='ltr'><strong><em>Quaero</em></strong></span> <span class='ocrx_word' id='word_1_60' title='bbox 1045 706 1137 767; x_wconf 88' lang='lat' dir='ltr'><strong><em>etiam</em></strong></span> <span class='ocrx_word' id='word_1_61' title='bbox 1190 705 1265 767; x_wconf 89' lang='lat' dir='ltr'><strong><em>tuit:</em></strong></span> <span class='ocrx_word' id='word_1_62' title='bbox 1292 724 1378 766; x_wconf 89' lang='lat' dir='ltr'><strong><em>nemo</em></strong></span> <span class='ocrx_word' id='word_1_63' title='bbox 1400 708 1498 767; x_wconf 77' lang='lat' dir='ltr'><strong><em>tannen</em></strong></span> <span class='ocrx_word' id='word_1_64' title='bbox 1522 703 1594 767; x_wconf 89' lang='lat' dir='ltr'><strong><em>inde</em></strong></span> <span class='ocrx_word' id='word_1_65' title='bbox 1621 708 1698 766; x_wconf 88' lang='lat' dir='ltr'><strong><em>recte</em></strong></span> <span class='ocrx_word' id='word_1_66' title='bbox 1732 702 1851 783; x_wconf 74' lang='lat' dir='ltr'><strong><em>inseret,</em></strong></span> <span class='ocrx_word' id='word_1_67' title='bbox 1879 705 2042 765; x_wconf 81' lang='grc'>9919999999</span> <span class='ocrx_word' id='word_1_68' title='bbox 2068 699 2168 779; x_wconf 75' lang='lat' dir='ltr'><strong><em>fuisse</em></strong></span> 
     </span>
     <span class='ocr_line' id='line_1_6' title="bbox 160 783 2167 873; baseline -0.006 -14"><span class='ocrx_word' id='word_1_69' title='bbox 160 815 265 860; x_wconf 88' lang='lat' dir='ltr'><strong><em>annon</em></strong></span> <span class='ocrx_word' id='word_1_70' title='bbox 280 794 378 873; x_wconf 86' lang='lat' dir='ltr'><strong><em>prius</em></strong></span> <span class='ocrx_word' id='word_1_71' title='bbox 400 813 469 855; x_wconf 93' lang='lat' dir='ltr'><strong><em>cum</em></strong></span> <span class='ocrx_word' id='word_1_72' title='bbox 487 790 613 854; x_wconf 87' lang='lat' dir='ltr'><strong><em>Duoide</em></strong></span> <span class='ocrx_word' id='word_1_73' title='bbox 634 790 820 853; x_wconf 68' lang='lat' dir='ltr'><strong><em>militassent</em></strong></span> <span class='ocrx_word' id='word_1_74' title='bbox 837 789 943 854; x_wconf 87' lang='lat' dir='ltr'><strong><em>claudi</em></strong></span> <span class='ocrx_word' id='word_1_75' title='bbox 962 796 989 854; x_wconf 93' lang='lat' dir='ltr'><strong><em>et</em></strong></span> <span class='ocrx_word' id='word_1_76' title='bbox 1006 789 1136 854; x_wconf 79' lang='lat' dir='ltr'><strong><em>mutili?</em></strong></span> <span class='ocrx_word' id='word_1_77' title='bbox 1190 791 1341 870; x_wconf 69' lang='lat' dir='ltr'><strong><em>impariles,</em></strong></span> <span class='ocrx_word' id='word_1_78' title='bbox 1369 809 1445 869; x_wconf 84' lang='grc'>9999</span> <span class='ocrx_word' id='word_1_79' title='bbox 1473 789 1564 853; x_wconf 87' lang='lat' dir='ltr'><strong><em>Deus</em></strong></span> <span class='ocrx_word' id='word_1_80' title='bbox 1592 793 1719 853; x_wconf 85' lang='lat' dir='ltr'><strong><em>testatus</em></strong></span> <span class='ocrx_word' id='word_1_81' title='bbox 1745 793 1789 851; x_wconf 88' lang='lat' dir='ltr'><strong><em>est</em></strong></span> <span class='ocrx_word' id='word_1_82' title='bbox 1813 809 1875 868; x_wconf 92' lang='lat' dir='ltr'><strong><em>pro</em></strong></span> <span class='ocrx_word' id='word_1_83' title='bbox 1902 787 2081 850; x_wconf 75' lang='lat' dir='ltr'><strong><em>domesticis</em></strong></span> <span class='ocrx_word' id='word_1_84' title='bbox 2110 783 2167 848; x_wconf 84' lang='grc'>9911</span> 
     </span>
     <span class='ocr_line' id='line_1_7' title="bbox 162 871 2168 962; baseline -0.006 -18"><span class='ocrx_word' id='word_1_85' title='bbox 162 879 304 962; x_wconf 83' lang='lat' dir='ltr'><strong><em>Lonpius</em></strong></span> <span class='ocrx_word' id='word_1_86' title='bbox 335 884 437 941; x_wconf 82' lang='grc'>199999</span> <span class='ocrx_word' id='word_1_87' title='bbox 464 879 498 941; x_wconf 92' lang='lat' dir='ltr'><strong><em>in</em></strong></span> <span class='ocrx_word' id='word_1_88' title='bbox 525 877 583 940; x_wconf 88' lang='grc'><strong><em>199</em></strong></span> <span class='ocrx_word' id='word_1_89' title='bbox 606 877 726 940; x_wconf 87' lang='lat' dir='ltr'><strong><em>ratione</em></strong></span> <span class='ocrx_word' id='word_1_90' title='bbox 748 876 891 939; x_wconf 76' lang='lat' dir='ltr'><strong><em>insistere</em></strong></span> <span class='ocrx_word' id='word_1_91' title='bbox 910 896 1137 957; x_wconf 83' lang='lat' dir='ltr'><strong><em>supervacuum</em></strong></span> <span class='ocrx_word' id='word_1_92' title='bbox 1190 897 1262 940; x_wconf 84' lang='lat' dir='ltr'><strong><em>esse.</em></strong></span> <span class='ocrx_word' id='word_1_93' title='bbox 1307 874 1363 938; x_wconf 84' lang='lat' dir='ltr'><strong><em>Ad</em></strong></span> <span class='ocrx_word' id='word_1_94' title='bbox 1389 875 1462 939; x_wconf 78' lang='lat' dir='ltr'><strong><em>leaeo</em></strong></span> <span class='ocrx_word' id='word_1_95' title='bbox 1489 875 1639 953; x_wconf 75' lang='lat' dir='ltr'><strong><em>obtendit,</em></strong></span> <span class='ocrx_word' id='word_1_96' title='bbox 1671 873 1867 939; x_wconf 73' lang='lat' dir='ltr'><strong><em>Christianos</em></strong></span> <span class='ocrx_word' id='word_1_97' title='bbox 1888 894 1994 937; x_wconf 90' lang='lat' dir='ltr'><strong><em>omnes</em></strong></span> <span class='ocrx_word' id='word_1_98' title='bbox 2016 892 2084 937; x_wconf 91' lang='grc'>9999</span> <span class='ocrx_word' id='word_1_99' title='bbox 2104 871 2168 952; x_wconf 77' lang='lat' dir='ltr'><strong><em>fra</em></strong></span> 
     </span>
     <span class='ocr_line' id='line_1_8' title="bbox 161 957 2168 1046; baseline -0.006 -15"><span class='ocrx_word' id='word_1_100' title='bbox 161 970 218 1042; x_wconf 87' lang='lat' dir='ltr'><strong><em>cst,</em></strong></span> <span class='ocrx_word' id='word_1_101' title='bbox 246 986 343 1046; x_wconf 79' lang='lat' dir='ltr'><strong><em>quom</em></strong></span> <span class='ocrx_word' id='word_1_102' title='bbox 371 985 408 1027; x_wconf 84' lang='lat' dir='ltr'><strong><em>en·</em></strong></span> <span class='ocrx_word' id='word_1_103' title='bbox 435 984 521 1026; x_wconf 90' lang='lat' dir='ltr'><strong><em>mera</em></strong></span> <span class='ocrx_word' id='word_1_104' title='bbox 546 962 685 1043; x_wconf 81' lang='lat' dir='ltr'><strong><em>falsitate</em></strong></span> <span class='ocrx_word' id='word_1_105' title='bbox 714 962 889 1040; x_wconf 81' lang='lat' dir='ltr'><strong><em>contlatam,</em></strong></span> <span class='ocrx_word' id='word_1_106' title='bbox 917 983 955 1025; x_wconf 82' lang='lat' dir='ltr'><strong><em>en</em></strong></span> <span class='ocrx_word' id='word_1_107' title='bbox 978 982 1070 1025; x_wconf 90' lang='lat' dir='ltr'><strong><em>sacro</em></strong></span> <span class='ocrx_word' id='word_1_108' title='bbox 1092 962 1138 1024; x_wconf 82' lang='lat' dir='ltr'><strong><em>hi</em></strong></span> <span class='ocrx_word' id='word_1_109' title='bbox 1189 967 1258 1039; x_wconf 89' lang='lat' dir='ltr'><strong><em>tres,</em></strong></span> <span class='ocrx_word' id='word_1_110' title='bbox 1282 982 1341 1042; x_wconf 81' lang='lat' dir='ltr'><strong><em>quo</em></strong></span> <span class='ocrx_word' id='word_1_111' title='bbox 1363 962 1398 1024; x_wconf 89' lang='lat' dir='ltr'><strong><em>in</em></strong></span> <span class='ocrx_word' id='word_1_112' title='bbox 1420 981 1546 1024; x_wconf 90' lang='lat' dir='ltr'><strong><em>numero</em></strong></span> <span class='ocrx_word' id='word_1_113' title='bbox 1569 961 1706 1040; x_wconf 76' lang='grc'>19199199</span> <span class='ocrx_word' id='word_1_114' title='bbox 1728 960 1816 1024; x_wconf 90' lang='lat' dir='ltr'><strong><em>nobis</em></strong></span> <span class='ocrx_word' id='word_1_115' title='bbox 1833 980 1893 1023; x_wconf 89' lang='lat' dir='ltr'><strong><em>non</em></strong></span> <span class='ocrx_word' id='word_1_116' title='bbox 1910 964 1993 1035; x_wconf 87' lang='lat' dir='ltr'><strong><em>suut,</em></strong></span> <span class='ocrx_word' id='word_1_117' title='bbox 2016 957 2168 1038; x_wconf 81' lang='grc'>9999999119</span> 
     </span>
     <span class='ocr_line' id='line_1_9' title="bbox 161 1042 2168 1130; baseline -0.006 -14"><span class='ocrx_word' id='word_1_118' title='bbox 161 1051 261 1116; x_wconf 87' lang='lat' dir='ltr'><strong><em>storia</em></strong></span> <span class='ocrx_word' id='word_1_119' title='bbox 282 1049 507 1130; x_wconf 88' lang='lat' dir='ltr'><strong><em>deprehendent</em></strong></span> <span class='ocrx_word' id='word_1_120' title='bbox 528 1049 656 1111; x_wconf 87' lang='lat' dir='ltr'><strong><em>lectores.</em></strong></span> <span class='ocrx_word' id='word_1_121' title='bbox 693 1046 839 1126; x_wconf 75' lang='lat' dir='ltr'><strong><em>Sequitur</em></strong></span> <span class='ocrx_word' id='word_1_122' title='bbox 860 1047 960 1111; x_wconf 89' lang='grc'>911999</span> <span class='ocrx_word' id='word_1_123' title='bbox 977 1048 1137 1130; x_wconf 89' lang='grc'>911999919,</span> <span class='ocrx_word' id='word_1_124' title='bbox 1190 1069 1210 1110; x_wconf 91' lang='grc'><strong><em>9</em></strong></span> <span class='ocrx_word' id='word_1_125' title='bbox 1233 1069 1322 1111; x_wconf 87' lang='lat' dir='ltr'><strong><em>coeno</em></strong></span> <span class='ocrx_word' id='word_1_126' title='bbox 1344 1068 1394 1110; x_wconf 90' lang='lat' dir='ltr'><strong><em>eos</em></strong></span> <span class='ocrx_word' id='word_1_127' title='bbox 1410 1047 1598 1128; x_wconf 89' lang='lat' dir='ltr'><strong><em>repellimus.</em></strong></span> <span class='ocrx_word' id='word_1_128' title='bbox 1633 1046 1701 1129; x_wconf 83' lang='lat' dir='ltr'><strong><em>Epo</em></strong></span> <span class='ocrx_word' id='word_1_129' title='bbox 1719 1066 1788 1109; x_wconf 91' lang='lat' dir='ltr'><strong><em>oero</em></strong></span> <span class='ocrx_word' id='word_1_130' title='bbox 1807 1046 1850 1110; x_wconf 85' lang='lat' dir='ltr'><strong><em>ad</em></strong></span> <span class='ocrx_word' id='word_1_131' title='bbox 1867 1046 2070 1126; x_wconf 89' lang='lat' dir='ltr'><strong><em>principium</em></strong></span> <span class='ocrx_word' id='word_1_132' title='bbox 2089 1042 2168 1107; x_wconf 80' lang='lat' dir='ltr'><strong><em>iliad</em></strong></span> 
     </span>
     <span class='ocr_line' id='line_1_10' title="bbox 161 1127 2168 1218; baseline -0.005 -17"><span class='ocrx_word' id='word_1_133' title='bbox 161 1136 317 1218; x_wconf 76' lang='lat' dir='ltr'><strong><em>apostoles</em></strong></span> <span class='ocrx_word' id='word_1_134' title='bbox 333 1137 507 1216; x_wconf 81' lang='lat' dir='ltr'><strong><em>piscatores</em></strong></span> <span class='ocrx_word' id='word_1_135' title='bbox 527 1133 690 1197; x_wconf 82' lang='lat' dir='ltr'><strong><em>hmninum</em></strong></span> <span class='ocrx_word' id='word_1_136' title='bbox 707 1134 817 1213; x_wconf 75' lang='lat' dir='ltr'><strong><em>fuisse,</em></strong></span> <span class='ocrx_word' id='word_1_137' title='bbox 840 1154 902 1196; x_wconf 89' lang='lat' dir='ltr'><strong><em>non</em></strong></span> <span class='ocrx_word' id='word_1_138' title='bbox 918 1134 1134 1215; x_wconf 85' lang='lat' dir='ltr'><strong><em>parenlmnm.</em></strong></span> <span class='ocrx_word' id='word_1_139' title='bbox 1189 1133 1286 1209; x_wconf 91' lang='lat' dir='ltr'><strong><em>redeo,</em></strong></span> <span class='ocrx_word' id='word_1_140' title='bbox 1309 1154 1370 1196; x_wconf 91' lang='lat' dir='ltr'><strong><em>non</em></strong></span> <span class='ocrx_word' id='word_1_141' title='bbox 1386 1153 1451 1195; x_wconf 90' lang='lat' dir='ltr'><strong><em>esse</em></strong></span> <span class='ocrx_word' id='word_1_142' title='bbox 1472 1132 1617 1197; x_wconf 82' lang='grc'>19999199</span> <span class='ocrx_word' id='word_1_143' title='bbox 1634 1133 1723 1215; x_wconf 87' lang='grc'>99991</span> <span class='ocrx_word' id='word_1_144' title='bbox 1740 1131 1897 1208; x_wconf 87' lang='lat' dir='ltr'><strong><em>coelorum,</em></strong></span> <span class='ocrx_word' id='word_1_145' title='bbox 1920 1131 2061 1211; x_wconf 86' lang='grc'>9191991</span> <span class='ocrx_word' id='word_1_146' title='bbox 2082 1127 2168 1192; x_wconf 68' lang='lat' dir='ltr'><strong><em>Chri»</em></strong></span> 
     </span>
     <span class='ocr_line' id='line_1_11' title="bbox 162 1216 2166 1306; baseline -0.006 -19"><span class='ocrx_word' id='word_1_147' title='bbox 162 1222 232 1306; x_wconf 78' lang='lat' dir='ltr'><strong><em>Epo</em></strong></span> <span class='ocrx_word' id='word_1_148' title='bbox 261 1227 362 1285; x_wconf 88' lang='lat' dir='ltr'><strong><em>autem</em></strong></span> <span class='ocrx_word' id='word_1_149' title='bbox 389 1241 504 1301; x_wconf 80' lang='lat' dir='ltr'><strong><em>quaero</em></strong></span> <span class='ocrx_word' id='word_1_150' title='bbox 532 1219 609 1300; x_wconf 79' lang='lat' dir='ltr'><strong><em>quid</em></strong></span> <span class='ocrx_word' id='word_1_151' title='bbox 641 1218 701 1282; x_wconf 88' lang='lat' dir='ltr'><strong><em>sibi</em></strong></span> <span class='ocrx_word' id='word_1_152' title='bbox 729 1219 802 1282; x_wconf 89' lang='lat' dir='ltr'><strong><em>oelit</em></strong></span> <span class='ocrx_word' id='word_1_153' title='bbox 829 1219 912 1283; x_wconf 87' lang='lat' dir='ltr'><strong><em>illud</em></strong></span> <span class='ocrx_word' id='word_1_154' title='bbox 941 1218 1074 1283; x_wconf 85' lang='lat' dir='ltr'><strong><em>Christi:</em></strong></span> <span class='ocrx_word' id='word_1_155' title='bbox 1103 1221 1138 1282; x_wconf 88' lang='lat' dir='ltr'><strong><em>iu</em></strong></span> <span class='ocrx_word' id='word_1_156' title='bbox 1190 1221 1231 1283; x_wconf 82' lang='lat' dir='ltr'><strong><em>sti</em></strong></span> <span class='ocrx_word' id='word_1_157' title='bbox 1264 1225 1336 1281; x_wconf 78' lang='lat' dir='ltr'><strong><em>sunit</em></strong></span> <span class='ocrx_word' id='word_1_158' title='bbox 1369 1219 1521 1282; x_wconf 89' lang='lat' dir='ltr'><strong><em>membra:</em></strong></span> <span class='ocrx_word' id='word_1_159' title='bbox 1550 1219 1660 1283; x_wconf 87' lang='lat' dir='ltr'><strong><em>deinde</em></strong></span> <span class='ocrx_word' id='word_1_160' title='bbox 1694 1216 1812 1281; x_wconf 87' lang='lat' dir='ltr'><strong><em>Christi</em></strong></span> <span class='ocrx_word' id='word_1_161' title='bbox 1844 1217 2028 1297; x_wconf 68' lang='lat' dir='ltr'><strong><em>amplerum</em></strong></span> <span class='ocrx_word' id='word_1_162' title='bbox 2064 1235 2166 1279; x_wconf 85' lang='lat' dir='ltr'><strong><em>oerum</em></strong></span> 
     </span>
     <span class='ocr_line' id='line_1_12' title="bbox 162 1302 2168 1388; baseline -0.005 -14"><span class='ocrx_word' id='word_1_163' title='bbox 162 1314 225 1374; x_wconf 90' lang='grc'>9919</span> <span class='ocrx_word' id='word_1_164' title='bbox 247 1306 628 1388; x_wconf 86' lang='grc'>999-999111991119199999</span> <span class='ocrx_word' id='word_1_165' title='bbox 650 1306 790 1386; x_wconf 79' lang='lat' dir='ltr'><strong><em>piscium</em></strong></span> <span class='ocrx_word' id='word_1_166' title='bbox 809 1326 908 1387; x_wconf 86' lang='grc'>99999</span> <span class='ocrx_word' id='word_1_167' title='bbox 930 1304 1066 1387; x_wconf 78' lang='lat' dir='ltr'><strong><em>(Mateh.</em></strong></span> <span class='ocrx_word' id='word_1_168' title='bbox 1088 1309 1136 1377; x_wconf 82' lang='lat'><strong><em>13,</em></strong></span> <span class='ocrx_word' id='word_1_169' title='bbox 1189 1305 1291 1385; x_wconf 73' lang='lat' dir='ltr'><strong><em>tuisse</em></strong></span> <span class='ocrx_word' id='word_1_170' title='bbox 1317 1310 1464 1369; x_wconf 81' lang='lat' dir='ltr'><strong><em>tesseram</em></strong></span> <span class='ocrx_word' id='word_1_171' title='bbox 1486 1305 1678 1385; x_wconf 74' lang='lat' dir='ltr'><strong><em>adoptionis,</em></strong></span> <span class='ocrx_word' id='word_1_172' title='bbox 1707 1325 1770 1385; x_wconf 84' lang='grc'><strong><em>999</em></strong></span> <span class='ocrx_word' id='word_1_173' title='bbox 1797 1304 1931 1384; x_wconf 79' lang='lat' dir='ltr'><strong><em>infantes</em></strong></span> <span class='ocrx_word' id='word_1_174' title='bbox 1951 1302 2076 1366; x_wconf 87' lang='lat' dir='ltr'><strong><em>adultis</em></strong></span> <span class='ocrx_word' id='word_1_175' title='bbox 2095 1322 2168 1365; x_wconf 84' lang='grc'>9999-</span> 
     </span>
     <span class='ocr_line' id='line_1_13' title="bbox 107 1389 2167 1477; baseline -0.003 -20"><span class='ocrx_word' id='word_1_176' title='bbox 107 1463 110 1468; x_wconf 57' lang='grc'>,</span> <span class='ocrx_word' id='word_1_177' title='bbox 164 1394 231 1477; x_wconf 83' lang='grc'>47).</span> <span class='ocrx_word' id='word_1_178' title='bbox 269 1392 330 1456; x_wconf 85' lang='lat' dir='ltr'><strong><em>Sed</em></strong></span> <span class='ocrx_word' id='word_1_179' title='bbox 351 1393 426 1472; x_wconf 79' lang='lat' dir='ltr'><strong><em>quia</em></strong></span> <span class='ocrx_word' id='word_1_180' title='bbox 447 1391 606 1474; x_wconf 83' lang='lat' dir='ltr'><strong><em>olleporiis</em></strong></span> <span class='ocrx_word' id='word_1_181' title='bbox 628 1390 732 1454; x_wconf 89' lang='lat' dir='ltr'><strong><em>ludere</em></strong></span> <span class='ocrx_word' id='word_1_182' title='bbox 754 1412 814 1454; x_wconf 89' lang='lat' dir='ltr'><strong><em>non</em></strong></span> <span class='ocrx_word' id='word_1_183' title='bbox 829 1391 940 1472; x_wconf 88' lang='lat' dir='ltr'><strong><em>placet,</em></strong></span> <span class='ocrx_word' id='word_1_184' title='bbox 963 1392 1136 1472; x_wconf 84' lang='lat' dir='ltr'><strong><em>respondeo,</em></strong></span> <span class='ocrx_word' id='word_1_185' title='bbox 1192 1392 1328 1454; x_wconf 86' lang='lat' dir='ltr'><strong><em>uruniter</em></strong></span> <span class='ocrx_word' id='word_1_186' title='bbox 1359 1392 1545 1472; x_wconf 81' lang='grc'>1999999199,</span> <span class='ocrx_word' id='word_1_187' title='bbox 1578 1411 1632 1454; x_wconf 89' lang='lat' dir='ltr'><strong><em>nec</em></strong></span> <span class='ocrx_word' id='word_1_188' title='bbox 1664 1391 1882 1454; x_wconf 87' lang='lat' dir='ltr'><strong><em>abstinentiam</em></strong></span> <span class='ocrx_word' id='word_1_189' title='bbox 1912 1389 2118 1468; x_wconf 81' lang='lat' dir='ltr'><strong><em>temporalem</em></strong></span> <span class='ocrx_word' id='word_1_190' title='bbox 2148 1408 2167 1449; x_wconf 88' lang='grc'><strong><em>9</em></strong></span> 
     </span>
     <span class='ocr_line' id='line_1_14' title="bbox 163 1475 2168 1562; baseline -0.003 -20"><span class='ocrx_word' id='word_1_191' title='bbox 163 1499 259 1562; x_wconf 77' lang='lat' dir='ltr'><strong><em>quum</em></strong></span> <span class='ocrx_word' id='word_1_192' title='bbox 287 1477 434 1558; x_wconf 86' lang='lat' dir='ltr'><strong><em>apostolis</em></strong></span> <span class='ocrx_word' id='word_1_193' title='bbox 463 1478 636 1540; x_wconf 87' lang='lat' dir='ltr'><strong><em>iniunctum</em></strong></span> <span class='ocrx_word' id='word_1_194' title='bbox 661 1477 725 1557; x_wconf 78' lang='lat' dir='ltr'><strong><em>fuit</em></strong></span> <span class='ocrx_word' id='word_1_195' title='bbox 756 1477 881 1541; x_wconf 89' lang='lat' dir='ltr'><strong><em>docendi</em></strong></span> <span class='ocrx_word' id='word_1_196' title='bbox 913 1498 1042 1554; x_wconf 83' lang='lat' dir='ltr'><strong><em>munros,</em></strong></span> <span class='ocrx_word' id='word_1_197' title='bbox 1077 1497 1138 1540; x_wconf 88' lang='lat' dir='ltr'><strong><em>non</em></strong></span> <span class='ocrx_word' id='word_1_198' title='bbox 1190 1497 1282 1540; x_wconf 88' lang='lat' dir='ltr'><strong><em>coena</em></strong></span> <span class='ocrx_word' id='word_1_199' title='bbox 1304 1476 1423 1540; x_wconf 88' lang='lat' dir='ltr'><strong><em>obstare</em></strong></span> <span class='ocrx_word' id='word_1_200' title='bbox 1445 1478 1610 1557; x_wconf 81' lang='lat' dir='ltr'><strong><em>quominus</em></strong></span> <span class='ocrx_word' id='word_1_201' title='bbox 1627 1477 1804 1557; x_wconf 69' lang='lat' dir='ltr'><strong><em>pertineant</em></strong></span> <span class='ocrx_word' id='word_1_202' title='bbox 1825 1475 1868 1539; x_wconf 90' lang='lat' dir='ltr'><strong><em>ad</em></strong></span> <span class='ocrx_word' id='word_1_203' title='bbox 1884 1475 2031 1538; x_wconf 88' lang='lat' dir='ltr'><strong><em>ecclesiae</em></strong></span> <span class='ocrx_word' id='word_1_204' title='bbox 2048 1494 2168 1553; x_wconf 84' lang='lat' dir='ltr'><strong><em>corpus.</em></strong></span> 
     </span>
     <span class='ocr_line' id='line_1_15' title="bbox 163 1560 2167 1648; baseline -0.004 -20"><span class='ocrx_word' id='word_1_205' title='bbox 163 1566 265 1648; x_wconf 77' lang='lat' dir='ltr'><strong><em>fuisse</em></strong></span> <span class='ocrx_word' id='word_1_206' title='bbox 296 1569 399 1627; x_wconf 89' lang='lat' dir='ltr'><strong><em>tamen</em></strong></span> <span class='ocrx_word' id='word_1_207' title='bbox 431 1562 604 1644; x_wconf 88' lang='lat' dir='ltr'><strong><em>prohibitos</em></strong></span> <span class='ocrx_word' id='word_1_208' title='bbox 642 1564 680 1626; x_wconf 93' lang='grc'><strong><em>91</em></strong></span> <span class='ocrx_word' id='word_1_209' title='bbox 719 1562 892 1643; x_wconf 74' lang='lat' dir='ltr'><strong><em>infantibus</em></strong></span> <span class='ocrx_word' id='word_1_210' title='bbox 930 1563 1137 1643; x_wconf 67' lang='lat' dir='ltr'><strong><em>baptizandis.</em></strong></span> <span class='ocrx_word' id='word_1_211' title='bbox 1192 1562 1257 1625; x_wconf 89' lang='lat' dir='ltr'><strong><em>Nec</em></strong></span> <span class='ocrx_word' id='word_1_212' title='bbox 1283 1583 1352 1626; x_wconf 86' lang='lat' dir='ltr'><strong><em>vero</em></strong></span> <span class='ocrx_word' id='word_1_213' title='bbox 1383 1562 1462 1626; x_wconf 89' lang='lat' dir='ltr'><strong><em>latro</em></strong></span> <span class='ocrx_word' id='word_1_214' title='bbox 1492 1564 1524 1624; x_wconf 88' lang='lat' dir='ltr'><strong><em>in</em></strong></span> <span class='ocrx_word' id='word_1_215' title='bbox 1552 1582 1639 1625; x_wconf 92' lang='lat' dir='ltr'><strong><em>cruce</em></strong></span> <span class='ocrx_word' id='word_1_216' title='bbox 1667 1581 1830 1626; x_wconf 86' lang='lat' dir='ltr'><strong><em>conversas</em></strong></span> <span class='ocrx_word' id='word_1_217' title='bbox 1858 1561 1951 1625; x_wconf 87' lang='lat' dir='ltr'><strong><em>desiit</em></strong></span> <span class='ocrx_word' id='word_1_218' title='bbox 1971 1581 2040 1624; x_wconf 90' lang='lat' dir='ltr'><strong><em>esse</em></strong></span> <span class='ocrx_word' id='word_1_219' title='bbox 2069 1560 2167 1641; x_wconf 83' lang='lat' dir='ltr'><strong><em>frater</em></strong></span> 
     </span>
     <span class='ocr_line' id='line_1_16' title="bbox 169 1645 2165 1732; baseline -0.002 -20"><span class='ocrx_word' id='word_1_220' title='bbox 169 1651 355 1731; x_wconf 80' lang='lat' dir='ltr'><strong><em>Quarrquam</em></strong></span> <span class='ocrx_word' id='word_1_221' title='bbox 384 1650 463 1712; x_wconf 86' lang='lat' dir='ltr'><strong><em>scire</em></strong></span> <span class='ocrx_word' id='word_1_222' title='bbox 491 1648 591 1712; x_wconf 87' lang='lat' dir='ltr'><strong><em>adhuc</em></strong></span> <span class='ocrx_word' id='word_1_223' title='bbox 620 1649 724 1725; x_wconf 85' lang='lat' dir='ltr'><strong><em>celim,</em></strong></span> <span class='ocrx_word' id='word_1_224' title='bbox 754 1669 849 1729; x_wconf 75' lang='lat' dir='ltr'><strong><em>quum</em></strong></span> <span class='ocrx_word' id='word_1_225' title='bbox 877 1646 1058 1732; x_wconf 78' lang='grc' dir='ltr'><strong><em>ἀνθρώπους</em></strong></span> <span class='ocrx_word' id='word_1_226' title='bbox 1086 1669 1139 1711; x_wconf 92' lang='lat' dir='ltr'><strong><em>no-</em></strong></span> <span class='ocrx_word' id='word_1_227' title='bbox 1184 1650 1323 1728; x_wconf 90' lang='lat' dir='ltr'><strong><em>piornm,</em></strong></span> <span class='ocrx_word' id='word_1_228' title='bbox 1346 1649 1490 1728; x_wconf 83' lang='grc'>99999919</span> <span class='ocrx_word' id='word_1_229' title='bbox 1511 1649 1553 1712; x_wconf 91' lang='lat' dir='ltr'><strong><em>ad</em></strong></span> <span class='ocrx_word' id='word_1_230' title='bbox 1574 1669 1697 1712; x_wconf 87' lang='grc'>9999999</span> <span class='ocrx_word' id='word_1_231' title='bbox 1715 1668 1876 1727; x_wconf 74' lang='lat' dir='ltr'><strong><em>nentiquam</em></strong></span> <span class='ocrx_word' id='word_1_232' title='bbox 1894 1647 2069 1711; x_wconf 86' lang='lat' dir='ltr'><strong><em>accesserit.</em></strong></span> <span class='ocrx_word' id='word_1_233' title='bbox 2103 1645 2165 1709; x_wconf 78' lang='lat' dir='ltr'><strong><em>Ad-</em></strong></span> 
     </span>
     <span class='ocr_line' id='line_1_17' title="bbox 162 1731 2167 1817; baseline -0.003 -18"><span class='ocrx_word' id='word_1_234' title='bbox 162 1738 256 1799; x_wconf 91' lang='lat' dir='ltr'><strong><em>minet</em></strong></span> <span class='ocrx_word' id='word_1_235' title='bbox 278 1735 465 1817; x_wconf 85' lang='grc'>99999911919</span> <span class='ocrx_word' id='word_1_236' title='bbox 489 1735 567 1815; x_wconf 77' lang='lat' dir='ltr'><strong><em>(ouo</em></strong></span> <span class='ocrx_word' id='word_1_237' title='bbox 589 1733 790 1814; x_wconf 83' lang='grc'>9999919999</span> <span class='ocrx_word' id='word_1_238' title='bbox 811 1735 984 1816; x_wconf 74' lang='lat' dir='ltr'><strong><em>exceptione</em></strong></span> <span class='ocrx_word' id='word_1_239' title='bbox 1005 1754 1138 1816; x_wconf 91' lang='lat' dir='ltr'><strong><em>compre·</em></strong></span> <span class='ocrx_word' id='word_1_240' title='bbox 1190 1735 1237 1798; x_wconf 83' lang='lat' dir='ltr'><strong><em>dit</em></strong></span> <span class='ocrx_word' id='word_1_241' title='bbox 1262 1740 1384 1815; x_wconf 82' lang='lat' dir='ltr'><strong><em>postea,</em></strong></span> <span class='ocrx_word' id='word_1_242' title='bbox 1412 1735 1563 1797; x_wconf 80' lang='lat' dir='ltr'><strong><em>neminem</em></strong></span> <span class='ocrx_word' id='word_1_243' title='bbox 1588 1734 1659 1813; x_wconf 77' lang='lat' dir='ltr'><strong><em>fieri</em></strong></span> <span class='ocrx_word' id='word_1_244' title='bbox 1686 1734 1819 1815; x_wconf 73' lang='lat' dir='ltr'><strong><em>tratrem</em></strong></span> <span class='ocrx_word' id='word_1_245' title='bbox 1846 1738 1987 1796; x_wconf 88' lang='lat' dir='ltr'><strong><em>nostrum</em></strong></span> <span class='ocrx_word' id='word_1_246' title='bbox 2015 1731 2083 1795; x_wconf 87' lang='lat' dir='ltr'><strong><em>uisi</em></strong></span> <span class='ocrx_word' id='word_1_247' title='bbox 2111 1751 2167 1812; x_wconf 86' lang='lat' dir='ltr'><strong><em>per</em></strong></span> 
     </span>
     <span class='ocr_line' id='line_1_18' title="bbox 162 1818 2167 1903; baseline -0.003 -18"><span class='ocrx_word' id='word_1_248' title='bbox 162 1819 639 1903; x_wconf 80' lang='grc'>1999911199199999999999999),</span> <span class='ocrx_word' id='word_1_249' title='bbox 662 1819 1140 1903; x_wconf 74' lang='grc'>99919199199999919999199</span> <span class='ocrx_word' id='word_1_250' title='bbox 1190 1821 1337 1900; x_wconf 83' lang='lat' dir='ltr'><strong><em>spiritum</em></strong></span> <span class='ocrx_word' id='word_1_251' title='bbox 1366 1821 1554 1900; x_wconf 89' lang='lat' dir='ltr'><strong><em>adoptionis,</em></strong></span> <span class='ocrx_word' id='word_1_252' title='bbox 1581 1822 1637 1899; x_wconf 84' lang='grc'><strong><em>991</em></strong></span> <span class='ocrx_word' id='word_1_253' title='bbox 1658 1825 1779 1883; x_wconf 90' lang='lat' dir='ltr'><strong><em>tantum</em></strong></span> <span class='ocrx_word' id='word_1_254' title='bbox 1801 1840 1839 1882; x_wconf 83' lang='lat' dir='ltr'><strong><em>en</em></strong></span> <span class='ocrx_word' id='word_1_255' title='bbox 1861 1819 1972 1882; x_wconf 87' lang='lat' dir='ltr'><strong><em>auditu</em></strong></span> <span class='ocrx_word' id='word_1_256' title='bbox 2001 1818 2167 1898; x_wconf 75' lang='grc'>119191999-</span> 
     </span>
     <span class='ocr_line' id='line_1_19' title="bbox 161 1903 2166 1987; baseline -0.003 -16"><span class='ocrx_word' id='word_1_257' title='bbox 161 1908 286 1971; x_wconf 70' lang='grc'>9919991</span> <span class='ocrx_word' id='word_1_258' title='bbox 334 1906 474 1971; x_wconf 88' lang='lat' dir='ltr'><strong><em>Obtendit</em></strong></span> <span class='ocrx_word' id='word_1_259' title='bbox 503 1907 647 1985; x_wconf 86' lang='lat' dir='ltr'><strong><em>septimo:</em></strong></span> <span class='ocrx_word' id='word_1_260' title='bbox 680 1924 775 1985; x_wconf 81' lang='lat' dir='ltr'><strong><em>quum</em></strong></span> <span class='ocrx_word' id='word_1_261' title='bbox 810 1907 1032 1987; x_wconf 75' lang='lat' dir='ltr'><strong><em>spiritualibus</em></strong></span> <span class='ocrx_word' id='word_1_262' title='bbox 1064 1927 1140 1986; x_wconf 79' lang='lat' dir='ltr'><strong><em>qua</em></strong></span> <span class='ocrx_word' id='word_1_263' title='bbox 1188 1908 1298 1985; x_wconf 77' lang='lat' dir='ltr'><strong><em>t&#39;ertnm.</em></strong></span> <span class='ocrx_word' id='word_1_264' title='bbox 1345 1905 1537 1986; x_wconf 89' lang='lat' dir='ltr'><strong><em>Respondeo:</em></strong></span> <span class='ocrx_word' id='word_1_265' title='bbox 1565 1927 1685 1987; x_wconf 85' lang='lat' dir='ltr'><strong><em>semper</em></strong></span> <span class='ocrx_word' id='word_1_266' title='bbox 1712 1906 1748 1969; x_wconf 90' lang='lat' dir='ltr'><strong><em>in</em></strong></span> <span class='ocrx_word' id='word_1_267' title='bbox 1769 1905 1897 1968; x_wconf 83' lang='grc'>99991999</span> <span class='ocrx_word' id='word_1_268' title='bbox 1920 1904 2023 1968; x_wconf 88' lang='grc'>991911</span> <span class='ocrx_word' id='word_1_269' title='bbox 2039 1903 2166 1984; x_wconf 80' lang='lat' dir='ltr'><strong><em>parato</em></strong></span> 
     </span>
     <span class='ocr_line' id='line_1_20' title="bbox 163 1988 2167 2074; baseline -0.002 -17"><span class='ocrx_word' id='word_1_270' title='bbox 163 1994 252 2057; x_wconf 90' lang='lat' dir='ltr'><strong><em>drent</em></strong></span> <span class='ocrx_word' id='word_1_271' title='bbox 268 1991 462 2074; x_wconf 83' lang='lat' dir='ltr'><strong><em>spiritualia,</em></strong></span> <span class='ocrx_word' id='word_1_272' title='bbox 481 1991 617 2072; x_wconf 77' lang='lat' dir='ltr'><strong><em>int&#39;antes</em></strong></span> <span class='ocrx_word' id='word_1_273' title='bbox 634 1994 688 2071; x_wconf 82' lang='lat' dir='ltr'><strong><em>qui</em></strong></span> <span class='ocrx_word' id='word_1_274' title='bbox 707 1992 889 2072; x_wconf 84' lang='lat' dir='ltr'><strong><em>spirituales</em></strong></span> <span class='ocrx_word' id='word_1_275' title='bbox 911 2013 970 2055; x_wconf 90' lang='lat' dir='ltr'><strong><em>non</em></strong></span> <span class='ocrx_word' id='word_1_276' title='bbox 988 1997 1068 2070; x_wconf 76' lang='lat' dir='ltr'><strong><em>stent,</em></strong></span> <span class='ocrx_word' id='word_1_277' title='bbox 1087 2013 1138 2054; x_wconf 90' lang='lat' dir='ltr'><strong><em>ne·</em></strong></span> <span class='ocrx_word' id='word_1_278' title='bbox 1188 1993 1339 2074; x_wconf 65' lang='grc'>91999999·</span> <span class='ocrx_word' id='word_1_279' title='bbox 1366 1993 1442 2073; x_wconf 74' lang='lat' dir='ltr'><strong><em>quia</em></strong></span> <span class='ocrx_word' id='word_1_280' title='bbox 1468 1997 1668 2073; x_wconf 84' lang='lat' dir='ltr'><strong><em>praepostere</em></strong></span> <span class='ocrx_word' id='word_1_281' title='bbox 1690 1993 1732 2055; x_wconf 88' lang='lat' dir='ltr'><strong><em>od</em></strong></span> <span class='ocrx_word' id='word_1_282' title='bbox 1753 1992 1889 2071; x_wconf 77' lang='lat' dir='ltr'><strong><em>infortes</em></strong></span> <span class='ocrx_word' id='word_1_283' title='bbox 1909 1989 2007 2053; x_wconf 88' lang='lat' dir='ltr'><strong><em>trahit</em></strong></span> <span class='ocrx_word' id='word_1_284' title='bbox 2029 1990 2114 2069; x_wconf 81' lang='lat' dir='ltr'><strong><em>quod</em></strong></span> <span class='ocrx_word' id='word_1_285' title='bbox 2134 1988 2167 2052; x_wconf 89' lang='lat' dir='ltr'><strong><em>de</em></strong></span> 
     </span>
     <span class='ocr_line' id='line_1_21' title="bbox 161 2075 2166 2161; baseline -0.003 -18"><span class='ocrx_word' id='word_1_286' title='bbox 161 2100 219 2161; x_wconf 78' lang='lat' dir='ltr'><strong><em>que</em></strong></span> <span class='ocrx_word' id='word_1_287' title='bbox 242 2080 283 2143; x_wconf 88' lang='lat' dir='ltr'><strong><em>ad</em></strong></span> <span class='ocrx_word' id='word_1_288' title='bbox 304 2079 494 2159; x_wconf 87' lang='lat' dir='ltr'><strong><em>baptismum</em></strong></span> <span class='ocrx_word' id='word_1_289' title='bbox 517 2082 606 2157; x_wconf 87' lang='lat' dir='ltr'><strong><em>aptos</em></strong></span> <span class='ocrx_word' id='word_1_290' title='bbox 627 2098 699 2141; x_wconf 89' lang='lat' dir='ltr'><strong><em>esse.</em></strong></span> <span class='ocrx_word' id='word_1_291' title='bbox 747 2076 816 2142; x_wconf 86' lang='lat' dir='ltr'><strong><em>Sed</em></strong></span> <span class='ocrx_word' id='word_1_292' title='bbox 824 2079 932 2159; x_wconf 81' lang='lat' dir='ltr'><strong><em>prium</em></strong></span> <span class='ocrx_word' id='word_1_293' title='bbox 954 2099 1049 2158; x_wconf 78' lang='lat' dir='ltr'><strong><em>quam</em></strong></span> <span class='ocrx_word' id='word_1_294' title='bbox 1065 2097 1139 2158; x_wconf 92' lang='lat' dir='ltr'><strong><em>per-</em></strong></span> <span class='ocrx_word' id='word_1_295' title='bbox 1190 2078 1267 2142; x_wconf 87' lang='lat' dir='ltr'><strong><em>solis</em></strong></span> <span class='ocrx_word' id='word_1_296' title='bbox 1287 2078 1406 2142; x_wconf 87' lang='lat' dir='ltr'><strong><em>adultis</em></strong></span> <span class='ocrx_word' id='word_1_297' title='bbox 1428 2077 1543 2140; x_wconf 88' lang='lat' dir='ltr'><strong><em>dictum</em></strong></span> <span class='ocrx_word' id='word_1_298' title='bbox 1565 2083 1624 2157; x_wconf 89' lang='grc'>991,·</span> <span class='ocrx_word' id='word_1_299' title='bbox 1647 2079 1729 2142; x_wconf 91' lang='lat' dir='ltr'><strong><em>docet</em></strong></span> <span class='ocrx_word' id='word_1_300' title='bbox 1751 2078 1816 2140; x_wconf 90' lang='lat' dir='ltr'><strong><em>illic</em></strong></span> <span class='ocrx_word' id='word_1_301' title='bbox 1841 2077 1977 2154; x_wconf 88' lang='lat' dir='ltr'><strong><em>Paulus,</em></strong></span> <span class='ocrx_word' id='word_1_302' title='bbox 2000 2075 2085 2139; x_wconf 82' lang='lat' dir='ltr'><strong><em>lcurrc</em></strong></span> <span class='ocrx_word' id='word_1_303' title='bbox 2106 2095 2166 2138; x_wconf 84' lang='lat' dir='ltr'><strong><em>esse</em></strong></span> 
     </span>
     <span class='ocr_line' id='line_1_22' title="bbox 162 2160 2166 2247; baseline -0.002 -18"><span class='ocrx_word' id='word_1_304' title='bbox 162 2185 247 2229; x_wconf 84' lang='lat' dir='ltr'><strong><em>verse</em></strong></span> <span class='ocrx_word' id='word_1_305' title='bbox 274 2169 412 2245; x_wconf 83' lang='grc'>19999991</span> <span class='ocrx_word' id='word_1_306' title='bbox 437 2162 536 2227; x_wconf 86' lang='grc'>199999</span> <span class='ocrx_word' id='word_1_307' title='bbox 566 2162 665 2226; x_wconf 87' lang='lat' dir='ltr'><strong><em>Pauli</em></strong></span> <span class='ocrx_word' id='word_1_308' title='bbox 694 2165 723 2243; x_wconf 88' lang='lat'><strong><em>(1</em></strong></span> <span class='ocrx_word' id='word_1_309' title='bbox 747 2162 820 2227; x_wconf 87' lang='lat' dir='ltr'><strong><em>Cor.</em></strong></span> <span class='ocrx_word' id='word_1_310' title='bbox 842 2168 875 2240; x_wconf 77' lang='lat'><strong><em>2,</em></strong></span> <span class='ocrx_word' id='word_1_311' title='bbox 903 2166 966 2247; x_wconf 82' lang='lat'><strong><em>13),</em></strong></span> <span class='ocrx_word' id='word_1_312' title='bbox 984 2163 1139 2245; x_wconf 76' lang='grc'>9199911-</span> <span class='ocrx_word' id='word_1_313' title='bbox 1191 2162 1258 2227; x_wconf 87' lang='lat' dir='ltr'><strong><em>Deo</em></strong></span> <span class='ocrx_word' id='word_1_314' title='bbox 1279 2164 1477 2228; x_wconf 86' lang='lat' dir='ltr'><strong><em>ordinarium</em></strong></span> <span class='ocrx_word' id='word_1_315' title='bbox 1500 2165 1668 2227; x_wconf 88' lang='grc'>9999119919</span> <span class='ocrx_word' id='word_1_316' title='bbox 1689 2164 1822 2241; x_wconf 81' lang='lat' dir='ltr'><strong><em>niodum,</em></strong></span> <span class='ocrx_word' id='word_1_317' title='bbox 1845 2160 2166 2227; x_wconf 81' lang='grc'>9191991999999991</span> 
     </span>
     <span class='ocr_line' id='line_1_23' title="bbox 162 2249 2167 2333; baseline -0.002 -19"><span class='ocrx_word' id='word_1_318' title='bbox 162 2255 240 2333; x_wconf 74' lang='lat' dir='ltr'><strong><em>quet.</em></strong></span> <span class='ocrx_word' id='word_1_319' title='bbox 284 2249 405 2332; x_wconf 78' lang='lat' dir='ltr'><strong><em>Apitur</em></strong></span> <span class='ocrx_word' id='word_1_320' title='bbox 432 2250 469 2313; x_wconf 91' lang='lat' dir='ltr'><strong><em>de</em></strong></span> <span class='ocrx_word' id='word_1_321' title='bbox 496 2250 654 2328; x_wconf 88' lang='lat' dir='ltr'><strong><em>doctrina,·</em></strong></span> <span class='ocrx_word' id='word_1_322' title='bbox 686 2270 781 2329; x_wconf 76' lang='lat' dir='ltr'><strong><em>quum</em></strong></span> <span class='ocrx_word' id='word_1_323' title='bbox 810 2249 870 2312; x_wconf 88' lang='lat' dir='ltr'><strong><em>sibi</em></strong></span> <span class='ocrx_word' id='word_1_324' title='bbox 900 2251 934 2312; x_wconf 92' lang='lat' dir='ltr'><strong><em>in</em></strong></span> <span class='ocrx_word' id='word_1_325' title='bbox 962 2270 1040 2314; x_wconf 81' lang='lat' dir='ltr'><strong><em>carro</em></strong></span> <span class='ocrx_word' id='word_1_326' title='bbox 1067 2269 1139 2313; x_wconf 90' lang='lat' dir='ltr'><strong><em>acu-</em></strong></span> <span class='ocrx_word' id='word_1_327' title='bbox 1188 2249 1281 2329; x_wconf 81' lang='lat' dir='ltr'><strong><em>fidem</em></strong></span> <span class='ocrx_word' id='word_1_328' title='bbox 1303 2251 1438 2313; x_wconf 88' lang='lat' dir='ltr'><strong><em>adducat</em></strong></span> <span class='ocrx_word' id='word_1_329' title='bbox 1459 2250 1534 2313; x_wconf 76' lang='lat' dir='ltr'><strong><em>diem</em></strong></span> <span class='ocrx_word' id='word_1_330' title='bbox 1557 2250 1624 2313; x_wconf 90' lang='grc'>11119</span> <span class='ocrx_word' id='word_1_331' title='bbox 1652 2251 1782 2314; x_wconf 83' lang='lat' dir='ltr'><strong><em>suscitat</em></strong></span> <span class='ocrx_word' id='word_1_332' title='bbox 1811 2249 1890 2329; x_wconf 76' lang='lat' dir='ltr'><strong><em>lidos</em></strong></span> <span class='ocrx_word' id='word_1_333' title='bbox 1916 2249 2070 2327; x_wconf 87' lang='lat' dir='ltr'><strong><em>doctores,</em></strong></span> <span class='ocrx_word' id='word_1_334' title='bbox 2099 2268 2167 2327; x_wconf 80' lang='grc'><strong><em>999</em></strong></span> 
     </span>
     <span class='ocr_line' id='line_1_24' title="bbox 163 2333 2168 2417; baseline -0.002 -17"><span class='ocrx_word' id='word_1_335' title='bbox 163 2338 247 2401; x_wconf 89' lang='lat' dir='ltr'><strong><em>mine</em></strong></span> <span class='ocrx_word' id='word_1_336' title='bbox 262 2337 341 2414; x_wconf 88' lang='lat' dir='ltr'><strong><em>plus</em></strong></span> <span class='ocrx_word' id='word_1_337' title='bbox 362 2355 459 2414; x_wconf 82' lang='grc'>999999</span> <span class='ocrx_word' id='word_1_338' title='bbox 476 2334 634 2415; x_wconf 85' lang='lat' dir='ltr'><strong><em>placerent</em></strong></span> <span class='ocrx_word' id='word_1_339' title='bbox 658 2334 823 2411; x_wconf 89' lang='lat' dir='ltr'><strong><em>Corinthii,</em></strong></span> <span class='ocrx_word' id='word_1_340' title='bbox 845 2356 950 2399; x_wconf 90' lang='lat' dir='ltr'><strong><em>corum</em></strong></span> <span class='ocrx_word' id='word_1_341' title='bbox 967 2336 1140 2399; x_wconf 88' lang='lat' dir='ltr'><strong><em>socordiam</em></strong></span> <span class='ocrx_word' id='word_1_342' title='bbox 1190 2357 1263 2399; x_wconf 87' lang='lat' dir='ltr'><strong><em>rum</em></strong></span> <span class='ocrx_word' id='word_1_343' title='bbox 1283 2336 1458 2400; x_wconf 81' lang='lat' dir='ltr'><strong><em>ministerio</em></strong></span> <span class='ocrx_word' id='word_1_344' title='bbox 1486 2341 1513 2399; x_wconf 95' lang='lat' dir='ltr'><strong><em>et</em></strong></span> <span class='ocrx_word' id='word_1_345' title='bbox 1534 2357 1626 2416; x_wconf 91' lang='lat' dir='ltr'><strong><em>opera</em></strong></span> <span class='ocrx_word' id='word_1_346' title='bbox 1648 2356 1778 2398; x_wconf 89' lang='lat' dir='ltr'><strong><em>manum</em></strong></span> <span class='ocrx_word' id='word_1_347' title='bbox 1800 2336 1946 2417; x_wconf 78' lang='lat' dir='ltr'><strong><em>porripit.</em></strong></span> <span class='ocrx_word' id='word_1_348' title='bbox 1995 2335 2076 2415; x_wconf 78' lang='lat' dir='ltr'><strong><em>Quis</em></strong></span> <span class='ocrx_word' id='word_1_349' title='bbox 2099 2333 2168 2396; x_wconf 83' lang='grc'>19919</span> 
     </span>
     <span class='ocr_line' id='line_1_25' title="bbox 165 2419 2169 2503; baseline -0.003 -15"><span class='ocrx_word' id='word_1_350' title='bbox 165 2423 306 2502; x_wconf 87' lang='grc'>99999911</span> <span class='ocrx_word' id='word_1_351' title='bbox 330 2419 461 2496; x_wconf 89' lang='lat' dir='ltr'><strong><em>Paulus,</em></strong></span> <span class='ocrx_word' id='word_1_352' title='bbox 484 2422 564 2499; x_wconf 83' lang='lat' dir='ltr'><strong><em>quod</em></strong></span> <span class='ocrx_word' id='word_1_353' title='bbox 580 2422 700 2502; x_wconf 90' lang='lat' dir='ltr'><strong><em>primis</em></strong></span> <span class='ocrx_word' id='word_1_354' title='bbox 721 2420 876 2485; x_wconf 88' lang='lat' dir='ltr'><strong><em>doetrinae</em></strong></span> <span class='ocrx_word' id='word_1_355' title='bbox 898 2422 1032 2486; x_wconf 88' lang='lat' dir='ltr'><strong><em>coelestis</em></strong></span> <span class='ocrx_word' id='word_1_356' title='bbox 1051 2422 1140 2485; x_wconf 88' lang='lat' dir='ltr'><strong><em>rudi·</em></strong></span> <span class='ocrx_word' id='word_1_357' title='bbox 1191 2421 1284 2503; x_wconf 88' lang='grc'>199999</span> <span class='ocrx_word' id='word_1_358' title='bbox 1313 2423 1468 2502; x_wconf 88' lang='lat' dir='ltr'><strong><em>imponere</em></strong></span> <span class='ocrx_word' id='word_1_359' title='bbox 1490 2423 1519 2485; x_wconf 91' lang='lat' dir='ltr'><strong><em>ei</em></strong></span> <span class='ocrx_word' id='word_1_360' title='bbox 1548 2423 1670 2498; x_wconf 86' lang='lat' dir='ltr'><strong><em>audeat,</em></strong></span> <span class='ocrx_word' id='word_1_361' title='bbox 1694 2422 1858 2502; x_wconf 82' lang='lat' dir='ltr'><strong><em>quominus</em></strong></span> <span class='ocrx_word' id='word_1_362' title='bbox 1880 2441 2000 2484; x_wconf 76' lang='lat' dir='ltr'><strong><em>arcanea</em></strong></span> <span class='ocrx_word' id='word_1_363' title='bbox 2022 2420 2089 2484; x_wconf 87' lang='lat' dir='ltr'><strong><em>alia</em></strong></span> <span class='ocrx_word' id='word_1_364' title='bbox 2121 2441 2169 2482; x_wconf 92' lang='lat' dir='ltr'><strong><em>ra-</em></strong></span> 
     </span>
     <span class='ocr_line' id='line_1_26' title="bbox 164 2503 2169 2589; baseline -0.001 -18"><span class='ocrx_word' id='word_1_365' title='bbox 164 2506 276 2571; x_wconf 88' lang='lat' dir='ltr'><strong><em>mentis</em></strong></span> <span class='ocrx_word' id='word_1_366' title='bbox 298 2506 399 2571; x_wconf 88' lang='lat' dir='ltr'><strong><em>adhuc</em></strong></span> <span class='ocrx_word' id='word_1_367' title='bbox 420 2505 576 2570; x_wconf 88' lang='lat' dir='ltr'><strong><em>imbuendi</em></strong></span> <span class='ocrx_word' id='word_1_368' title='bbox 597 2512 702 2570; x_wconf 85' lang='lat' dir='ltr'><strong><em>essent.</em></strong></span> <span class='ocrx_word' id='word_1_369' title='bbox 747 2507 825 2586; x_wconf 79' lang='lat' dir='ltr'><strong><em>Quis</em></strong></span> <span class='ocrx_word' id='word_1_370' title='bbox 847 2508 919 2570; x_wconf 91' lang='lat' dir='ltr'><strong><em>inde</em></strong></span> <span class='ocrx_word' id='word_1_371' title='bbox 940 2508 1067 2589; x_wconf 83' lang='grc'>99111991,</span> <span class='ocrx_word' id='word_1_372' title='bbox 1090 2528 1139 2570; x_wconf 88' lang='grc'><strong><em>99-</em></strong></span> <span class='ocrx_word' id='word_1_373' title='bbox 1191 2509 1271 2571; x_wconf 90' lang='lat' dir='ltr'><strong><em>tione</em></strong></span> <span class='ocrx_word' id='word_1_374' title='bbox 1300 2508 1436 2589; x_wconf 78' lang='lat' dir='ltr'><strong><em>infantes</em></strong></span> <span class='ocrx_word' id='word_1_375' title='bbox 1459 2507 1582 2572; x_wconf 89' lang='lat' dir='ltr'><strong><em>Christo</em></strong></span> <span class='ocrx_word' id='word_1_376' title='bbox 1610 2508 1750 2571; x_wconf 75' lang='lat' dir='ltr'><strong><em>inserat?</em></strong></span> <span class='ocrx_word' id='word_1_377' title='bbox 1799 2507 1886 2587; x_wconf 77' lang='lat' dir='ltr'><strong><em>Quod</em></strong></span> <span class='ocrx_word' id='word_1_378' title='bbox 1908 2506 2025 2582; x_wconf 78' lang='lat' dir='ltr'><strong><em>obiicit,</em></strong></span> <span class='ocrx_word' id='word_1_379' title='bbox 2057 2503 2169 2569; x_wconf 84' lang='lat' dir='ltr'><strong><em>Corne-</em></strong></span> 
     </span>
     <span class='ocr_line' id='line_1_27' title="bbox 162 2592 2168 2677; baseline -0.002 -20"><span class='ocrx_word' id='word_1_380' title='bbox 162 2593 302 2677; x_wconf 81' lang='lat' dir='ltr'><strong><em>pondum</em></strong></span> <span class='ocrx_word' id='word_1_381' title='bbox 336 2612 400 2656; x_wconf 86' lang='lat' dir='ltr'><strong><em>esse</em></strong></span> <span class='ocrx_word' id='word_1_382' title='bbox 433 2592 606 2673; x_wconf 71' lang='lat' dir='ltr'><strong><em>infantibus</em></strong></span> <span class='ocrx_word' id='word_1_383' title='bbox 639 2593 841 2672; x_wconf 83' lang='lat' dir='ltr'><strong><em>baptismum,</em></strong></span> <span class='ocrx_word' id='word_1_384' title='bbox 877 2613 954 2673; x_wconf 79' lang='lat' dir='ltr'><strong><em>quos</em></strong></span> <span class='ocrx_word' id='word_1_385' title='bbox 981 2615 1019 2656; x_wconf 81' lang='lat' dir='ltr'><strong><em>er</em></strong></span> <span class='ocrx_word' id='word_1_386' title='bbox 1047 2614 1139 2657; x_wconf 89' lang='lat' dir='ltr'><strong><em>carne</em></strong></span> <span class='ocrx_word' id='word_1_387' title='bbox 1193 2595 1271 2658; x_wconf 90' lang='lat' dir='ltr'><strong><em>lium</em></strong></span> <span class='ocrx_word' id='word_1_388' title='bbox 1300 2598 1418 2673; x_wconf 88' lang='lat' dir='ltr'><strong><em>accepto</em></strong></span> <span class='ocrx_word' id='word_1_389' title='bbox 1446 2594 1563 2672; x_wconf 90' lang='lat' dir='ltr'><strong><em>spiritu</em></strong></span> <span class='ocrx_word' id='word_1_390' title='bbox 1584 2599 1687 2657; x_wconf 85' lang='grc'>9999919</span> <span class='ocrx_word' id='word_1_391' title='bbox 1709 2592 1899 2673; x_wconf 67' lang='lat' dir='ltr'><strong><em>baptizatum</em></strong></span> <span class='ocrx_word' id='word_1_392' title='bbox 1925 2592 2035 2673; x_wconf 78' lang='lat' dir='ltr'><strong><em>fuisse,</em></strong></span> <span class='ocrx_word' id='word_1_393' title='bbox 2069 2610 2168 2670; x_wconf 81' lang='grc'>999999</span> 
     </span>
     <span class='ocr_line' id='line_1_28' title="bbox 159 2675 2163 2762; baseline -0.003 -19"><span class='ocrx_word' id='word_1_394' title='bbox 159 2679 338 2761; x_wconf 78' lang='lat' dir='ltr'><strong><em>proponitos</em></strong></span> <span class='ocrx_word' id='word_1_395' title='bbox 370 2676 460 2743; x_wconf 87' lang='lat' dir='ltr'><strong><em>Deus</em></strong></span> <span class='ocrx_word' id='word_1_396' title='bbox 498 2677 559 2742; x_wconf 87' lang='lat' dir='ltr'><strong><em>sibi</em></strong></span> <span class='ocrx_word' id='word_1_397' title='bbox 595 2679 737 2761; x_wconf 87' lang='grc'>99919119</span> <span class='ocrx_word' id='word_1_398' title='bbox 770 2679 930 2759; x_wconf 87' lang='lat' dir='ltr'><strong><em>adoptione</em></strong></span> <span class='ocrx_word' id='word_1_399' title='bbox 963 2679 1140 2743; x_wconf 78' lang='lat' dir='ltr'><strong><em>consecrat?</em></strong></span> <span class='ocrx_word' id='word_1_400' title='bbox 1188 2699 1355 2762; x_wconf 88' lang='lat' dir='ltr'><strong><em>perperam</em></strong></span> <span class='ocrx_word' id='word_1_401' title='bbox 1382 2700 1420 2742; x_wconf 85' lang='grc'><strong><em>99</em></strong></span> <span class='ocrx_word' id='word_1_402' title='bbox 1441 2700 1502 2742; x_wconf 79' lang='lat' dir='ltr'><strong><em>reno</em></strong></span> <span class='ocrx_word' id='word_1_403' title='bbox 1530 2679 1668 2758; x_wconf 75' lang='lat' dir='ltr'><strong><em>exemplo</em></strong></span> <span class='ocrx_word' id='word_1_404' title='bbox 1693 2679 1867 2760; x_wconf 81' lang='lat' dir='ltr'><strong><em>perierolern</em></strong></span> <span class='ocrx_word' id='word_1_405' title='bbox 1890 2676 2026 2760; x_wconf 73' lang='lat' dir='ltr'><strong><em>reptilem</em></strong></span> <span class='ocrx_word' id='word_1_406' title='bbox 2046 2675 2163 2750; x_wconf 86' lang='lat' dir='ltr'><strong><em>eliciat,</em></strong></span> 
     </span>
     <span class='ocr_line' id='line_1_29' title="bbox 168 2762 2163 2846; baseline -0.002 -20"><span class='ocrx_word' id='word_1_407' title='bbox 168 2764 256 2845; x_wconf 74' lang='lat' dir='ltr'><strong><em>Quod</em></strong></span> <span class='ocrx_word' id='word_1_408' title='bbox 285 2765 411 2845; x_wconf 77' lang='lat' dir='ltr'><strong><em>encipit,</em></strong></span> <span class='ocrx_word' id='word_1_409' title='bbox 437 2763 610 2844; x_wconf 86' lang='lat' dir='ltr'><strong><em>pascendos</em></strong></span> <span class='ocrx_word' id='word_1_410' title='bbox 632 2784 697 2828; x_wconf 87' lang='lat' dir='ltr'><strong><em>esse</em></strong></span> <span class='ocrx_word' id='word_1_411' title='bbox 724 2764 886 2845; x_wconf 84' lang='lat' dir='ltr'><strong><em>spirituali</em></strong></span> <span class='ocrx_word' id='word_1_412' title='bbox 908 2765 987 2842; x_wconf 88' lang='lat' dir='ltr'><strong><em>cibo,</em></strong></span> <span class='ocrx_word' id='word_1_413' title='bbox 1016 2767 1046 2828; x_wconf 90' lang='lat' dir='ltr'><strong><em>si</em></strong></span> <span class='ocrx_word' id='word_1_414' title='bbox 1068 2766 1139 2828; x_wconf 85' lang='lat' dir='ltr'><strong><em>nori</em></strong></span> <span class='ocrx_word' id='word_1_415' title='bbox 1187 2770 1273 2846; x_wconf 81' lang='lat' dir='ltr'><strong><em>putet</em></strong></span> <span class='ocrx_word' id='word_1_416' title='bbox 1294 2786 1332 2828; x_wconf 76' lang='lat' dir='ltr'><strong><em>ea·</em></strong></span> <span class='ocrx_word' id='word_1_417' title='bbox 1355 2764 1507 2828; x_wconf 82' lang='lat' dir='ltr'><strong><em>Eaimcho</em></strong></span> <span class='ocrx_word' id='word_1_418' title='bbox 1528 2770 1554 2828; x_wconf 89' lang='grc'><strong><em>91</em></strong></span> <span class='ocrx_word' id='word_1_419' title='bbox 1579 2765 1801 2840; x_wconf 75' lang='lat' dir='ltr'><strong><em>Samaritanus,</em></strong></span> <span class='ocrx_word' id='word_1_420' title='bbox 1820 2766 1855 2827; x_wconf 89' lang='lat' dir='ltr'><strong><em>in</em></strong></span> <span class='ocrx_word' id='word_1_421' title='bbox 1876 2763 1983 2846; x_wconf 78' lang='lat' dir='ltr'><strong><em>quibus</em></strong></span> <span class='ocrx_word' id='word_1_422' title='bbox 2003 2762 2163 2825; x_wconf 80' lang='lat' dir='ltr'><strong><em>diversum</em></strong></span> 
     </span>
     <span class='ocr_line' id='line_1_30' title="bbox 164 2849 2165 2932; baseline -0.002 -18"><span class='ocrx_word' id='word_1_423' title='bbox 164 2854 237 2914; x_wconf 90' lang='lat' dir='ltr'><strong><em>sunt</em></strong></span> <span class='ocrx_word' id='word_1_424' title='bbox 258 2849 405 2926; x_wconf 86' lang='lat' dir='ltr'><strong><em>homines,</em></strong></span> <span class='ocrx_word' id='word_1_425' title='bbox 428 2851 539 2914; x_wconf 89' lang='lat' dir='ltr'><strong><em>solutio</em></strong></span> <span class='ocrx_word' id='word_1_426' title='bbox 559 2851 666 2930; x_wconf 74' lang='lat' dir='ltr'><strong><em>facilis</em></strong></span> <span class='ocrx_word' id='word_1_427' title='bbox 689 2855 749 2926; x_wconf 91' lang='lat' dir='ltr'><strong><em>est,</em></strong></span> <span class='ocrx_word' id='word_1_428' title='bbox 770 2850 922 2930; x_wconf 87' lang='lat' dir='ltr'><strong><em>baptismo</em></strong></span> <span class='ocrx_word' id='word_1_429' title='bbox 944 2872 994 2914; x_wconf 92' lang='lat' dir='ltr'><strong><em>eos</em></strong></span> <span class='ocrx_word' id='word_1_430' title='bbox 1016 2852 1140 2914; x_wconf 84' lang='lat' dir='ltr'><strong><em>admitti</em></strong></span> <span class='ocrx_word' id='word_1_431' title='bbox 1192 2851 1330 2915; x_wconf 89' lang='lat' dir='ltr'><strong><em>ordinem</em></strong></span> <span class='ocrx_word' id='word_1_432' title='bbox 1348 2851 1438 2916; x_wconf 89' lang='lat' dir='ltr'><strong><em>Deus</em></strong></span> <span class='ocrx_word' id='word_1_433' title='bbox 1460 2851 1564 2925; x_wconf 87' lang='lat' dir='ltr'><strong><em>tenuit,</em></strong></span> <span class='ocrx_word' id='word_1_434' title='bbox 1586 2856 1622 2912; x_wconf 90' lang='lat' dir='ltr'><strong><em>ut</em></strong></span> <span class='ocrx_word' id='word_1_435' title='bbox 1639 2850 1813 2932; x_wconf 80' lang='lat' dir='ltr'><strong><em>baptismus</em></strong></span> <span class='ocrx_word' id='word_1_436' title='bbox 1831 2850 1911 2915; x_wconf 78' lang='lat' dir='ltr'><strong><em>dorca</em></strong></span> <span class='ocrx_word' id='word_1_437' title='bbox 1929 2850 2058 2930; x_wconf 87' lang='lat' dir='ltr'><strong><em>spiritus</em></strong></span> <span class='ocrx_word' id='word_1_438' title='bbox 2075 2867 2165 2927; x_wconf 85' lang='lat' dir='ltr'><strong><em>proe-</em></strong></span> 
     </span>
     <span class='ocr_line' id='line_1_31' title="bbox 164 2933 2167 3018; baseline -0.002 -19"><span class='ocrx_word' id='word_1_439' title='bbox 164 2937 199 3000; x_wconf 88' lang='lat' dir='ltr'><strong><em>in</em></strong></span> <span class='ocrx_word' id='word_1_440' title='bbox 230 2933 346 2999; x_wconf 86' lang='lat' dir='ltr'><strong><em>Christi</em></strong></span> <span class='ocrx_word' id='word_1_441' title='bbox 373 2958 508 3018; x_wconf 88' lang='grc'>9999999,</span> <span class='ocrx_word' id='word_1_442' title='bbox 538 2941 564 2999; x_wconf 87' lang='grc'><strong><em>91</em></strong></span> <span class='ocrx_word' id='word_1_443' title='bbox 591 2936 734 3016; x_wconf 72' lang='lat' dir='ltr'><strong><em>sufficere</em></strong></span> <span class='ocrx_word' id='word_1_444' title='bbox 761 2937 829 3000; x_wconf 87' lang='lat' dir='ltr'><strong><em>illis</em></strong></span> <span class='ocrx_word' id='word_1_445' title='bbox 856 2937 1032 3017; x_wconf 87' lang='lat' dir='ltr'><strong><em>adoptionis</em></strong></span> <span class='ocrx_word' id='word_1_446' title='bbox 1060 2957 1141 3018; x_wconf 78' lang='lat' dir='ltr'><strong><em>sym-</em></strong></span> <span class='ocrx_word' id='word_1_447' title='bbox 1191 2938 1313 3002; x_wconf 89' lang='lat' dir='ltr'><strong><em>cederet.</em></strong></span> <span class='ocrx_word' id='word_1_448' title='bbox 1357 2936 1490 3000; x_wconf 89' lang='lat' dir='ltr'><strong><em>Decima</em></strong></span> <span class='ocrx_word' id='word_1_449' title='bbox 1512 2937 1621 3018; x_wconf 81' lang='grc'>991919</span> <span class='ocrx_word' id='word_1_450' title='bbox 1643 2937 1724 3000; x_wconf 90' lang='lat' dir='ltr'><strong><em>ratio</em></strong></span> <span class='ocrx_word' id='word_1_451' title='bbox 1740 2938 1819 3018; x_wconf 89' lang='lat' dir='ltr'><strong><em>plns</em></strong></span> <span class='ocrx_word' id='word_1_452' title='bbox 1840 2957 1936 3016; x_wconf 82' lang='grc'>99999</span> <span class='ocrx_word' id='word_1_453' title='bbox 1961 2935 2087 2998; x_wconf 84' lang='lat' dir='ltr'><strong><em>insulso</em></strong></span> <span class='ocrx_word' id='word_1_454' title='bbox 2108 2937 2167 3010; x_wconf 85' lang='lat' dir='ltr'><strong><em>est;</em></strong></span> 
     </span>
     <span class='ocr_line' id='line_1_32' title="bbox 165 3019 2169 3105; baseline -0.002 -18"><span class='ocrx_word' id='word_1_455' title='bbox 165 3021 281 3097; x_wconf 84' lang='grc'>191999,</span> <span class='ocrx_word' id='word_1_456' title='bbox 315 3023 406 3085; x_wconf 89' lang='lat' dir='ltr'><strong><em>donec</em></strong></span> <span class='ocrx_word' id='word_1_457' title='bbox 437 3022 538 3086; x_wconf 89' lang='lat' dir='ltr'><strong><em>adulti</em></strong></span> <span class='ocrx_word' id='word_1_458' title='bbox 566 3042 665 3101; x_wconf 90' lang='lat' dir='ltr'><strong><em>pares</em></strong></span> <span class='ocrx_word' id='word_1_459' title='bbox 692 3023 755 3085; x_wconf 87' lang='lat' dir='ltr'><strong><em>sint</em></strong></span> <span class='ocrx_word' id='word_1_460' title='bbox 780 3023 907 3102; x_wconf 73' lang='lat' dir='ltr'><strong><em>ferendo</em></strong></span> <span class='ocrx_word' id='word_1_461' title='bbox 939 3023 1037 3086; x_wconf 89' lang='lat' dir='ltr'><strong><em>solido</em></strong></span> <span class='ocrx_word' id='word_1_462' title='bbox 1069 3023 1140 3086; x_wconf 86' lang='lat' dir='ltr'><strong><em>cibo.</em></strong></span> <span class='ocrx_word' id='word_1_463' title='bbox 1192 3024 1268 3087; x_wconf 89' lang='lat' dir='ltr'><strong><em>dicit</em></strong></span> <span class='ocrx_word' id='word_1_464' title='bbox 1289 3043 1344 3087; x_wconf 89' lang='lat' dir='ltr'><strong><em>nos</em></strong></span> <span class='ocrx_word' id='word_1_465' title='bbox 1372 3024 1598 3105; x_wconf 82' lang='lat' dir='ltr'><strong><em>reponeretione</em></strong></span> <span class='ocrx_word' id='word_1_466' title='bbox 1619 3023 1690 3086; x_wconf 89' lang='lat' dir='ltr'><strong><em>deos</em></strong></span> <span class='ocrx_word' id='word_1_467' title='bbox 1709 3023 1794 3102; x_wconf 79' lang='lat' dir='ltr'><strong><em>ficri:</em></strong></span> <span class='ocrx_word' id='word_1_468' title='bbox 1822 3043 1887 3086; x_wconf 85' lang='lat' dir='ltr'><strong><em>esse</em></strong></span> <span class='ocrx_word' id='word_1_469' title='bbox 1908 3025 2012 3085; x_wconf 89' lang='lat' dir='ltr'><strong><em>autem</em></strong></span> <span class='ocrx_word' id='word_1_470' title='bbox 2033 3021 2107 3085; x_wconf 89' lang='lat' dir='ltr'><strong><em>deos</em></strong></span> <span class='ocrx_word' id='word_1_471' title='bbox 2128 3019 2169 3083; x_wconf 86' lang='lat' dir='ltr'><strong><em>ad</em></strong></span> 
     </span>
     <span class='ocr_line' id='line_1_33' title="bbox 165 3106 2169 3192; baseline -0.002 -21"><span class='ocrx_word' id='word_1_472' title='bbox 165 3106 420 3188; x_wconf 78' lang='lat' dir='ltr'><strong><em>En.·spcetariduui</em></strong></span> <span class='ocrx_word' id='word_1_473' title='bbox 443 3129 512 3190; x_wconf 85' lang='grc'>9999</span> <span class='ocrx_word' id='word_1_474' title='bbox 541 3129 604 3171; x_wconf 87' lang='grc'>9999</span> <span class='ocrx_word' id='word_1_475' title='bbox 626 3113 745 3189; x_wconf 77' lang='lat' dir='ltr'><strong><em>tempms</em></strong></span> <span class='ocrx_word' id='word_1_476' title='bbox 770 3109 927 3172; x_wconf 77' lang='lat' dir='ltr'><strong><em>examinis</em></strong></span> <span class='ocrx_word' id='word_1_477' title='bbox 948 3109 1030 3188; x_wconf 75' lang='lat' dir='ltr'><strong><em>qnod</em></strong></span> <span class='ocrx_word' id='word_1_478' title='bbox 1051 3108 1142 3174; x_wconf 90' lang='lat' dir='ltr'><strong><em>Deus</em></strong></span> <span class='ocrx_word' id='word_1_479' title='bbox 1193 3128 1270 3190; x_wconf 78' lang='lat' dir='ltr'><strong><em>quos</em></strong></span> <span class='ocrx_word' id='word_1_480' title='bbox 1298 3128 1397 3172; x_wconf 83' lang='lat' dir='ltr'><strong><em>somno</em></strong></span> <span class='ocrx_word' id='word_1_481' title='bbox 1424 3108 1488 3172; x_wconf 89' lang='lat' dir='ltr'><strong><em>Dei</em></strong></span> <span class='ocrx_word' id='word_1_482' title='bbox 1518 3109 1622 3188; x_wconf 71' lang='lat' dir='ltr'><strong><em>[hctus</em></strong></span> <span class='ocrx_word' id='word_1_483' title='bbox 1650 3114 1694 3171; x_wconf 87' lang='lat' dir='ltr'><strong><em>est</em></strong></span> <span class='ocrx_word' id='word_1_484' title='bbox 1721 3107 1899 3192; x_wconf 73' lang='grc' dir='ltr'>(Ρ991.81,</span> <span class='ocrx_word' id='word_1_485' title='bbox 1921 3106 1970 3191; x_wconf 89' lang='grc'>6),</span> <span class='ocrx_word' id='word_1_486' title='bbox 1997 3106 2080 3186; x_wconf 72' lang='lat' dir='ltr'><strong><em>meod</em></strong></span> <span class='ocrx_word' id='word_1_487' title='bbox 2111 3124 2169 3168; x_wconf 86' lang='lat' dir='ltr'><strong><em>non</em></strong></span> 
     </span>
     <span class='ocr_line' id='line_1_34' title="bbox 166 3190 2169 3277; baseline -0.002 -21"><span class='ocrx_word' id='word_1_488' title='bbox 166 3195 201 3257; x_wconf 88' lang='grc'><strong><em>19</em></strong></span> <span class='ocrx_word' id='word_1_489' title='bbox 229 3213 321 3256; x_wconf 91' lang='lat' dir='ltr'><strong><em>saera</em></strong></span> <span class='ocrx_word' id='word_1_490' title='bbox 344 3213 435 3256; x_wconf 91' lang='lat' dir='ltr'><strong><em>coena</em></strong></span> <span class='ocrx_word' id='word_1_491' title='bbox 463 3195 575 3258; x_wconf 89' lang='lat' dir='ltr'><strong><em>diserte</em></strong></span> <span class='ocrx_word' id='word_1_492' title='bbox 592 3195 722 3277; x_wconf 77' lang='lat' dir='ltr'><strong><em>stapitat.</em></strong></span> <span class='ocrx_word' id='word_1_493' title='bbox 772 3194 885 3258; x_wconf 89' lang='lat' dir='ltr'><strong><em>Obiicit</em></strong></span> <span class='ocrx_word' id='word_1_494' title='bbox 904 3200 1028 3276; x_wconf 90' lang='lat' dir='ltr'><strong><em>postea,</em></strong></span> <span class='ocrx_word' id='word_1_495' title='bbox 1053 3192 1142 3258; x_wconf 79' lang='lat' dir='ltr'><strong><em>Chri</em></strong></span> <span class='ocrx_word' id='word_1_496' title='bbox 1193 3196 1333 3276; x_wconf 90' lang='lat' dir='ltr'><strong><em>competit</em></strong></span> <span class='ocrx_word' id='word_1_497' title='bbox 1364 3195 1396 3256; x_wconf 90' lang='lat' dir='ltr'><strong><em>in</em></strong></span> <span class='ocrx_word' id='word_1_498' title='bbox 1417 3215 1535 3274; x_wconf 89' lang='lat' dir='ltr'><strong><em>pueros</em></strong></span> <span class='ocrx_word' id='word_1_499' title='bbox 1563 3194 1707 3274; x_wconf 78' lang='lat' dir='ltr'><strong><em>infantes.</em></strong></span> <span class='ocrx_word' id='word_1_500' title='bbox 1757 3195 1844 3275; x_wconf 80' lang='lat' dir='ltr'><strong><em>Quod</em></strong></span> <span class='ocrx_word' id='word_1_501' title='bbox 1871 3194 2016 3258; x_wconf 76' lang='lat' dir='ltr'><strong><em>deitatem</em></strong></span> <span class='ocrx_word' id='word_1_502' title='bbox 2042 3190 2169 3273; x_wconf 76' lang='lat' dir='ltr'><strong><em>affinpit</em></strong></span> 
     </span>
     <span class='ocr_line' id='line_1_35' title="bbox 145 3280 2169 3361; baseline -0.001 -17"><span class='ocrx_word' id='word_1_503' title='bbox 145 3283 250 3357; x_wconf 72' lang='grc'>,91999</span> <span class='ocrx_word' id='word_1_504' title='bbox 283 3299 389 3342; x_wconf 84' lang='grc'>999999</span> <span class='ocrx_word' id='word_1_505' title='bbox 412 3299 513 3343; x_wconf 88' lang='lat' dir='ltr'><strong><em>omnes</em></strong></span> <span class='ocrx_word' id='word_1_506' title='bbox 543 3302 617 3344; x_wconf 90' lang='lat' dir='ltr'><strong><em>suos</em></strong></span> <span class='ocrx_word' id='word_1_507' title='bbox 644 3281 686 3345; x_wconf 89' lang='lat' dir='ltr'><strong><em>od</em></strong></span> <span class='ocrx_word' id='word_1_508' title='bbox 712 3300 836 3343; x_wconf 89' lang='lat' dir='ltr'><strong><em>sacram</em></strong></span> <span class='ocrx_word' id='word_1_509' title='bbox 865 3301 996 3344; x_wconf 84' lang='grc'>99999999.</span> <span class='ocrx_word' id='word_1_510' title='bbox 1040 3280 1142 3360; x_wconf 80' lang='lat' dir='ltr'><strong><em>Atqui</em></strong></span> <span class='ocrx_word' id='word_1_511' title='bbox 1166 3292 1169 3339; x_wconf 80' lang='lat' dir='ltr'><strong><em>t</em></strong></span> <span class='ocrx_word' id='word_1_512' title='bbox 1190 3280 1343 3361; x_wconf 75' lang='lat' dir='ltr'><strong><em>fidelibus,</em></strong></span> <span class='ocrx_word' id='word_1_513' title='bbox 1366 3300 1462 3342; x_wconf 82' lang='lat' dir='ltr'><strong><em>unum</em></strong></span> <span class='ocrx_word' id='word_1_514' title='bbox 1485 3285 1529 3343; x_wconf 89' lang='lat' dir='ltr'><strong><em>est</em></strong></span> <span class='ocrx_word' id='word_1_515' title='bbox 1550 3301 1589 3344; x_wconf 88' lang='grc'><strong><em>999</em></strong></span> <span class='ocrx_word' id='word_1_516' title='bbox 1610 3281 1679 3344; x_wconf 87' lang='lat' dir='ltr'><strong><em>eius</em></strong></span> <span class='ocrx_word' id='word_1_517' title='bbox 1696 3281 1828 3358; x_wconf 87' lang='lat' dir='ltr'><strong><em>deliriis,</em></strong></span> <span class='ocrx_word' id='word_1_518' title='bbox 1851 3280 1933 3361; x_wconf 77' lang='lat' dir='ltr'><strong><em>quod</em></strong></span> <span class='ocrx_word' id='word_1_519' title='bbox 1949 3282 2090 3343; x_wconf 81' lang='lat' dir='ltr'><strong><em>encrctcre</em></strong></span> <span class='ocrx_word' id='word_1_520' title='bbox 2111 3296 2169 3340; x_wconf 86' lang='lat' dir='ltr'><strong><em>non</em></strong></span> 
     </span>
     <span class='ocr_line' id='line_1_36' title="bbox 165 3364 2170 3446; baseline -0.001 -18"><span class='ocrx_word' id='word_1_521' title='bbox 165 3365 247 3428; x_wconf 86' lang='lat' dir='ltr'><strong><em>sotis</em></strong></span> <span class='ocrx_word' id='word_1_522' title='bbox 276 3369 392 3429; x_wconf 82' lang='lat' dir='ltr'><strong><em>constat</em></strong></span> <span class='ocrx_word' id='word_1_523' title='bbox 414 3386 483 3427; x_wconf 85' lang='lat' dir='ltr'><strong><em>cum</em></strong></span> <span class='ocrx_word' id='word_1_524' title='bbox 505 3366 606 3429; x_wconf 89' lang='lat' dir='ltr'><strong><em>nultos</em></strong></span> <span class='ocrx_word' id='word_1_525' title='bbox 634 3367 810 3443; x_wconf 85' lang='lat' dir='ltr'><strong><em>admittere,</em></strong></span> <span class='ocrx_word' id='word_1_526' title='bbox 833 3367 897 3428; x_wconf 86' lang='lat' dir='ltr'><strong><em>nisi</em></strong></span> <span class='ocrx_word' id='word_1_527' title='bbox 920 3368 974 3446; x_wconf 83' lang='grc'><strong><em>991</em></strong></span> <span class='ocrx_word' id='word_1_528' title='bbox 1003 3367 1045 3431; x_wconf 91' lang='lat' dir='ltr'><strong><em>ad</em></strong></span> <span class='ocrx_word' id='word_1_529' title='bbox 1071 3366 1142 3430; x_wconf 86' lang='lat' dir='ltr'><strong><em>cete-</em></strong></span> <span class='ocrx_word' id='word_1_530' title='bbox 1193 3372 1238 3431; x_wconf 90' lang='lat' dir='ltr'><strong><em>est</em></strong></span> <span class='ocrx_word' id='word_1_531' title='bbox 1253 3367 1430 3446; x_wconf 80' lang='lat' dir='ltr'><strong><em>praesentis</em></strong></span> <span class='ocrx_word' id='word_1_532' title='bbox 1452 3365 1525 3444; x_wconf 90' lang='lat' dir='ltr'><strong><em>loci;</em></strong></span> <span class='ocrx_word' id='word_1_533' title='bbox 1546 3366 1600 3430; x_wconf 89' lang='lat' dir='ltr'><strong><em>sed</em></strong></span> <span class='ocrx_word' id='word_1_534' title='bbox 1621 3367 1721 3431; x_wconf 90' lang='lat' dir='ltr'><strong><em>locum</em></strong></span> <span class='ocrx_word' id='word_1_535' title='bbox 1745 3365 1870 3430; x_wconf 82' lang='lat' dir='ltr'><strong><em>Psalmi</em></strong></span> <span class='ocrx_word' id='word_1_536' title='bbox 1890 3370 2030 3445; x_wconf 82' lang='grc'>19999999</span> <span class='ocrx_word' id='word_1_537' title='bbox 2054 3364 2087 3427; x_wconf 89' lang='lat' dir='ltr'><strong><em>in</em></strong></span> <span class='ocrx_word' id='word_1_538' title='bbox 2110 3370 2170 3426; x_wconf 85' lang='lat' dir='ltr'><strong><em>tam</em></strong></span> 
     </span>
     <span class='ocr_line' id='line_1_37' title="bbox 166 3448 2170 3534; baseline -0.001 -20"><span class='ocrx_word' id='word_1_539' title='bbox 166 3450 319 3514; x_wconf 82' lang='grc'>1999991999</span> <span class='ocrx_word' id='word_1_540' title='bbox 341 3451 450 3514; x_wconf 87' lang='lat' dir='ltr'><strong><em>mortis</em></strong></span> <span class='ocrx_word' id='word_1_541' title='bbox 471 3473 547 3514; x_wconf 90' lang='lat' dir='ltr'><strong><em>snae</em></strong></span> <span class='ocrx_word' id='word_1_542' title='bbox 568 3453 748 3515; x_wconf 83' lang='lat' dir='ltr'><strong><em>mernmiam</em></strong></span> <span class='ocrx_word' id='word_1_543' title='bbox 771 3453 836 3516; x_wconf 90' lang='lat' dir='ltr'><strong><em>iam</em></strong></span> <span class='ocrx_word' id='word_1_544' title='bbox 853 3458 926 3515; x_wconf 89' lang='lat' dir='ltr'><strong><em>sunt</em></strong></span> <span class='ocrx_word' id='word_1_545' title='bbox 943 3453 1141 3534; x_wconf 76' lang='lat' dir='ltr'><strong><em>praeparati.</em></strong></span> <span class='ocrx_word' id='word_1_546' title='bbox 1193 3453 1330 3517; x_wconf 89' lang='lat' dir='ltr'><strong><em>alienum</em></strong></span> <span class='ocrx_word' id='word_1_547' title='bbox 1351 3471 1483 3530; x_wconf 89' lang='lat' dir='ltr'><strong><em>sensnm,</em></strong></span> <span class='ocrx_word' id='word_1_548' title='bbox 1499 3452 1643 3532; x_wconf 88' lang='lat' dir='ltr'><strong><em>perditae</em></strong></span> <span class='ocrx_word' id='word_1_549' title='bbox 1659 3452 1871 3531; x_wconf 85' lang='lat' dir='ltr'><strong><em>impudentiae</em></strong></span> <span class='ocrx_word' id='word_1_550' title='bbox 1886 3456 1939 3515; x_wconf 83' lang='lat' dir='ltr'><strong><em>est.</em></strong></span> <span class='ocrx_word' id='word_1_551' title='bbox 1973 3450 2066 3514; x_wconf 86' lang='lat' dir='ltr'><strong><em>Dicit</em></strong></span> <span class='ocrx_word' id='word_1_552' title='bbox 2085 3448 2170 3514; x_wconf 83' lang='lat' dir='ltr'><strong><em>Chri·</em></strong></span> 
     </span>
     <span class='ocr_line' id='line_1_38' title="bbox 175 3534 2168 3621; baseline -0.002 -20"><span class='ocrx_word' id='word_1_553' title='bbox 175 3534 262 3601; x_wconf 82' lang='lat' dir='ltr'><strong><em>l&#39;nde</em></strong></span> <span class='ocrx_word' id='word_1_554' title='bbox 288 3537 443 3615; x_wconf 81' lang='lat' dir='ltr'><strong><em>sequitur,</em></strong></span> <span class='ocrx_word' id='word_1_555' title='bbox 466 3538 616 3618; x_wconf 73' lang='lat' dir='ltr'><strong><em>infantes,</em></strong></span> <span class='ocrx_word' id='word_1_556' title='bbox 644 3559 719 3618; x_wconf 79' lang='lat' dir='ltr'><strong><em>quos</em></strong></span> <span class='ocrx_word' id='word_1_557' title='bbox 741 3539 889 3620; x_wconf 65' lang='lat' dir='ltr'><strong><em>amplexu</em></strong></span> <span class='ocrx_word' id='word_1_558' title='bbox 917 3560 973 3602; x_wconf 90' lang='lat' dir='ltr'><strong><em>suo</em></strong></span> <span class='ocrx_word' id='word_1_559' title='bbox 995 3539 1142 3620; x_wconf 83' lang='lat' dir='ltr'><strong><em>dipnotus</em></strong></span> <span class='ocrx_word' id='word_1_560' title='bbox 1193 3545 1270 3616; x_wconf 86' lang='lat' dir='ltr'><strong><em>stus,</em></strong></span> <span class='ocrx_word' id='word_1_561' title='bbox 1287 3559 1372 3621; x_wconf 89' lang='grc'>99999</span> <span class='ocrx_word' id='word_1_562' title='bbox 1389 3542 1416 3601; x_wconf 88' lang='grc'><strong><em>91</em></strong></span> <span class='ocrx_word' id='word_1_563' title='bbox 1437 3539 1642 3620; x_wconf 84' lang='grc'>999919199199</span> <span class='ocrx_word' id='word_1_564' title='bbox 1660 3539 1761 3601; x_wconf 86' lang='grc'>999991</span> <span class='ocrx_word' id='word_1_565' title='bbox 1784 3560 1804 3601; x_wconf 95' lang='grc'><strong><em>9</em></strong></span> <span class='ocrx_word' id='word_1_566' title='bbox 1820 3538 1973 3619; x_wconf 75' lang='grc'>99991919</span> <span class='ocrx_word' id='word_1_567' title='bbox 1991 3538 2075 3613; x_wconf 86' lang='lat' dir='ltr'><strong><em>deos,</em></strong></span> <span class='ocrx_word' id='word_1_568' title='bbox 2097 3537 2168 3617; x_wconf 80' lang='grc'>99919</span> 
     </span>
     <span class='ocr_line' id='line_1_39' title="bbox 167 3620 2169 3707; baseline -0.001 -21"><span class='ocrx_word' id='word_1_569' title='bbox 167 3626 219 3698; x_wconf 86' lang='grc'>991,</span> <span class='ocrx_word' id='word_1_570' title='bbox 242 3620 385 3685; x_wconf 88' lang='lat' dir='ltr'><strong><em>distincto</em></strong></span> <span class='ocrx_word' id='word_1_571' title='bbox 402 3628 429 3686; x_wconf 91' lang='grc'><strong><em>91</em></strong></span> <span class='ocrx_word' id='word_1_572' title='bbox 444 3624 575 3704; x_wconf 89' lang='lat' dir='ltr'><strong><em>proprio</em></strong></span> <span class='ocrx_word' id='word_1_573' title='bbox 595 3624 630 3686; x_wconf 87' lang='lat' dir='ltr'><strong><em>in</em></strong></span> <span class='ocrx_word' id='word_1_574' title='bbox 649 3623 751 3706; x_wconf 81' lang='lat' dir='ltr'><strong><em>produ</em></strong></span> <span class='ocrx_word' id='word_1_575' title='bbox 770 3625 941 3701; x_wconf 84' lang='lat' dir='ltr'><strong><em>subsistere,</em></strong></span> <span class='ocrx_word' id='word_1_576' title='bbox 959 3624 1051 3689; x_wconf 87' lang='lat' dir='ltr'><strong><em>donec</em></strong></span> <span class='ocrx_word' id='word_1_577' title='bbox 1069 3625 1142 3688; x_wconf 82' lang='lat' dir='ltr'><strong><em>ado</em></strong></span> <span class='ocrx_word' id='word_1_578' title='bbox 1166 3624 1169 3707; x_wconf 68' lang='grc' dir='ltr'>ξ</span> <span class='ocrx_word' id='word_1_579' title='bbox 1193 3646 1309 3688; x_wconf 86' lang='lat' dir='ltr'><strong><em>munus</em></strong></span> <span class='ocrx_word' id='word_1_580' title='bbox 1330 3625 1504 3687; x_wconf 84' lang='lat' dir='ltr'><strong><em>sustineant</em></strong></span> <span class='ocrx_word' id='word_1_581' title='bbox 1525 3625 1678 3687; x_wconf 78' lang='lat' dir='ltr'><strong><em>dii-initus</em></strong></span> <span class='ocrx_word' id='word_1_582' title='bbox 1702 3624 1762 3687; x_wconf 91' lang='lat' dir='ltr'><strong><em>sibi</em></strong></span> <span class='ocrx_word' id='word_1_583' title='bbox 1784 3624 1970 3688; x_wconf 86' lang='lat' dir='ltr'><strong><em>iniunctum.</em></strong></span> <span class='ocrx_word' id='word_1_584' title='bbox 2016 3621 2082 3687; x_wconf 85' lang='lat' dir='ltr'><strong><em>Hic</em></strong></span> <span class='ocrx_word' id='word_1_585' title='bbox 2103 3642 2169 3685; x_wconf 83' lang='lat' dir='ltr'><strong><em>cero</em></strong></span> 
     </span>
     <span class='ocr_line' id='line_1_40' title="bbox 166 3706 2168 3791; baseline -0.001 -18"><span class='ocrx_word' id='word_1_586' title='bbox 166 3707 771 3788; x_wconf 76' lang='grc'>1999991,9999919999999199999999.</span> <span class='ocrx_word' id='word_1_587' title='bbox 820 3711 907 3790; x_wconf 81' lang='lat' dir='ltr'><strong><em>Quod</em></strong></span> <span class='ocrx_word' id='word_1_588' title='bbox 928 3711 1048 3791; x_wconf 79' lang='lat' dir='ltr'><strong><em>ancipit,</em></strong></span> <span class='ocrx_word' id='word_1_589' title='bbox 1068 3730 1142 3791; x_wconf 88' lang='lat' dir='ltr'><strong><em>por·</em></strong></span> <span class='ocrx_word' id='word_1_590' title='bbox 1194 3712 1298 3775; x_wconf 79' lang='lat' dir='ltr'><strong><em>denter</em></strong></span> <span class='ocrx_word' id='word_1_591' title='bbox 1319 3706 1479 3790; x_wconf 87' lang='lat' dir='ltr'><strong><em>interpres,</em></strong></span> <span class='ocrx_word' id='word_1_592' title='bbox 1502 3710 1583 3790; x_wconf 79' lang='lat' dir='ltr'><strong><em>qnod</em></strong></span> <span class='ocrx_word' id='word_1_593' title='bbox 1605 3711 1642 3774; x_wconf 92' lang='lat' dir='ltr'><strong><em>de</em></strong></span> <span class='ocrx_word' id='word_1_594' title='bbox 1663 3709 1791 3789; x_wconf 77' lang='lat' dir='ltr'><strong><em>speciali</em></strong></span> <span class='ocrx_word' id='word_1_595' title='bbox 1807 3709 2000 3791; x_wconf 78' lang='grc'>9919999911</span> <span class='ocrx_word' id='word_1_596' title='bbox 2022 3709 2168 3772; x_wconf 81' lang='grc'>9999991919</span> 
     </span>
     <span class='ocr_line' id='line_1_41' title="bbox 167 3794 2168 3878; baseline -0.002 -20"><span class='ocrx_word' id='word_1_597' title='bbox 167 3798 281 3858; x_wconf 90' lang='lat' dir='ltr'><strong><em>tentum</em></strong></span> <span class='ocrx_word' id='word_1_598' title='bbox 303 3814 376 3871; x_wconf 89' lang='lat' dir='ltr'><strong><em>esse,</em></strong></span> <span class='ocrx_word' id='word_1_599' title='bbox 399 3796 429 3858; x_wconf 89' lang='lat' dir='ltr'><strong><em>si</em></strong></span> <span class='ocrx_word' id='word_1_600' title='bbox 451 3795 538 3859; x_wconf 90' lang='lat' dir='ltr'><strong><em>homo</em></strong></span> <span class='ocrx_word' id='word_1_601' title='bbox 554 3801 721 3877; x_wconf 75' lang='lat' dir='ltr'><strong><em>postquam</em></strong></span> <span class='ocrx_word' id='word_1_602' title='bbox 743 3801 836 3859; x_wconf 87' lang='grc'>99199</span> <span class='ocrx_word' id='word_1_603' title='bbox 856 3803 899 3860; x_wconf 85' lang='lat' dir='ltr'><strong><em>est</em></strong></span> <span class='ocrx_word' id='word_1_604' title='bbox 920 3818 980 3859; x_wconf 92' lang='lat' dir='ltr'><strong><em>non</em></strong></span> <span class='ocrx_word' id='word_1_605' title='bbox 998 3797 1141 3872; x_wconf 86' lang='lat' dir='ltr'><strong><em>comedat,</em></strong></span> <span class='ocrx_word' id='word_1_606' title='bbox 1194 3798 1237 3861; x_wconf 86' lang='lat' dir='ltr'><strong><em>ad</em></strong></span> <span class='ocrx_word' id='word_1_607' title='bbox 1265 3801 1359 3860; x_wconf 89' lang='lat' dir='ltr'><strong><em>certos</em></strong></span> <span class='ocrx_word' id='word_1_608' title='bbox 1385 3796 1523 3860; x_wconf 88' lang='lat' dir='ltr'><strong><em>homines</em></strong></span> <span class='ocrx_word' id='word_1_609' title='bbox 1555 3797 1719 3878; x_wconf 81' lang='lat' dir='ltr'><strong><em>diripitur,</em></strong></span> <span class='ocrx_word' id='word_1_610' title='bbox 1753 3796 1795 3858; x_wconf 92' lang='lat' dir='ltr'><strong><em>ad</em></strong></span> <span class='ocrx_word' id='word_1_611' title='bbox 1819 3794 1970 3877; x_wconf 81' lang='grc'>9999999111</span> <span class='ocrx_word' id='word_1_612' title='bbox 1999 3794 2168 3858; x_wconf 83' lang='lat' dir='ltr'><strong><em>doctrinam</em></strong></span> 
     </span>
     <span class='ocr_line' id='line_1_42' title="bbox 167 3879 2168 3963; baseline -0.003 -18"><span class='ocrx_word' id='word_1_613' title='bbox 167 3879 332 3959; x_wconf 80' lang='lat' dir='ltr'><strong><em>respondeo</em></strong></span> <span class='ocrx_word' id='word_1_614' title='bbox 359 3881 452 3944; x_wconf 89' lang='lat' dir='ltr'><strong><em>aliter</em></strong></span> <span class='ocrx_word' id='word_1_615' title='bbox 479 3883 572 3962; x_wconf 86' lang='lat' dir='ltr'><strong><em>pasci</em></strong></span> <span class='ocrx_word' id='word_1_616' title='bbox 600 3882 725 3945; x_wconf 83' lang='grc'>9919999</span> <span class='ocrx_word' id='word_1_617' title='bbox 752 3903 847 3963; x_wconf 81' lang='lat' dir='ltr'><strong><em>quam</em></strong></span> <span class='ocrx_word' id='word_1_618' title='bbox 879 3887 1003 3945; x_wconf 84' lang='grc'>99199999</span> <span class='ocrx_word' id='word_1_619' title='bbox 1034 3901 1143 3945; x_wconf 90' lang='lat' dir='ltr'><strong><em>coenae</em></strong></span> <span class='ocrx_word' id='word_1_620' title='bbox 1193 3881 1298 3959; x_wconf 85' lang='lat' dir='ltr'><strong><em>trahit,</em></strong></span> <span class='ocrx_word' id='word_1_621' title='bbox 1321 3882 1510 3962; x_wconf 73' lang='grc'>9119199199</span> <span class='ocrx_word' id='word_1_622' title='bbox 1532 3882 1570 3943; x_wconf 90' lang='lat' dir='ltr'><strong><em>ob</em></strong></span> <span class='ocrx_word' id='word_1_623' title='bbox 1592 3882 1717 3945; x_wconf 85' lang='lat' dir='ltr'><strong><em>ecclesia</em></strong></span> <span class='ocrx_word' id='word_1_624' title='bbox 1739 3882 1922 3945; x_wconf 76' lang='grc'>9999991991.</span> <span class='ocrx_word' id='word_1_625' title='bbox 1972 3879 2087 3945; x_wconf 86' lang='lat' dir='ltr'><strong><em>Obiicit</em></strong></span> <span class='ocrx_word' id='word_1_626' title='bbox 2103 3899 2168 3941; x_wconf 84' lang='lat' dir='ltr'><strong><em>rnr-</em></strong></span> 
     </span>
     <span class='ocr_line' id='line_1_43' title="bbox 169 3964 2166 4049; baseline -0.002 -21"><span class='ocrx_word' id='word_1_627' title='bbox 169 3985 239 4028; x_wconf 88' lang='lat' dir='ltr'><strong><em>esu:</em></strong></span> <span class='ocrx_word' id='word_1_628' title='bbox 267 3965 392 4046; x_wconf 80' lang='lat' dir='ltr'><strong><em>ideoque</em></strong></span> <span class='ocrx_word' id='word_1_629' title='bbox 422 3965 581 4031; x_wconf 87' lang='lat' dir='ltr'><strong><em>Christum</em></strong></span> <span class='ocrx_word' id='word_1_630' title='bbox 609 3968 787 4049; x_wconf 78' lang='lat' dir='ltr'><strong><em>infantibus</em></strong></span> <span class='ocrx_word' id='word_1_631' title='bbox 808 3968 909 4031; x_wconf 86' lang='lat' dir='ltr'><strong><em>cibum</em></strong></span> <span class='ocrx_word' id='word_1_632' title='bbox 937 3968 1142 4032; x_wconf 89' lang='lat' dir='ltr'><strong><em>nihilominus</em></strong></span> <span class='ocrx_word' id='word_1_633' title='bbox 1194 3989 1281 4045; x_wconf 88' lang='grc'>9999,</span> <span class='ocrx_word' id='word_1_634' title='bbox 1310 3968 1446 4047; x_wconf 79' lang='lat' dir='ltr'><strong><em>infantes</em></strong></span> <span class='ocrx_word' id='word_1_635' title='bbox 1472 3964 2166 4046; x_wconf 76' lang='grc'>999999999999919999199999999991,9919</span> 
     </span>
     <span class='ocr_line' id='line_1_44' title="bbox 169 4050 2167 4135; baseline -0.002 -21"><span class='ocrx_word' id='word_1_636' title='bbox 169 4070 250 4127; x_wconf 88' lang='grc'>9999,</span> <span class='ocrx_word' id='word_1_637' title='bbox 277 4050 386 4115; x_wconf 88' lang='lat' dir='ltr'><strong><em>liceto</em></strong></span> <span class='ocrx_word' id='word_1_638' title='bbox 413 4053 546 4135; x_wconf 75' lang='lat' dir='ltr'><strong><em>symbolo</em></strong></span> <span class='ocrx_word' id='word_1_639' title='bbox 568 4053 749 4119; x_wconf 88' lang='lat' dir='ltr'><strong><em>abstineant.</em></strong></span> <span class='ocrx_word' id='word_1_640' title='bbox 800 4052 964 4133; x_wconf 86' lang='lat' dir='ltr'><strong><em>Baptismi</em></strong></span> <span class='ocrx_word' id='word_1_641' title='bbox 985 4054 1143 4118; x_wconf 86' lang='lat' dir='ltr'><strong><em>diversam</em></strong></span> <span class='ocrx_word' id='word_1_642' title='bbox 1167 4064 1170 4100; x_wconf 61' lang='grc' dir='ltr'>ἰ</span> <span class='ocrx_word' id='word_1_643' title='bbox 1193 4075 1255 4117; x_wconf 90' lang='lat' dir='ltr'><strong><em>uon</em></strong></span> <span class='ocrx_word' id='word_1_644' title='bbox 1274 4055 1447 4135; x_wconf 82' lang='grc'>9199999199</span> <span class='ocrx_word' id='word_1_645' title='bbox 1462 4074 1523 4132; x_wconf 89' lang='lat' dir='ltr'><strong><em>per</em></strong></span> <span class='ocrx_word' id='word_1_646' title='bbox 1544 4073 1718 4116; x_wconf 88' lang='lat' dir='ltr'><strong><em>sermonem</em></strong></span> <span class='ocrx_word' id='word_1_647' title='bbox 1754 4052 1822 4135; x_wconf 77' lang='lat' dir='ltr'><strong><em>Epo</em></strong></span> <span class='ocrx_word' id='word_1_648' title='bbox 1843 4074 1914 4117; x_wconf 88' lang='lat' dir='ltr'><strong><em>oero</em></strong></span> <span class='ocrx_word' id='word_1_649' title='bbox 1936 4053 2019 4131; x_wconf 85' lang='lat' dir='ltr'><strong><em>quod</em></strong></span> <span class='ocrx_word' id='word_1_650' title='bbox 2045 4051 2167 4130; x_wconf 85' lang='lat' dir='ltr'><strong><em>saepius</em></strong></span> 
     </span>
     <span class='ocr_line' id='line_1_45' title="bbox 168 4136 2169 4220; baseline -0.002 -19"><span class='ocrx_word' id='word_1_651' title='bbox 168 4156 234 4201; x_wconf 86' lang='grc'>9999</span> <span class='ocrx_word' id='word_1_652' title='bbox 251 4137 410 4216; x_wconf 89' lang='lat' dir='ltr'><strong><em>rationem,</em></strong></span> <span class='ocrx_word' id='word_1_653' title='bbox 429 4159 487 4218; x_wconf 79' lang='lat' dir='ltr'><strong><em>ouo</em></strong></span> <span class='ocrx_word' id='word_1_654' title='bbox 505 4140 572 4204; x_wconf 87' lang='lat' dir='ltr'><strong><em>illis</em></strong></span> <span class='ocrx_word' id='word_1_655' title='bbox 589 4145 710 4203; x_wconf 91' lang='lat' dir='ltr'><strong><em>tontum</em></strong></span> <span class='ocrx_word' id='word_1_656' title='bbox 728 4143 827 4203; x_wconf 80' lang='lat' dir='ltr'><strong><em>ioriua</em></strong></span> <span class='ocrx_word' id='word_1_657' title='bbox 845 4140 879 4202; x_wconf 88' lang='lat' dir='ltr'><strong><em>in</em></strong></span> <span class='ocrx_word' id='word_1_658' title='bbox 896 4140 1054 4205; x_wconf 88' lang='lat' dir='ltr'><strong><em>ecelesiam</em></strong></span> <span class='ocrx_word' id='word_1_659' title='bbox 1073 4160 1144 4220; x_wconf 84' lang='lat' dir='ltr'><strong><em>ope-</em></strong></span> <span class='ocrx_word' id='word_1_660' title='bbox 1194 4140 1261 4202; x_wconf 93' lang='lat' dir='ltr'><strong><em>iam</em></strong></span> <span class='ocrx_word' id='word_1_661' title='bbox 1293 4139 1364 4212; x_wconf 78' lang='lat' dir='ltr'><strong><em>dini</em></strong></span> <span class='ocrx_word' id='word_1_662' title='bbox 1397 4158 1478 4201; x_wconf 90' lang='lat' dir='ltr'><strong><em>nunc</em></strong></span> <span class='ocrx_word' id='word_1_663' title='bbox 1506 4159 1623 4219; x_wconf 79' lang='lat' dir='ltr'><strong><em>quoque</em></strong></span> <span class='ocrx_word' id='word_1_664' title='bbox 1650 4144 1762 4219; x_wconf 74' lang='grc'>999919,</span> <span class='ocrx_word' id='word_1_665' title='bbox 1792 4139 1834 4202; x_wconf 89' lang='lat' dir='ltr'><strong><em>ad</em></strong></span> <span class='ocrx_word' id='word_1_666' title='bbox 1861 4158 1918 4202; x_wconf 86' lang='lat' dir='ltr'><strong><em>nos</em></strong></span> <span class='ocrx_word' id='word_1_667' title='bbox 1944 4136 2169 4220; x_wconf 73' lang='lat' dir='ltr'><strong><em>reperierandos</em></strong></span> 
     </span>
     <span class='ocr_line' id='line_1_46' title="bbox 168 4222 2169 4306; baseline -0.002 -19"><span class='ocrx_word' id='word_1_668' title='bbox 168 4223 261 4287; x_wconf 88' lang='lat' dir='ltr'><strong><em>ritur.</em></strong></span> <span class='ocrx_word' id='word_1_669' title='bbox 308 4222 451 4287; x_wconf 82' lang='lat' dir='ltr'><strong><em>Rursum</em></strong></span> <span class='ocrx_word' id='word_1_670' title='bbox 473 4225 587 4303; x_wconf 90' lang='lat' dir='ltr'><strong><em>obiicit,</em></strong></span> <span class='ocrx_word' id='word_1_671' title='bbox 611 4226 722 4289; x_wconf 89' lang='lat' dir='ltr'><strong><em>bonum</em></strong></span> <span class='ocrx_word' id='word_1_672' title='bbox 744 4246 936 4290; x_wconf 83' lang='lat' dir='ltr'><strong><em>occorromnm</em></strong></span> <span class='ocrx_word' id='word_1_673' title='bbox 958 4226 1143 4290; x_wconf 80' lang='lat' dir='ltr'><strong><em>distribuere</em></strong></span> <span class='ocrx_word' id='word_1_674' title='bbox 1194 4225 1365 4289; x_wconf 87' lang='lat' dir='ltr'><strong><em>doctrinam</em></strong></span> <span class='ocrx_word' id='word_1_675' title='bbox 1382 4245 1482 4287; x_wconf 88' lang='lat' dir='ltr'><strong><em>semen</em></strong></span> <span class='ocrx_word' id='word_1_676' title='bbox 1504 4244 1568 4288; x_wconf 90' lang='lat' dir='ltr'><strong><em>esse</em></strong></span> <span class='ocrx_word' id='word_1_677' title='bbox 1590 4223 1838 4306; x_wconf 87' lang='lat' dir='ltr'><strong><em>incorruptibile,</em></strong></span> <span class='ocrx_word' id='word_1_678' title='bbox 1860 4224 2016 4303; x_wconf 79' lang='lat' dir='ltr'><strong><em>siquidem</em></strong></span> <span class='ocrx_word' id='word_1_679' title='bbox 2040 4224 2085 4288; x_wconf 86' lang='lat' dir='ltr'><strong><em>od</em></strong></span> <span class='ocrx_word' id='word_1_680' title='bbox 2105 4242 2169 4287; x_wconf 85' lang='lat' dir='ltr'><strong><em>eom</em></strong></span> 
     </span>
     <span class='ocr_line' id='line_1_47' title="bbox 167 4307 2171 4393; baseline -0.001 -20"><span class='ocrx_word' id='word_1_681' title='bbox 167 4309 269 4374; x_wconf 86' lang='lat' dir='ltr'><strong><em>cibum</em></strong></span> <span class='ocrx_word' id='word_1_682' title='bbox 295 4307 442 4389; x_wconf 74' lang='grc'>19911199</span> <span class='ocrx_word' id='word_1_683' title='bbox 471 4315 601 4392; x_wconf 86' lang='lat' dir='ltr'><strong><em>tempore</em></strong></span> <span class='ocrx_word' id='word_1_684' title='bbox 628 4333 694 4376; x_wconf 89' lang='lat' dir='ltr'><strong><em>suo.</em></strong></span> <span class='ocrx_word' id='word_1_685' title='bbox 746 4312 834 4392; x_wconf 78' lang='lat' dir='ltr'><strong><em>Quod</em></strong></span> <span class='ocrx_word' id='word_1_686' title='bbox 861 4315 919 4376; x_wconf 91' lang='lat' dir='ltr'><strong><em>etsi</em></strong></span> <span class='ocrx_word' id='word_1_687' title='bbox 947 4311 1074 4376; x_wconf 88' lang='lat' dir='ltr'><strong><em>libenter</em></strong></span> <span class='ocrx_word' id='word_1_688' title='bbox 1093 4312 1143 4392; x_wconf 82' lang='lat' dir='ltr'><strong><em>fo-</em></strong></span> <span class='ocrx_word' id='word_1_689' title='bbox 1192 4311 1424 4393; x_wconf 90' lang='lat' dir='ltr'><strong><em>percipiendam</em></strong></span> <span class='ocrx_word' id='word_1_690' title='bbox 1441 4330 1551 4373; x_wconf 76' lang='lat' dir='ltr'><strong><em>scimus</em></strong></span> <span class='ocrx_word' id='word_1_691' title='bbox 1567 4309 1686 4374; x_wconf 71' lang='lat' dir='ltr'><strong><em>ileum:</em></strong></span> <span class='ocrx_word' id='word_1_692' title='bbox 1702 4309 1756 4373; x_wconf 86' lang='lat' dir='ltr'><strong><em>ubi</em></strong></span> <span class='ocrx_word' id='word_1_693' title='bbox 1773 4330 1844 4372; x_wconf 90' lang='lat' dir='ltr'><strong><em>oero</em></strong></span> <span class='ocrx_word' id='word_1_694' title='bbox 1861 4310 2000 4374; x_wconf 87' lang='lat' dir='ltr'><strong><em>nondum</em></strong></span> <span class='ocrx_word' id='word_1_695' title='bbox 2011 4331 2076 4389; x_wconf 91' lang='lat' dir='ltr'><strong><em>per</em></strong></span> <span class='ocrx_word' id='word_1_696' title='bbox 2092 4314 2171 4374; x_wconf 81' lang='grc'>9919·</span> 
     </span>
     <span class='ocr_line' id='line_1_48' title="bbox 168 4395 2169 4479; baseline -0.001 -20"><span class='ocrx_word' id='word_1_697' title='bbox 168 4400 247 4471; x_wconf 88' lang='lat' dir='ltr'><strong><em>teor,</em></strong></span> <span class='ocrx_word' id='word_1_698' title='bbox 277 4416 336 4476; x_wconf 78' lang='grc'>9999</span> <span class='ocrx_word' id='word_1_699' title='bbox 365 4401 466 4460; x_wconf 87' lang='lat' dir='ltr'><strong><em>tamen</em></strong></span> <span class='ocrx_word' id='word_1_700' title='bbox 489 4398 560 4461; x_wconf 88' lang='lat' dir='ltr'><strong><em>iure</em></strong></span> <span class='ocrx_word' id='word_1_701' title='bbox 581 4397 705 4477; x_wconf 71' lang='lat' dir='ltr'><strong><em>definiet</em></strong></span> <span class='ocrx_word' id='word_1_702' title='bbox 733 4397 819 4461; x_wconf 86' lang='grc'>99119</span> <span class='ocrx_word' id='word_1_703' title='bbox 839 4397 988 4477; x_wconf 88' lang='lat' dir='ltr'><strong><em>baptismi</em></strong></span> <span class='ocrx_word' id='word_1_704' title='bbox 1015 4403 1142 4479; x_wconf 84' lang='lat' dir='ltr'><strong><em>tempus,</em></strong></span> <span class='ocrx_word' id='word_1_705' title='bbox 1194 4403 1253 4462; x_wconf 91' lang='lat' dir='ltr'><strong><em>tem</em></strong></span> <span class='ocrx_word' id='word_1_706' title='bbox 1288 4395 1374 4461; x_wconf 86' lang='lat' dir='ltr'><strong><em>nobis</em></strong></span> <span class='ocrx_word' id='word_1_707' title='bbox 1401 4398 1481 4460; x_wconf 89' lang='lat' dir='ltr'><strong><em>inest</em></strong></span> <span class='ocrx_word' id='word_1_708' title='bbox 1507 4396 1663 4473; x_wconf 87' lang='lat' dir='ltr'><strong><em>docilitas,</em></strong></span> <span class='ocrx_word' id='word_1_709' title='bbox 1697 4395 1801 4461; x_wconf 84' lang='lat' dir='ltr'><strong><em>Deum</em></strong></span> <span class='ocrx_word' id='word_1_710' title='bbox 1823 4400 1921 4459; x_wconf 85' lang='grc'>1999999</span> <span class='ocrx_word' id='word_1_711' title='bbox 1948 4416 2025 4459; x_wconf 79' lang='lat' dir='ltr'><strong><em>siros</em></strong></span> <span class='ocrx_word' id='word_1_712' title='bbox 2053 4415 2169 4479; x_wconf 86' lang='grc'>999999-</span> 
     </span>
     <span class='ocr_line' id='line_1_49' title="bbox 168 4479 2169 4565; baseline -0 -20"><span class='ocrx_word' id='word_1_713' title='bbox 168 4485 202 4545; x_wconf 86' lang='grc'><strong><em>91</em></strong></span> <span class='ocrx_word' id='word_1_714' title='bbox 231 4479 341 4562; x_wconf 90' lang='lat' dir='ltr'><strong><em>probet</em></strong></span> <span class='ocrx_word' id='word_1_715' title='bbox 366 4503 427 4545; x_wconf 89' lang='lat' dir='ltr'><strong><em>non</em></strong></span> <span class='ocrx_word' id='word_1_716' title='bbox 454 4482 527 4546; x_wconf 90' lang='lat' dir='ltr'><strong><em>dari</em></strong></span> <span class='ocrx_word' id='word_1_717' title='bbox 554 4485 728 4563; x_wconf 82' lang='lat' dir='ltr'><strong><em>tempestiue</em></strong></span> <span class='ocrx_word' id='word_1_718' title='bbox 759 4483 953 4564; x_wconf 76' lang='lat' dir='ltr'><strong><em>infantibus?</em></strong></span> <span class='ocrx_word' id='word_1_719' title='bbox 1003 4484 1144 4549; x_wconf 77' lang='lat' dir='ltr'><strong><em>Adducti</em></strong></span> <span class='ocrx_word' id='word_1_720' title='bbox 1194 4483 1291 4547; x_wconf 89' lang='lat' dir='ltr'><strong><em>randi</em></strong></span> <span class='ocrx_word' id='word_1_721' title='bbox 1309 4484 1439 4565; x_wconf 81' lang='lat' dir='ltr'><strong><em>prad-us.</em></strong></span> <span class='ocrx_word' id='word_1_722' title='bbox 1486 4482 1607 4546; x_wconf 83' lang='lat' dir='ltr'><strong><em>Postea</em></strong></span> <span class='ocrx_word' id='word_1_723' title='bbox 1620 4482 1661 4545; x_wconf 89' lang='lat' dir='ltr'><strong><em>ad</em></strong></span> <span class='ocrx_word' id='word_1_724' title='bbox 1683 4482 1850 4564; x_wconf 80' lang='lat' dir='ltr'><strong><em>alleporios</em></strong></span> <span class='ocrx_word' id='word_1_725' title='bbox 1869 4502 1946 4545; x_wconf 87' lang='lat' dir='ltr'><strong><em>suas</em></strong></span> <span class='ocrx_word' id='word_1_726' title='bbox 1969 4482 2068 4559; x_wconf 85' lang='lat' dir='ltr'><strong><em>redit,</em></strong></span> <span class='ocrx_word' id='word_1_727' title='bbox 2091 4480 2169 4562; x_wconf 83' lang='grc'>99991</span> 
     </span>
     <span class='ocr_line' id='line_1_50' title="bbox 162 4567 2170 4655; baseline 0 -25"><span class='ocrx_word' id='word_1_728' title='bbox 162 4573 328 4647; x_wconf 88' lang='lat' dir='ltr'><strong><em>praeterea</em></strong></span> <span class='ocrx_word' id='word_1_729' title='bbox 346 4567 430 4632; x_wconf 90' lang='lat' dir='ltr'><strong><em>illud</em></strong></span> <span class='ocrx_word' id='word_1_730' title='bbox 450 4567 567 4632; x_wconf 77' lang='lat' dir='ltr'><strong><em>Christi</em></strong></span> <span class='ocrx_word' id='word_1_731' title='bbox 584 4571 766 4634; x_wconf 87' lang='lat' dir='ltr'><strong><em>mandatum</em></strong></span> <span class='ocrx_word' id='word_1_732' title='bbox 785 4569 828 4633; x_wconf 87' lang='lat' dir='ltr'><strong><em>nd</em></strong></span> <span class='ocrx_word' id='word_1_733' title='bbox 845 4570 997 4648; x_wconf 87' lang='lat' dir='ltr'><strong><em>apostolos</em></strong></span> <span class='ocrx_word' id='word_1_734' title='bbox 1011 4571 1141 4655; x_wconf 87' lang='lat' dir='ltr'><strong><em>(Ioann.</em></strong></span> <span class='ocrx_word' id='word_1_735' title='bbox 1195 4571 1261 4633; x_wconf 87' lang='lat' dir='ltr'><strong><em>ouis</em></strong></span> <span class='ocrx_word' id='word_1_736' title='bbox 1282 4573 1308 4632; x_wconf 94' lang='lat' dir='ltr'><strong><em>et</em></strong></span> <span class='ocrx_word' id='word_1_737' title='bbox 1329 4589 1426 4650; x_wconf 84' lang='lat' dir='ltr'><strong><em>capra</em></strong></span> <span class='ocrx_word' id='word_1_738' title='bbox 1450 4569 1481 4631; x_wconf 91' lang='lat' dir='ltr'><strong><em>in</em></strong></span> <span class='ocrx_word' id='word_1_739' title='bbox 1508 4568 1571 4651; x_wconf 89' lang='grc'>1999</span> <span class='ocrx_word' id='word_1_740' title='bbox 1591 4589 1652 4631; x_wconf 92' lang='lat' dir='ltr'><strong><em>non</em></strong></span> <span class='ocrx_word' id='word_1_741' title='bbox 1674 4569 1781 4631; x_wconf 90' lang='lat' dir='ltr'><strong><em>statim</em></strong></span> <span class='ocrx_word' id='word_1_742' title='bbox 1802 4587 1838 4630; x_wconf 89' lang='lat' dir='ltr'><strong><em>ae</em></strong></span> <span class='ocrx_word' id='word_1_743' title='bbox 1858 4587 1999 4649; x_wconf 88' lang='grc'>99999999</span> <span class='ocrx_word' id='word_1_744' title='bbox 2021 4572 2170 4631; x_wconf 76' lang='grc'>9999199·</span> 
     </span>
     <span class='ocr_line' id='line_1_51' title="bbox 169 4651 2172 4741; baseline 0 -27"><span class='ocrx_word' id='word_1_745' title='bbox 169 4655 198 4729; x_wconf 80' lang='grc'><strong><em>1,</em></strong></span> <span class='ocrx_word' id='word_1_746' title='bbox 221 4651 291 4736; x_wconf 80' lang='grc'>35),</span> <span class='ocrx_word' id='word_1_747' title='bbox 322 4659 355 4715; x_wconf 89' lang='lat' dir='ltr'><strong><em>ut</em></strong></span> <span class='ocrx_word' id='word_1_748' title='bbox 374 4659 540 4733; x_wconf 88' lang='lat' dir='ltr'><strong><em>properent</em></strong></span> <span class='ocrx_word' id='word_1_749' title='bbox 567 4656 610 4719; x_wconf 90' lang='lat' dir='ltr'><strong><em>ad</em></strong></span> <span class='ocrx_word' id='word_1_750' title='bbox 633 4677 760 4721; x_wconf 86' lang='lat' dir='ltr'><strong><em>messem</em></strong></span> <span class='ocrx_word' id='word_1_751' title='bbox 787 4657 863 4720; x_wconf 90' lang='lat' dir='ltr'><strong><em>dum</em></strong></span> <span class='ocrx_word' id='word_1_752' title='bbox 885 4655 1040 4720; x_wconf 87' lang='lat' dir='ltr'><strong><em>albescunt</em></strong></span> <span class='ocrx_word' id='word_1_753' title='bbox 1063 4655 1142 4737; x_wconf 83' lang='lat' dir='ltr'><strong><em>apri.</em></strong></span> <span class='ocrx_word' id='word_1_754' title='bbox 1195 4661 1278 4719; x_wconf 91' lang='lat' dir='ltr'><strong><em>utero</em></strong></span> <span class='ocrx_word' id='word_1_755' title='bbox 1304 4655 1422 4735; x_wconf 72' lang='lat' dir='ltr'><strong><em>suerint</em></strong></span> <span class='ocrx_word' id='word_1_756' title='bbox 1449 4654 1564 4718; x_wconf 87' lang='lat' dir='ltr'><strong><em>oblatae</em></strong></span> <span class='ocrx_word' id='word_1_757' title='bbox 1592 4654 1627 4716; x_wconf 90' lang='lat' dir='ltr'><strong><em>in</em></strong></span> <span class='ocrx_word' id='word_1_758' title='bbox 1655 4654 1853 4733; x_wconf 69' lang='lat' dir='ltr'><strong><em>sacrificium.</em></strong></span> <span class='ocrx_word' id='word_1_759' title='bbox 1889 4653 1942 4741; x_wconf 24' lang='lat' dir='ltr'><strong><em>*Si</em></strong></span> <span class='ocrx_word' id='word_1_760' title='bbox 1966 4654 2094 4735; x_wconf 75' lang='grc'>11999999</span> <span class='ocrx_word' id='word_1_761' title='bbox 2114 4652 2172 4715; x_wconf 80' lang='lat' dir='ltr'><strong><em>hnc</em></strong></span> 
     </span>
     <span class='ocr_line' id='line_1_52' title="bbox 170 4738 2171 4823; baseline -0 -21"><span class='ocrx_word' id='word_1_762' title='bbox 170 4738 290 4818; x_wconf 90' lang='lat' dir='ltr'><strong><em>Nempe</em></strong></span> <span class='ocrx_word' id='word_1_763' title='bbox 318 4739 372 4802; x_wconf 88' lang='lat' dir='ltr'><strong><em>hoc</em></strong></span> <span class='ocrx_word' id='word_1_764' title='bbox 399 4745 519 4803; x_wconf 89' lang='lat' dir='ltr'><strong><em>tantum</em></strong></span> <span class='ocrx_word' id='word_1_765' title='bbox 545 4742 609 4804; x_wconf 88' lang='lat' dir='ltr'><strong><em>outt</em></strong></span> <span class='ocrx_word' id='word_1_766' title='bbox 639 4740 794 4817; x_wconf 84' lang='lat' dir='ltr'><strong><em>Christus,</em></strong></span> <span class='ocrx_word' id='word_1_767' title='bbox 823 4746 858 4804; x_wconf 89' lang='lat' dir='ltr'><strong><em>ut</em></strong></span> <span class='ocrx_word' id='word_1_768' title='bbox 880 4744 1026 4822; x_wconf 75' lang='lat' dir='ltr'><strong><em>opatoli,</em></strong></span> <span class='ocrx_word' id='word_1_769' title='bbox 1049 4761 1143 4822; x_wconf 89' lang='lat' dir='ltr'><strong><em>proe-</em></strong></span> <span class='ocrx_word' id='word_1_770' title='bbox 1194 4741 1316 4805; x_wconf 89' lang='lat' dir='ltr'><strong><em>trahere</em></strong></span> <span class='ocrx_word' id='word_1_771' title='bbox 1337 4741 1415 4818; x_wconf 88' lang='lat' dir='ltr'><strong><em>tibet,</em></strong></span> <span class='ocrx_word' id='word_1_772' title='bbox 1437 4739 1516 4805; x_wconf 88' lang='lat' dir='ltr'><strong><em>mihi</em></strong></span> <span class='ocrx_word' id='word_1_773' title='bbox 1533 4745 1713 4822; x_wconf 87' lang='lat' dir='ltr'><strong><em>promptum</em></strong></span> <span class='ocrx_word' id='word_1_774' title='bbox 1735 4744 1779 4804; x_wconf 76' lang='lat' dir='ltr'><strong><em>est</em></strong></span> <span class='ocrx_word' id='word_1_775' title='bbox 1798 4759 1942 4821; x_wconf 80' lang='lat' dir='ltr'><strong><em>reperere,</em></strong></span> <span class='ocrx_word' id='word_1_776' title='bbox 1957 4740 2171 4823; x_wconf 80' lang='lat' dir='ltr'><strong><em>primapenita</em></strong></span> 
     </span>
     <span class='ocr_line' id='line_1_53' title="bbox 168 4823 2173 4907; baseline 0 -20"><span class='ocrx_word' id='word_1_777' title='bbox 168 4830 283 4888; x_wconf 91' lang='lat' dir='ltr'><strong><em>sentem</em></strong></span> <span class='ocrx_word' id='word_1_778' title='bbox 311 4823 427 4890; x_wconf 87' lang='lat' dir='ltr'><strong><em>laboris</em></strong></span> <span class='ocrx_word' id='word_1_779' title='bbox 451 4826 588 4907; x_wconf 78' lang='lat' dir='ltr'><strong><em>fmutrrm</em></strong></span> <span class='ocrx_word' id='word_1_780' title='bbox 615 4834 783 4906; x_wconf 79' lang='grc'>9999999199,</span> <span class='ocrx_word' id='word_1_781' title='bbox 811 4828 952 4892; x_wconf 65' lang='lat' dir='ltr'><strong><em>claci-ires</em></strong></span> <span class='ocrx_word' id='word_1_782' title='bbox 974 4829 1069 4892; x_wconf 84' lang='lat' dir='ltr'><strong><em>seed</em></strong></span> <span class='ocrx_word' id='word_1_783' title='bbox 1091 4827 1143 4890; x_wconf 91' lang='lat' dir='ltr'><strong><em>do-</em></strong></span> <span class='ocrx_word' id='word_1_784' title='bbox 1194 4828 1308 4905; x_wconf 88' lang='lat' dir='ltr'><strong><em>omnia,</em></strong></span> <span class='ocrx_word' id='word_1_785' title='bbox 1326 4828 1422 4891; x_wconf 72' lang='lat' dir='ltr'><strong><em>⁸simul</em></strong></span> <span class='ocrx_word' id='word_1_786' title='bbox 1440 4848 1476 4891; x_wconf 90' lang='grc'><strong><em>99</em></strong></span> <span class='ocrx_word' id='word_1_787' title='bbox 1497 4828 1622 4892; x_wconf 75' lang='lat' dir='ltr'><strong><em>induam</em></strong></span> <span class='ocrx_word' id='word_1_788' title='bbox 1640 4829 1836 4906; x_wconf 88' lang='lat' dir='ltr'><strong><em>aperuerant,</em></strong></span> <span class='ocrx_word' id='word_1_789' title='bbox 1856 4825 1959 4905; x_wconf 74' lang='lat' dir='ltr'><strong><em>fuisse</em></strong></span> <span class='ocrx_word' id='word_1_790' title='bbox 1977 4824 2048 4890; x_wconf 91' lang='lat' dir='ltr'><strong><em>Deo</em></strong></span> <span class='ocrx_word' id='word_1_791' title='bbox 2066 4846 2173 4903; x_wconf 71' lang='lat' dir='ltr'><strong><em>samii,</em></strong></span> 
     </span>
     <span class='ocr_line' id='line_1_54' title="bbox 168 4910 2174 4997; baseline 0 -24"><span class='ocrx_word' id='word_1_792' title='bbox 168 4911 297 4973; x_wconf 88' lang='lat' dir='ltr'><strong><em>cendum</em></strong></span> <span class='ocrx_word' id='word_1_793' title='bbox 329 4912 497 4993; x_wconf 83' lang='grc'>9991999991.</span> <span class='ocrx_word' id='word_1_794' title='bbox 546 4914 623 4994; x_wconf 74' lang='lat' dir='ltr'><strong><em>Quis</em></strong></span> <span class='ocrx_word' id='word_1_795' title='bbox 650 4915 722 4978; x_wconf 87' lang='lat' dir='ltr'><strong><em>inde</em></strong></span> <span class='ocrx_word' id='word_1_796' title='bbox 753 4914 878 4997; x_wconf 80' lang='grc'>99111991,</span> <span class='ocrx_word' id='word_1_797' title='bbox 911 4915 1011 4978; x_wconf 91' lang='lat' dir='ltr'><strong><em>solnm</em></strong></span> <span class='ocrx_word' id='word_1_798' title='bbox 1032 4914 1144 4978; x_wconf 87' lang='lat' dir='ltr'><strong><em>messis</em></strong></span> <span class='ocrx_word' id='word_1_799' title='bbox 1195 4914 1303 4978; x_wconf 88' lang='lat' dir='ltr'><strong><em>deinde</em></strong></span> <span class='ocrx_word' id='word_1_800' title='bbox 1329 4915 1500 4994; x_wconf 82' lang='lat' dir='ltr'><strong><em>oportuisse</em></strong></span> <span class='ocrx_word' id='word_1_801' title='bbox 1531 4933 1648 4995; x_wconf 85' lang='grc'>999999</span> <span class='ocrx_word' id='word_1_802' title='bbox 1680 4910 1862 4975; x_wconf 82' lang='grc'>9991991999</span> <span class='ocrx_word' id='word_1_803' title='bbox 1889 4913 2034 4975; x_wconf 83' lang='grc'>99991991.</span> <span class='ocrx_word' id='word_1_804' title='bbox 2088 4911 2174 4978; x_wconf 81' lang='lat' dir='ltr'><strong><em>Unde</em></strong></span> 
     </span>
     <span class='ocr_line' id='line_1_55' title="bbox 168 4994 2174 5080; baseline 0.002 -24"><span class='ocrx_word' id='word_1_805' title='bbox 168 4997 287 5072; x_wconf 82' lang='lat' dir='ltr'><strong><em>tempus</em></strong></span> <span class='ocrx_word' id='word_1_806' title='bbox 308 4994 460 5077; x_wconf 78' lang='lat' dir='ltr'><strong><em>baptismo</em></strong></span> <span class='ocrx_word' id='word_1_807' title='bbox 481 5018 546 5063; x_wconf 89' lang='grc'>9999</span> <span class='ocrx_word' id='word_1_808' title='bbox 566 5000 749 5064; x_wconf 76' lang='lat' dir='ltr'><strong><em>moturum?</em></strong></span> <span class='ocrx_word' id='word_1_809' title='bbox 799 5000 1143 5079; x_wconf 83' lang='grc'>119199199999119991,</span> <span class='ocrx_word' id='word_1_810' title='bbox 1195 5005 1345 5080; x_wconf 77' lang='lat' dir='ltr'><strong><em>sequetur,</em></strong></span> <span class='ocrx_word' id='word_1_811' title='bbox 1368 5000 1460 5065; x_wconf 84' lang='grc'>919119</span> <span class='ocrx_word' id='word_1_812' title='bbox 1480 4999 1573 5063; x_wconf 88' lang='lat' dir='ltr'><strong><em>robur</em></strong></span> <span class='ocrx_word' id='word_1_813' title='bbox 1592 4999 1720 5062; x_wconf 88' lang='lat' dir='ltr'><strong><em>minime</em></strong></span> <span class='ocrx_word' id='word_1_814' title='bbox 1740 4998 2174 5080; x_wconf 58' lang='lat' dir='ltr'><strong><em>oecumenicumque</em></strong></span> 
     </span>
     <span class='ocr_line' id='line_1_56' title="bbox 169 5080 2176 5168; baseline 0.004 -28"><span class='ocrx_word' id='word_1_815' title='bbox 169 5080 252 5158; x_wconf 76' lang='lat' dir='ltr'><strong><em>quod</em></strong></span> <span class='ocrx_word' id='word_1_816' title='bbox 275 5082 306 5143; x_wconf 87' lang='lat' dir='ltr'><strong><em>in</em></strong></span> <span class='ocrx_word' id='word_1_817' title='bbox 321 5083 431 5161; x_wconf 84' lang='lat' dir='ltr'><strong><em>primo</em></strong></span> <span class='ocrx_word' id='word_1_818' title='bbox 454 5084 578 5148; x_wconf 89' lang='lat' dir='ltr'><strong><em>eeclesia</em></strong></span> <span class='ocrx_word' id='word_1_819' title='bbox 606 5087 701 5150; x_wconf 85' lang='lat' dir='ltr'><strong><em>iidem</em></strong></span> <span class='ocrx_word' id='word_1_820' title='bbox 721 5091 811 5150; x_wconf 82' lang='lat' dir='ltr'><strong><em>erant</em></strong></span> <span class='ocrx_word' id='word_1_821' title='bbox 834 5084 1008 5152; x_wconf 75' lang='lat' dir='ltr'><strong><em>Christiani</em></strong></span> <span class='ocrx_word' id='word_1_822' title='bbox 1031 5092 1057 5151; x_wconf 91' lang='grc'><strong><em>91</em></strong></span> <span class='ocrx_word' id='word_1_823' title='bbox 1079 5089 1144 5153; x_wconf 83' lang='grc'>9119-</span> <span class='ocrx_word' id='word_1_824' title='bbox 1194 5087 1298 5167; x_wconf 85' lang='lat' dir='ltr'><strong><em>potr&#39;us</em></strong></span> <span class='ocrx_word' id='word_1_825' title='bbox 1315 5088 1458 5168; x_wconf 81' lang='lat' dir='ltr'><strong><em>etfoetus</em></strong></span> <span class='ocrx_word' id='word_1_826' title='bbox 1475 5091 1605 5150; x_wconf 87' lang='lat' dir='ltr'><strong><em>recentes</em></strong></span> <span class='ocrx_word' id='word_1_827' title='bbox 1627 5089 1654 5147; x_wconf 91' lang='lat' dir='ltr'><strong><em>et</em></strong></span> <span class='ocrx_word' id='word_1_828' title='bbox 1676 5083 1777 5148; x_wconf 87' lang='lat' dir='ltr'><strong><em>adhuc</em></strong></span> <span class='ocrx_word' id='word_1_829' title='bbox 1798 5089 1914 5150; x_wconf 86' lang='lat' dir='ltr'><strong><em>teneros</em></strong></span> <span class='ocrx_word' id='word_1_830' title='bbox 1934 5105 1956 5148; x_wconf 84' lang='grc'><strong><em>9</em></strong></span> <span class='ocrx_word' id='word_1_831' title='bbox 1974 5083 2045 5149; x_wconf 90' lang='lat' dir='ltr'><strong><em>Deo</em></strong></span> <span class='ocrx_word' id='word_1_832' title='bbox 2068 5087 2104 5149; x_wconf 85' lang='lat' dir='ltr'><strong><em>in</em></strong></span> <span class='ocrx_word' id='word_1_833' title='bbox 2126 5107 2176 5150; x_wconf 90' lang='lat' dir='ltr'><strong><em>so-</em></strong></span> 
     </span>
     <span class='ocr_line' id='line_1_57' title="bbox 168 5162 2177 5255; baseline 0.003 -26"><span class='ocrx_word' id='word_1_834' title='bbox 168 5162 281 5245; x_wconf 73' lang='lat' dir='ltr'><strong><em>ciprii,</em></strong></span> <span class='ocrx_word' id='word_1_835' title='bbox 302 5167 356 5230; x_wconf 88' lang='lat' dir='ltr'><strong><em>sed</em></strong></span> <span class='ocrx_word' id='word_1_836' title='bbox 376 5168 440 5231; x_wconf 83' lang='lat' dir='ltr'><strong><em>iam</em></strong></span> <span class='ocrx_word' id='word_1_837' title='bbox 450 5169 588 5235; x_wconf 78' lang='lat' dir='ltr'><strong><em>cudimus</em></strong></span> <span class='ocrx_word' id='word_1_838' title='bbox 606 5192 675 5235; x_wconf 87' lang='grc'>99999</span> <span class='ocrx_word' id='word_1_839' title='bbox 694 5173 801 5237; x_wconf 82' lang='grc'>19999119</span> <span class='ocrx_word' id='word_1_840' title='bbox 818 5173 1003 5237; x_wconf 82' lang='lat' dir='ltr'><strong><em>ratiocinari</em></strong></span> <span class='ocrx_word' id='word_1_841' title='bbox 1021 5196 1041 5238; x_wconf 91' lang='lat' dir='ltr'><strong><em>a</em></strong></span> <span class='ocrx_word' id='word_1_842' title='bbox 1053 5176 1145 5255; x_wconf 89' lang='lat' dir='ltr'><strong><em>parte</em></strong></span> <span class='ocrx_word' id='word_1_843' title='bbox 1195 5173 1315 5253; x_wconf 75' lang='lat' dir='ltr'><strong><em>crificia</em></strong></span> <span class='ocrx_word' id='word_1_844' title='bbox 1342 5173 1442 5255; x_wconf 81' lang='grc'>191191.</span> <span class='ocrx_word' id='word_1_845' title='bbox 1488 5170 1646 5236; x_wconf 86' lang='lat' dir='ltr'><strong><em>Contendit</em></strong></span> <span class='ocrx_word' id='word_1_846' title='bbox 1667 5175 1845 5251; x_wconf 71' lang='grc'>9999919999,</span> <span class='ocrx_word' id='word_1_847' title='bbox 1872 5191 1935 5235; x_wconf 89' lang='lat' dir='ltr'><strong><em>non</em></strong></span> <span class='ocrx_word' id='word_1_848' title='bbox 1950 5191 2048 5253; x_wconf 85' lang='lat' dir='ltr'><strong><em>posse</em></strong></span> <span class='ocrx_word' id='word_1_849' title='bbox 2072 5174 2177 5237; x_wconf 80' lang='lat' dir='ltr'><strong><em>venire</em></strong></span> 
     </span>
    </p>
   </div>
   <div class='ocr_carea' id='block_1_3' title="bbox 0 0 2347 5842">
    <p class='ocr_par' dir='ltr' id='par_1_3' title="bbox 0 0 2347 5842">
     <span class='ocr_line' id='line_1_58' title="bbox 0 0 2347 5842; baseline 0 0"><span class='ocrx_word' id='word_1_850' title='bbox 0 0 2347 5842; x_wconf 95' lang='lat' dir='ltr'><strong><em> </em></strong></span> 
     </span>
    </p>
   </div>
  </div>
 </body>
</html>
