4672 5842
150 334 212 396 797
508 332 596 397 LlB.
621 333 700 410 IV„
726 331 790 396 Da
812 331 1049 399 EX'I‘ERNIS
1070 332 1236 400 MEDIIS
1259 333 1324 399 AD
1348 332 1576 401 SALUTEM.
1622 335 1721 401 CAP.
1745 335 1805 399 IV.
2095 335 2157 402 ttb

154 524 244 607 genti
267 522 474 599 effluxerunt,
503 543 544 586 ex
568 543 630 604 quo
652 521 806 588 Nicolaus
834 541 920 604 papa
942 522 982 587 de
1004 524 1131 586 romani
1183 542 1250 585 non
1277 529 1350 604 post
1377 523 1565 588 electionem
1591 524 1713 601 vocari,
1744 521 1801 586 sed
1830 521 1978 586 electioni
2001 525 2160 592 interesse

153 608 314 692 pontificis
345 607 500 672 electione
528 608 561 671 in
595 607 683 672 hunc
715 607 849 671 modum
881 610 1013 686 statuit,
1035 607 1059 692 ¹)
1094 614 1132 672 ut
1183 607 1260 670 olim
1288 607 1412 686 solitos3
1442 616 1538 689 atque
1564 609 1600 671 in
1627 629 1703 673 eum
1729 610 1844 686 finem,
1874 615 1910 671 ut
1935 618 2044 674 essent
2065 611 2161 694 quasi

152 694 322 777 praeirent
349 692 530 758 cardinales
559 695 714 776 episcopi,
737 692 855 757 deinde
883 694 1046 776 reliquum
1068 693 1130 758 ele·
1183 692 1411 772 moderatores,
1434 694 1574 775 nequid
1597 694 1633 757 in
1653 695 1725 777 ipsa
1743 695 1839 758 turba
1856 695 1950 758 fieret
1969 694 2157 762 turbulenti.

151 801 227 844 rum
260 778 322 843 sibi
360 779 595 862 adiungerent,
635 784 797 861 postremo
831 779 934 861 plebis
973 799 1132 844 consensu
1183 778 1248 843 Ubi
1271 779 1360 843 enim
1385 779 1482 859 dixit,
1514 779 1601 861 plebi
1627 800 1697 844 esse
1730 786 1923 863 potestatem
1955 782 2008 846 vel
2042 782 2159 866 dignos

152 866 266 932 electio
292 866 389 930 firma
416 873 510 930 esset.
536 866 606 930 -st
632 865 667 927 in
694 866 760 929 fine
792 866 908 930 recitat
935 864 1017 929 illud
1044 865 1131 948 quod
1184 864 1324 948 eligendi
1342 864 1534 943 sacerdotes,
1553 866 1606 930 rel
1623 865 1776 949 indignos
1792 866 1972 943 recusandi,
1994 867 2159 950 aliquanto

151 972 257 1034 nuper
274 952 373 1016 citavi
390 951 512 1015 Leonis
529 949 704 1029 decretum,
728 970 765 1016 ac
783 952 817 1014 in
837 959 1004 1033 posterum
1021 951 1132 1016 velere
1156 940 1159 1035 l
1183 958 1256 1032 post
1278 951 1458 1033 subiungit:
1477 950 1502 1034 ¹)
1530 959 1664 1034 propter
1690 952 1776 1035 quod
1804 950 1976 1035 diligenter
1997 953 2036 1017 de
2057 952 2159 1019 tradi·

153 1038 317 1121 praecipit.
363 1035 511 1116 Quodsi
537 1038 584 1100 ita
610 1036 785 1101 invaluerit
811 1037 1035 1119 improborum
1062 1057 1131 1100 ma-
1156 1036 1272 1105 itione
1311 1036 1423 1101 divina
1459 1045 1556 1119 atque
1593 1039 1768 1120 apostolica
1808 1038 2004 1103 servandum
2044 1047 2095 1103 est
2125 1046 2160 1104 et

153 1124 233 1201 litia,
256 1132 294 1186 ut
315 1123 423 1189 clerici
441 1122 482 1185 ad
504 1143 620 1205 puram
642 1123 832 1186 electionem
850 1121 1030 1187 taciendam
1051 1122 1132 1187 urbe
1184 1122 1360 1186 tenendum
1383 1121 1483 1206 (quod
1505 1122 1592 1206 apud
1615 1144 1675 1187 nos
1701 1130 1882 1207 quoquest
1909 1125 1976 1188 fere
2004 1146 2062 1207 per
2083 1144 2159 1208 pro·

154 1207 265 1294 egredi
294 1216 461 1292 cogantur,
490 1208 614 1290 aliquos
640 1216 751 1272 tamen
774 1229 792 1271 e
813 1208 932 1291 populo
955 1207 1051 1272 simul
1075 1206 1131 1272 ad-
1184 1209 1308 1273 vineias
1329 1209 1500 1273 universas
1521 1209 1683 1292 tenetur),
1711 1219 1749 1273 ut
1778 1209 1819 1274 ad
1848 1209 2069 1275 ordinationes
2096 1211 2160 1275 rite

153 1317 224 1360 esse
246 1296 344 1360 iubet.
388 1294 602 1377 Imperatoris
630 1315 708 1358 vero
736 1294 943 1377 suffragium,
972 1301 1132 1376 quautam
1183 1293 1409 1371 celebrandas,
1439 1293 1480 1357 ad
1507 1315 1579 1358 eam
1605 1294 1748 1376 plebem,
1770 1297 1822 1360 cui
1843 1297 2046 1378 praepositus
2073 1295 2160 1360 ordi·

152 1380 336 1465 intelligere
358 1381 443 1458 lieet,
465 1381 501 1443 in
523 1380 650 1445 duabus
673 1386 803 1444 tantum
824 1379 968 1445 ecelesiis
988 1381 1131 1462 require-
1183 1391 1296 1457 natur,
1326 1380 1467 1462 episcopi
1495 1380 1641 1445 eiusdem
1669 1381 1855 1464 provinciae
1877 1383 2019 1463 proximi
2042 1383 2160 1465 quique

152 1468 258 1543 batur,
281 1465 837 1547 romanaetconstantinopolitana:
862 1465 947 1548 quod
965 1465 1031 1531 illic
1049 1464 1131 1530 duae
1184 1465 1406 1551 conveniant,
1428 1473 1461 1529 et
1490 1467 1657 1549 episeopus
1683 1466 1844 1550 deligatur
1864 1466 1958 1549 plebe
1980 1474 2159 1550 praesente.

153 1554 282 1636 imperii
315 1552 408 1617 sedes
435 1559 552 1616 essent.
604 1551 689 1615 Nam
723 1549 811 1633 quod
838 1550 1061 1615 Mediolanum
1089 1551 1131 1615 ad
1184 1549 1251 1616 Sed
1275 1572 1375 1633 quum
1397 1551 1522 1616 tardius
1544 1552 1709 1616 interdum
1737 1559 1946 1636 cogerentur,
1975 1560 2008 1616 et
2034 1554 2161 1635 pericn-

154 1637 401 1723 gubernandam
429 1639 506 1702 novi
535 1639 676 1720 episcopi
703 1637 894 1701 electionem
921 1638 1041 1701 missus
1069 1637 1132 1700 fuit
1183 1636 1252 1700 lum
1274 1644 1360 1701 esset
1381 1659 1423 1700 ne
1442 1636 1500 1700 illa
1521 1659 1613 1702 mora
1635 1637 1849 1702 abuterentur
1873 1637 2005 1719 quidam
2028 1637 2070 1702 ad
2091 1660 2161 1702 am·

152 1725 348 1789 Ambrosius
366 1745 440 1788 eum
461 1730 621 1806 potestate
644 1722 922 1800 aValentiniano,
944 1722 977 1785 id
998 1730 1132 1805 propter
1183 1721 1292 1787 biendi
1325 1724 1539 1801 occasionem,
1574 1724 1654 1788 satis
1682 1726 1750 1788 fore
1780 1725 1887 1788 visum
1916 1733 1966 1788 est·
1993 1725 2020 1788 si
2035 1783 2037 1796 ,
2053 1721 2160 1808 desig·

153 1831 271 1894 grares
303 1810 459 1874 factiones
487 1809 604 1891 quibus
637 1809 724 1873 inter
751 1830 791 1873 se
818 1809 905 1874 cives
938 1807 1129 1890 flagrabant,
1183 1809 1314 1872 natione
1333 1808 1418 1872 faeta
1435 1809 1497 1890 ipsi
1516 1809 1714 1889 accederent,
1734 1809 1934 1893 ac'legitima
1951 1809 2160 1892 inquisitione

152 1893 450 1960 extraordinarium
474 1896 546 1958 fuit
584 1889 722 1958 'Romae
754 1901 865 1958 autern
897 1901 1025 1958 tantum
1054 1894 1131 1958 olim
1183 1892 1355 1976 probatum
1378 1902 1613 1960 consecrarent.

152 1982 258 2047 valuit
278 1981 483 2063 imperatoris
505 1981 662 2044 autoritas
683 1981 718 2043 in
740 1981 888 2062 episcopo
911 1979 1066 2058 creando,
1098 1988 1133 2043 ut
1273 1985 1319 2042 15.
1371 1979 1445 2043 Hoc
1493 2002 1572 2045 uum
1599 1981 1717 2063 ubique
1745 1982 1814 2045 sine
1842 1981 2031 2061 exceptione
2057 1981 2159 2059 fieret,

154 2068 335 2151 Gregorius
362 2087 397 2131 se
419 2067 520 2148 ipsius
548 2067 638 2131 iussu
665 2067 701 2128 in
724 2066 877 2131 ecclesiae
904 2065 1132 2148 gubernaculis
1184 2065 1342 2147 paulatim
1368 2086 1439 2129 mos
1468 2002 1616 2132 diversus
1643 2066 1790 2144 inolevit,
1819 2075 1858 2129 ιιι
1886 2065 2091 2148 metropolim
2119 2063 2161 2131 sd

152 2154 367 2220 consdtutum
395 2174 465 2218 esse
491 2150 591 2230 dicat;
605 2151 634 2235 1)
657 2172 758 2233 quum
779 2160 890 2216 tamen
919 2152 1044 2216 solenni
1065 2152 1133 2215 ritu
1184 2150 1359 2232 petendam
1391 2151 1626 2217 ordinationem
1660 2152 1753 2218 electi
1787 2151 2007 2216 concederent.
2061 2149 2161 2232 Quod

153 2261 173 2304 a
200 2239 320 2323 populo
349 2239 464 2318 fuisset
492 2240 665 2320 expetitus.
709 2237 783 2313 Hoc
805 2246 916 2300 autem
937 2237 1039 2302 moris
1060 2238 1130 2315 fuit,
1185 2237 1361 2301 ambitione
1392 2237 1497 2320 magis
1530 2247 1563 2302 et
1594 2241 1713 2303 veteris
1745 2238 1888 2302 instituti
1929 2236 2160 2319 depravatione

151 2333 189 2390 ut
208 2347 309 2408 quum
338 2324 480 2406 aliquem
510 2323 739 2408 designassent
761 2322 852 2401 ordo,
883 2321 988 2387 clerus
1016 2343 1052 2389 ac
1074 2344 1131 2405 po·
1183 2324 1307 2386 factum
1327 2330 1390 2400 est,
1419 2343 1516 2404 quam
1545 2324 1629 2388 bona
1656 2325 1763 2406 aliqua
1785 2324 1920 2388 ratione.
1964 2323 2034 2388 Nec
2054 2322 2159 2387 multo

151 2412 266 2494 pulus,
296 2411 338 2476 ad
363 2411 595 2492 imperatorem
625 2411 736 2474 statim
764 2409 901 2473 referret
922 2409 993 2487 ille,
1019 2416 1058 2472 ut
1079 2410 1131 2474 vel
1183 2418 1265 2490 post,
1295 2415 1391 2473 aucta
1412 2409 1477 2472 iam
1499 2430 1652 2474 romanae
1681 2410 1766 2474 sedis
1798 2409 1982 2487 autoritate,
2018 2408 2160 2473 obtinuit

154 2499 304 2562 scisceret
336 2496 528 2561 electionem
556 2518 616 2560 sua
644 2494 889 2578 approbatione,
924 2495 977 2560 vel
1010 2495 1130 2577 impro·
1184 2494 1288 2559 altera
1321 2494 1428 2559 adhuc
1461 2494 1601 2559 deterrm
1633 2495 1853 2573 consuetudo,
1888 2502 1926 2558 ut
1959 2495 2059 2559 tot-ius
2090 2495 2159 2559 fere

153 2582 259 2647 bando
286 2584 467 2667 abrogaret.
512 2581 628 2664 Neque
657 2582 734 2645 huic
761 2579 988 2663 consuetudini
1010 2601 1131 2665 repug-
1182 2579 1300 2644 Italiae
1318 2582 1459 2662 episcopi
1481 2582 1754 2647 consecrationem
1776 2580 1853 2646 inde
1869 2587 2026 2662 peterent.
2062 2578 2160 2661 Quod

152 2678 234 2733 nant
255 2669 386 2735 decreta
407 2689 490 2751 quae
513 2689 532 2731 a
555 2667 715 2732 Gratiano
738 2666 945 2749 colliguntur,
968 2666 1024 2730 ubi
1046 2666 1130 2730 nibil
1183 2664 1443 2731 animadvertere
1465 2665 1541 2730 lieet
1561 2687 1603 2730 ex
1625 2668 1768 2750 epistolis
1792 2667 1953 2748 Gregorii.
1968 2667 1997 2744 ²)
2040 2665 2160 2730 Paucis

150 2754 239 2820 aliud
268 2754 389 2819 dicitur
416 2775 515 2838 quam
542 2753 635 2818 nullo
662 2751 757 2817 modo
785 2749 955 2816 ferendum
983 2772 1069 2829 csse,
1092 2760 1130 2816 ut
1182 2756 1312 2815 tantum
1345 2751 1545 2831 civitatibus,
1580 2774 1662 2835 quae
1688 2775 1754 2817 non
1784 2753 1832 2817 ita
1857 2751 1951 2817 facile
1984 2758 2158 2830 cesserant,

149 2842 277 2906 sublata
294 2841 448 2906 canonica
466 2839 624 2904 electione
646 2860 705 2902 rex
728 2859 787 2920 pro
811 2859 871 2902 sua
887 2836 1023 2902 libidine
1044 2838 1129 2921 epis·
1183 2836 1355 2927 antiquum
1382 2839 1433 2902 ius
1462 2845 1628 2903 servatum
1655 2846 1739 2917 erat,
1767 2846 1805 2901 ut
1831 2838 1871 2902 de
1893 2836 2080 2902 Mediolano
2090 2857 2159 2902 «cx-

150 2948 267 3009 copum
296 2927 481 3004 constituat,
506 2933 540 2990 et
561 2946 581 2988 a
602 2924 816 3007 metropolitis
837 2943 904 2987 non
925 2944 996 2989 esse
1017 2944 1129 2989 conse·
1182 2922 1328 3005 emplum
1353 2923 1420 2986 illic
1453 2924 1600 2989 habetur.
1650 2926 1815 2990 Fortassis
1848 2924 1935 2988 solae
1965 2922 2159 3006 metropoles

151 3012 308 3077 orandum
336 3013 393 3094 qui
419 3033 478 3095 per
510 3010 655 3076 violenta
687 3011 825 3092 imperia
854 3010 900 3075 sic
927 3009 1027 3073 fuerit
1053 3030 1129 3092 pro·
1181 3008 1390 3073 retinuerunt
1416 3030 1511 3074 suum
1545 3011 1761 3094 privilegium.
1812 3009 1969 3074 Solebsnt
2001 3008 2090 3071 enim
2118 3004 2159 3071 lad

150 3106 265 3163 motus.
300 3097 401 3162 Aliud
424 3097 512 3161 enim
535 3104 593 3173 est,
616 3097 756 3180 spoliare
778 3095 947 3160 eeclesiam
969 3095 1040 3158 iure
1061 3116 1127 3174 sue,
1181 3095 1460 3178 archiepiscopum
1498 3095 1753 3163 consecrandum
1793 3117 1905 3159 omnes
1943 3093 2159 3177 provinciales

151 3191 188 3246 ut
216 3189 319 3248 totum
348 3183 389 3248 ad
410 3184 508 3248 unius
535 3183 677 3247 hominis
704 3181 871 3245 libidinem
897 3182 1128 3262 transferatur3
1181 3181 1323 3263 episcopi
1357 3183 1530 3247 convenire
1557 3184 1593 3247 in
1624 3184 1728 3266 ipsam
1761 3183 1952 3264 primariam
1984 3181 2158 3245 civitatem.

151 3268 240 3332 aliud
261 3269 323 3334 hoc
350 3270 482 3334 honoris
504 3271 574 3352 regi
601 3275 659 3334 aut
686 3269 874 3350 imperatori
897 3267 988 3346 dare,
1010 3275 1049 3332 ut
1069 3288 1129 3332 sua
1181 3265 1356 3331 Caeterum
1378 3268 1461 3331 ritus
1479 3274 1549 3332 erat
1570 3289 1729 3333 manuum
1751 3267 1922 3350 impositio.
1958 3265 2051 3329 Nihil
2069 3266 2159 3330 enim

151 3355 324 3420 autoritate
345 3356 526 3439 legitimam
548 3355 740 3420 electionem
761 3355 941 3418 confirmet.
1180 3359 1348 3434 praeterea
1370 3355 1648 3419 caeremoniarum
1671 3353 1854 3419 adhibitum
1876 3353 1962 3436 lego:
1985 3352 2047 3415 nisi
2072 3350 2159 3434 quod

238 3446 287 3505 14.
331 3440 488 3524 Sequitur
513 3440 580 3505 iam
607 3448 646 3504 ut
673 3446 851 3505 tractemus
878 3460 941 3522 quo
968 3440 1034 3503 ritu
1055 3445 1129 3522 post
1181 3438 1323 3520 aliquem
1345 3447 1496 3503 ornatum
1513 3442 1549 3504 in
1570 3440 1696 3505 solenni
1714 3446 1808 3506 coetu
1825 3438 1989 3503 habebant
2006 3436 2157 3520 episcopi,

151 3525 342 3592 electionem
369 3527 578 3592 initiarentur
603 3526 725 3592 veteris
753 3525 907 3591 ecclesiae
929 3526 1071 3589 ministri
1092 3527 1127 3589 in
1180 3544 1244 3606 quo
1266 3545 1286 3588 a
1307 3525 1440 3607 reliquis
1461 3525 1661 3611 presbyteris
1683 3525 1970 3608 distinguerentur.
2015 3524 2158 3609 Presby-

151 3634 246 3677 suum
269 3613 419 3678 officium.
463 3613 560 3677 Hanc
582 3613 696 3677 Latini
717 3611 957 3676 ordinationem
979 3611 1033 3676 vel
1050 3631 1127 3676 con·
1180 3616 1269 3673 teres
1290 3631 1416 3693 quoque
1438 3619 1471 3675 et
1493 3611 1645 3677 diacoma
1673 3613 1742 3677 sola
1769 3633 1928 3676 manuum
1954 3610 2159 3693 impositione

150 3699 373 3777 secretionem,
401 3697 520 3763 Graeci
542 3707 731 3783 χειροτονίαν,
753 3696 920 3761 interdum
945 3697 1044 3760 etiam
1065 3720 1127 3780 χει-
1180 3693 1389 3776 ordinabant;
1411 3697 1468 3762 sed
1490 3720 1565 3763 suos
1592 3699 1797 3782 presbyteros
1826 3698 1960 3778 quisque
1989 3697 2158 3776 epiecopus

150 3790 297 3869 ροθεσίαν
327 3790 499 3862 vocarunt;
531 3784 608 3851 licet
640 3792 806 3866 χειρστονία
838 3783 872 3846 id
906 3803 1011 3866 genus
1044 3782 1127 3849 elec-
1180 3799 1255 3844 cum
1275 3783 1541 3866 presbyterorum
1569 3784 1704 3867 collegio
1730 3782 1909 3847 ordinabat.
1960 3777 2158 3861 Quanquam

149 3873 247 3936 tionis
279 3871 411 3955 proprie
448 3870 593 3949 dicatu,
632 3869 687 3935 ubi
726 3870 935 3935 declarantur
971 3868 1128 3952 suffragia
1180 3874 1290 3931 autem
1311 3868 1397 3932 idem
1425 3869 1566 3953 agebant
1597 3890 1725 3946 omnes,
1760 3869 1835 3950 quia
1867 3875 1977 3929 tamen
2009 3864 2158 3945 praeibat

148 3979 308 4022 manuum
327 3955 516 4021 elevatione.
550 3957 670 4021 Exstat
687 3963 796 4021 autem
815 3955 982 4020 decretum
999 3954 1127 4026 nicaeni
1179 3953 1358 4036 episcopus,
1380 3962 1413 4018 et
1434 3956 1529 4036 quasi
1546 3956 1616 4018 eius
1639 3955 1791 4036 auspiciis
1808 3974 1861 4016 res
1884 3950 2065 4034 gerebatur,
2084 3947 2157 4014 ideo

149 4045 293 4122 concilii,
327 4051 365 4107 ut
395 4041 616 4123 metropolites
649 4063 724 4107 curn
756 4041 907 4106 omnibus
939 4041 1126 4123 provinciae
1179 4038 1282 4121 ipsius
1304 4039 1472 4104 dicebatur
1493 4039 1661 4104 ordinatio.
1706 4037 1802 4103 Unde
1824 4043 1951 4101 veteres
1973 4035 2036 4100 hoc
2060 4055 2157 4118 saepe

149 4131 307 4214 episeopis
330 4128 503 4193 conveniat
524 4126 565 4191 ad
587 4144 662 4191 eum
683 4128 739 4209 qui
766 4129 888 4191 electus
914 4127 1013 4191 tuerit
1040 4126 1127 4190 ordi·
1179 4124 1315 4204 habent,
1344 4147 1409 4189 non
1437 4125 1568 4188 differre
1596 4125 1660 4188 alia
1687 4146 1722 4188 re
1752 4125 1792 4187 ab
1816 4125 1965 4206 episeopo
1987 4123 2155 4206 presbyte-

148 4216 304 4280 nandum.
351 4215 388 4279 Si
416 4221 525 4303 qutem
550 4213 677 4277 itineris
704 4213 927 4297 longitudine,
956 4219 1014 4277 aut
1037 4213 1126 4277 vale·
1178 4231 1264 4288 rum,
1287 4212 1351 4275 nisi
1373 4212 1449 4292 quia
1471 4210 1643 4274 ordinandi
1663 4216 1857 4295 potestatem
1879 4230 1946 4273 non
1967 4208 2094 4272 habeat.
2144 4232 2147 4237 ·

150 4302 272 4380 tudine,
296 4308 353 4366 aut
371 4300 436 4365 alia
453 4299 645 4363 necessitate
662 4320 738 4380 pars
754 4297 940 4380 impeditur,
959 4305 998 4363 ut
1015 4308 1127 4363 tamen

148 4395 217 4452 tres
236 4389 411 4452 minimum
433 4384 641 4462 conveniant3
671 4384 728 4465 qui
749 4391 857 4448 autem
881 4384 1009 4463 absunt,
1033 4405 1126 4449 suam
1255 4413 1258 4422 ·

150 4475 393 4539 consensionem
416 4494 475 4556 per
502 4470 614 4534 literas
643 4476 813 4534 testentur.
863 4470 971 4552 Atque
998 4469 1051 4533 hic
1073 4489 1126 4535 ca-
1536 4450 1687 4516 ΟΑΡΠΤ
1711 4451 1750 4514 V·
1766 4451 1795 4534 ⁸)

149 4580 225 4637 non,
248 4581 350 4659 quum
368 4556 583 4655 desuetudine
601 4555 825 4632 obsolesceret,
843 4555 990 4636 pluribus
1011 4552 1127 4632 deinde
1207 4574 1446 4686 Amiquam
1482 4575 1700 4688 regminis
1741 4576 1919 4657 formam
1958 4521 2126 4655 omnini)

148 4645 282 4729 synodis
310 4650 484 4710 renovatus
512 4644 583 4707 furt.
628 4640 754 4707 Omnes
782 4646 906 4718 autem,
933 4650 990 4704 aut
1011 4640 1128 4705 saltem

148 4731 332 4815 quicunque
360 4730 602 4796 excusationem
629 4748 699 4792 non
724 4725 897 4802 haberent,
920 4724 992 4790 idco
1014 4724 1127 4792 adesse
1207 4698 1523 4808 pessumdatam
1546 4697 1676 4778 fuisse
1698 4694 1919 4806 inallIlldO
1942 4703 2136 4805 papatus·

149 4815 347 4882 iubebantur
370 4837 435 4900 quo
453 4816 586 4901 gravim
603 4814 644 4880 de
665 4813 813 4878 doctrina
829 4817 862 4873 et
879 4811 1023 4876 moribus
1040 4812 1126 4876 ordi·
1512 4882 1517 4894 .
1980 4879 1986 4892 ‚

149 4901 250 4967 nandi
266 4903 443 4970 haberetur
458 4922 607 4967 examen.
643 4901 757 4983 Neque
775 4898 864 4962 enirn
887 4896 957 4961 sine
975 4897 1126 4963 examine
1269 4885 1293 4943 ¹·
1331 4881 1427 4947 Nlfflss
1450 4881 1596 4945 0111111111
1619 4877 1850 4964 &Ubefflssssdae
1873 4878 2037 4957 (1111θῦ111,
2060 4897 2157 4961 (11111111

149 5009 201 5054 reg
228 4989 454 5074 peragebatur·
504 4989 551 5055 Et
583 4994 720 5074 apparet
748 5008 790 5052 01
816 4983 976 5070 prriani
1006 4983 1125 5064 verbis,
1178 4965 1274 5031 hodie
1296 4973 1387 5031 tenet
1408 4987 1543 5031 romana
1563 4965 1908 5031 sedesacomneseins
1921 4964 2086 5044 satellites,
2107 4970 2157 5028 to·

1250 5187 1278 5254 1)
1298 5188 1385 5309 Epist.
1404 5187 1428 5240 4.
1448 5189 1510 5240 libr.
1530 5188 1553 5241 l.
1630 5187 1660 5256 2)
1677 5189 1752 5241 Libr.
1772 5187 1796 5241 2.
1816 5188 1894 5257 epist.
1915 5186 1949 5240 69
1967 5193 1994 5240 ot
2014 5185 2054 5240 76.
2123 5183 2154 5252 3)

143 5284 152 5294 ·
220 5262 248 5324 1)
267 5262 334 5317 Dist.
353 5260 393 5315 28.
413 5279 470 5349 esp.
489 5262 524 5315 In
540 5264 655 5315 nominc.
709 5261 739 5329 2)
757 5261 843 5331 Epist.
862 5259 886 5314 5.
906 5261 966 5314 libr.
986 5257 1011 5313 1.
1181 5255 1221 5322 Of.
1241 5273 1309 5326 qaae
1338 5257 1377 5309 .l.
1398 5263 1547 5327 separentur
1565 5258 1588 5324 ξ.
1607 5255 1718 5311 67---85.
2004 5296 2008 5303 .
