4672 5842
222 294 288 356 999
549 362 553 369 ,
872 278 1138 346 marmeno
1161 279 1469 347 9999999199.
1496 286 1588 346 9959.
2172 284 2236 347 999

221 476 406 563 proluudit3
434 477 461 539 si
489 494 605 537 servus
633 469 1047 546 199999919911199191991999,
1076 470 1104 533 si
1130 469 1200 533 eins
1227 478 1231 531 ἰ
1255 469 1354 533 ritate
1384 470 1485 533 nimia
1506 468 1675 547 divexent,
1706 492 1771 533 non
1798 469 2030 533 contumeliose
2056 469 2233 551 accipiant,

221 585 340 630 areana
363 561 518 643 divulgat,
542 561 569 621 si
594 558 660 622 9119
684 556 780 621 9999919
803 556 1200 624 999999199999,9999919999
1227 570 1230 607 1
1256 553 1314 620 9991
1342 556 1450 636 potius
1472 570 1650 638 agnoscant·
1672 554 1733 619 sibi
1756 556 1874 620 fratres
1897 578 1982 629 esse,
2011 576 2151 637 suosque
2173 555 2234 620 sub

221 653 291 716 eius
314 647 435 732 predia
459 647 486 710 si
510 645 660 708 dominus
684 665 814 706 rursum
836 640 1200 705 19991119991999999991999
1227 662 1230 725 ξ
1256 640 1387 705 99919991
1409 643 1551 727 Domino
1583 662 1771 719 conservos,
1804 663 1884 723 quos·
1917 651 2030 705 mutuo
2064 663 2175 705 arnare
2201 656 2235 705 99

221 748 334 803 vexat:
357 734 435 797 19991
458 731 544 814 apud
567 729 677 795 Deum
699 742 836 792 tenetur.
881 727 1037 791 Alienum
1060 729 1203 792 enimet
1227 734 1230 797 ζ
1256 726 1442 790 humaniter
1460 737 1600 792 tractare
1619 727 1767 792 debeant.
1802 727 1856 790 Ad
1874 727 1972 797 hunc.
1996 729 2139 808 inquam,
2164 747 2234 790 mo-

222 823 338 887 retinct
368 828 402 882 et
428 818 621 901 praevertit.
650 816 704 897 qui
734 837 799 877 non
827 814 1017 894 exsequitur
1044 814 1130 896 quod
1160 837 1202 878 ex
1226 810 1230 901 J
1251 810 1329 876 duur
1360 814 1495 895 quisque
1526 824 1671 894 reputet,
1705 813 1781 895 quid
1810 815 1844 877 in
1875 836 1933 877 sno
1962 812 2074 877 ordine
2102 813 2232 877 991999

222 929 300 973 suae.
323 905 501 969 vocationis
524 925 658 966 munere
681 901 753 964 aliis
776 898 879 962 debet.
1226 899 1412 979 ,proximis
1442 897 1574 969 debeat.
1603 912 1634 963 et
1663 900 1749 982 quod
1777 899 1873 963 debet
1900 899 2013 963 solvat.
2060 898 2114 962 ad
2141 900 2232 975 19999,

309 998 361 1067 tvi,
405 991 482 1055 Rite
511 1010 589 1072 crgo
612 988 658 1053 919
677 986 863 1070 parebimus
891 985 1062 1055 9999991999,
1093 966 1421 1067 91999-,19919999919
1449 1007 1577 1067 seraper
1605 1009 1700 1051 mens
1722 985 1764 1049 ad
1786 984 2005 1066 legislatorem
2013 1009 2021 1063 ;
2050 1002 2086 1047 nt
2114 985 2241 1049 animis·

223 1085 291 1145 stra
321 1070 408 1141 sorte
435 1076 579 1140 contenti
608 1072 736 1136 nullam
759 1072 822 1134 nisi
846 1071 1018 1135 honestum
1040 1086 1071 1133 et
1094 1071 1201 1153 legiti-
1219 1070 1229 1139 ’ξ
1253 1070 1390 1151 perinde
1418 1094 1455 1136 ac
1483 1072 1635 1137 manibus
1662 1072 1809 1153 regulam
1840 1071 1925 1135 hanc
1947 1072 2135 1135 noverimus
2156 1075 2233 1135 91999-

223 1185 315 1229 99999
345 1163 471 1227 lucrum
499 1163 604 1225 lacere
632 1159 835 1225 studeamus:
869 1157 897 1219 si
920 1180 985 1220 nen
1009 1173 1201 1239 appetamus
1225 1146 1228 1255 :
1254 1156 1360 1227 911991,
1390 1178 1454 1237 quo
1482 1157 1621 1221 aliorum
1648 1158 1827 1222 corrnnodis
1855 1172 1953 1238 atque
1977 1157 2170 1222 utilitatibus
2198 1170 2231 1219 et

223 1272 300 1317 9999
329 1249 447 1313 iniuria
475 1246 645 1321 ditescere,
677 1266 738 1309 nec
765 1244 904 1306 19999919
934 1242 1062 1307 diruere
1089 1243 1199 1325 proxi-
1225 1260 1229 1339 1
1253 1241 1383 1306 99999119
1405 1255 1437 1306 99
1459 1242 1688 1324 promovendis
1710 1244 1871 1308 studeant.

224 1358 317 1400 murn
350 1335 536 1410 moliamur,
571 1351 633 1412 quo
664 1352 716 1394 res
740 1329 833 1393 nobis
861 1343 1038 1407 acereseat3
1072 1330 1099 1391 si
1133 1351 1199 1391 non
1225 1348 1228 1379 1

224 1420 373 1487 crudeles
403 1442 507 1502 opes,
526 1432 560 1481 99
591 1439 632 1480 ex
667 1416 805 1479 aliorum
838 1416 997 1498 sanguine
1029 1388 1228 1495 expressasl
1629 1484 1637 1499 ,
1677 1484 1683 1501 1
1746 1483 1756 1493 ,
1820 1482 1829 1495 ,
1870 1482 1908 1495 ..

224 1507 393 1574 cumulare
410 1503 662 1579 conterrdarnns;
684 1503 711 1565 si
733 1523 799 1564 uon
822 1502 1081 1582 intenrpenrnter
1099 1501 1199 1565 nude·
1538 1482 1784 1536 PRALOEPTLM
1804 1482 1897 1534 ΜΝ
1911 1483 1945 1535 11·

225 1615 351 1673 ο111111110
371 1611 431 1673 1101
452 1591 500 1653 fas
522 1602 554 1688 91,
577 1586 898 1684 1111151011111111111119
922 1587 1047 1689 qnovol
1068 1586 1200 1687 “ll’ltjss·
1254 1606 1325 1673 Nou
1354 1606 1417 1674 eris
1451 1607 1600 1676 adversus
1628 1609 1809 1701 proximum
1839 1620 1932 1676 tunm
1960 1608 2049 1676 testis
2077 1608 2229 1677 mendax.

224 1687 280 1742 tur
302 1688 413 1741 nostra
440 1689 593 1751 99999999,
622 1675 672 1739 991
695 1672 919 1755 prodrgcntrae
942 1678 1087 1736 satrstrat.
1133 1674 1199 1739 19-

224 1785 297 1828 rum
331 1786 349 1826 9
382 1783 538 1826 converso
577 1761 620 1825 sit
653 1757 746 1822 nobis
781 1771 957 1841 perpetuus
987 1758 1040 1822 hic
1073 1779 1198 1840 scopus.
1225 1826 1228 1851 Ι
1341 1761 1389 1821 tt.
1423 1759 1517 1823 Finis
1540 1759 1622 1823 eins:
1646 1758 1800 1840 quoniam
1821 1757 2026 1823 mendacium
2045 1760 2136 1823 Deus
2159 1761 2231 1841 (qui

225 1870 338 1914 omnes
369 1847 475 1929 quoad
507 1847 583 1911 lieet¹
613 1844 747 1910 consilio
781 1853 878 1926 atqne
906 1866 966 1927 ope
994 1844 1134 1908 fideliter·
1166 1845 1228 1927 191
1253 1846 1462 1925 9991999991)
1485 1855 1682 1919 9999999999,
1705 1845 1876 1908 veritatem
1899 1845 1968 1908 sine
1991 1846 2064 1908 1999
2087 1867 2158 1909 esse
2180 1847 2230 1909 19-

225 1933 405 1999 991199999119
427 1934 495 1997 suis
517 1934 644 2007 199999;
673 1930 757 2012 quod
781 1931 807 1994 91
830 1952 904 1995 eum
927 1931 1058 2012 pertidis
1081 1930 1200 1995 99191-
1224 1930 1228 2003 1
1254 1937 1304 1991 199
1327 1955 1385 1996 nos
1414 1930 1592 1994 colendam.
1637 1929 1775 1994 Summa
1803 1931 1905 2013 igitur·
1932 1932 2008 2003 9919,
2037 1932 2152 1995 nevel
2177 1953 2231 1995 99-

224 2020 348 2086 1119111119Ι
376 2020 542 2099 111901111111
572 2019 685 2092 1110111,
721 2040 760 2080 01
794 2028 905 2080 110⁸t1‘0
936 2019 1044 2098 Pfflills
1077 2016 1199 2099 aliquid
1253 2021 1386 2087 lumniis
1413 2017 1566 2099 falsisque
1597 2016 1877 2081 criminationibus
1903 2016 2061 2080 violemus
2093 2017 2231 2083 alicuius

222 2106 338 2173 cedere
359 2105 464 2187 parati
484 2106 594 2181 simus,
614 2125 713 2185 quarn
730 2113 767 2166 ut
784 2102 1020 2167 crurtendarnus
1037 2103 1198 2168 cumillis.
1253 2128 1390 2175 nomen.
1424 2102 1477 2167 vel
1511 2101 1679 2167 mendacio
1711 2103 1745 2165 19
1777 2102 1846 2166 9919
1874 2104 2011 2167 19999919
2040 2124 2230 2186 graveruus;

223 2192 337 2273 Neque
360 2190 393 2253 id
414 2189 524 2254 modo:
553 2189 610 2254 scd
632 2211 712 2270 quos
735 2211 845 2252 rernm
867 2188 1057 2253 difficultate
1082 2189 1199 2252 videri·
1224 2180 1227 2201 ¹
1253 2194 1393 2274 denique
1434 2211 1475 2253 ne
1513 2188 1759 2253 maledicentiae
1792 2202 1821 2252 et
1856 2189 2063 2270 procacitatis
2096 2188 2231 2255 libidine

223 2299 299 2343 mus
331 2277 450 2359 premi,
487 2297 599 2339 eonrrrr
633 2274 880 2339 necessitatibus
913 2277 1198 2353 communicemus,
1252 2278 1438 2363 quempiam
1472 2274 1648 2339 laedamus.
1693 2274 1756 2339 Cui
1790 2275 1962 2339 interdicto
1987 2275 2142 2339 cohaeret-
2168 2277 2231 2339 irn-

223 2384 261 2429 ae
292 2377 405 2427 nostra
437 2363 528 2444 eopia
556 2361 763 2425 sublevemus
797 2382 909 2424 eornm
937 2362 1089 2442 inopiam.
1134 2362 1200 2426 Po·
1223 2356 1227 2463 1
1253 2367 1395 2448 perium,
1424 2372 1461 2425 ut
1489 2361 1664 2442 unicuique
1686 2360 1815 2424 fidelem
1839 2382 1986 2441 operam,
2016 2361 2123 2443 quoad
2145 2361 2230 2439 licet,

222 2458 344 2515 strerno
363 2449 514 2529 respiciat
532 2449 750 2530 uuusquisque
768 2462 927 2529 quatenus
946 2469 987 2510 ex
1006 2448 1110 2513 officio
1128 2448 1201 2512 aliis
1252 2454 1287 2515 in
1309 2445 1484 2515 asserenda
1504 2448 1642 2512 veritate
1665 2444 1923 2517 commodemus,
1950 2446 1991 2510 991
2019 2447 2177 2511 tuendam
2199 2461 2232 2512 et

222 2537 266 2600 sit
291 2535 468 2617 obligatus,
503 2556 540 2597 ae
569 2533 654 2615 quod
682 2533 792 2611 dehet,
827 2534 913 2596 bona
940 2532 1003 2597 11919
1026 2534 1197 2616 persolvat.
1252 2537 1396 2602 nominis
1428 2548 1461 2598 99
1493 2555 1602 2598 rerum
1638 2555 1773 2597 suarum
1804 2533 2036 2614 iutegritatem.
2087 2532 2231 2598 Sensum

222 2621 297 2687 Hac
315 2623 441 2685 ratione
459 2620 596 2703 populus
615 2641 727 2683 ornnes
745 2620 807 2683 sibi
826 2620 1007 2702 praefectos
1024 2621 1060 2682 in
1078 2620 1200 2684 honore
1252 2622 1399 2687 mandati
1425 2620 1475 2684 sui
1496 2619 1625 2685 videtur
1647 2639 1808 2701 exponere
1832 2617 1972 2683 voluisse
1995 2619 2157 2684 Dominus
2178 2619 2230 2684 his

223 2707 351 2781 habeat,
375 2729 488 2771 999999
511 2704 762 2771 dominationem
782 2727 884 2787 aequo
904 2707 1015 2769 animo
1036 2706 1129 2783 ferat,
1154 2706 1200 2769 le·
1253 2709 1361 2775 verbis
1380 2706 1500 2787 (1111991.
1521 2710 1634 2788 a:·t,1):
1658 2727 1725 2769 9999
1746 2705 1901 2785 suscipies
1924 2726 2037 2769 vocem
2058 2703 2228 2784 mendacii,

223 2793 319 2877 gibus
342 2802 374 2857 et
394 2794 490 2858 iussis
513 2801 634 2874 pareat,
658 2791 740 2855 911911
764 2792 930 2869 detrectet,
953 2791 1039 2874 quod
1061 2793 1200 2874 propitio
1252 2817 1312 2861 nec
1335 2795 1451 2876 iunges
1470 2813 1604 2855 manum
1623 2804 1722 2866 tuam,
1746 2806 1783 2855 99
1800 2813 1858 2873 pre
1881 2790 1982 2872 impio
2004 2789 2093 2855 dicas
2110 2791 2230 2856 1919999

222 2880 294 2945 Deo
327 2879 411 2943 ferre
440 2879 549 2960 possit.
594 2879 741 2942 Rursum
774 2878 822 2941 illi
850 2877 955 2960 plebis
982 2900 1061 2943 9999
1088 2899 1201 2943 curam
1224 2908 1227 2951 ι
1253 2881 1483 2945 1999199991999.
1528 2878 1614 2942 Item
1637 2876 1777 2959 (1191919.
1799 2880 1849 2955 1);
1878 2875 2085 2943 mendacium
2113 2878 2229 2961 fugies.

222 2966 420 3041 sustineant,
447 2965 610 3046 publicam
639 2984 753 3047 pacem
780 2978 986 3042 conservent,
1020 2964 1201 3029 1999199199
1224 2964 1227 2969 ’
1251 2967 1327 3031 alio
1349 2966 1449 3030 etiam
1471 2964 1541 3027 loeo
1563 2964 1686 3049 (Levit.
1711 2967 1764 3040 le,
1788 2965 1841 3046 lt)
1869 2985 1935 3026 999
1957 2984 1995 3027 99
2016 2963 2113 3028 999919
2135 2982 2229 3045 parte

222 3050 400 3134 praesidio,
423 3051 527 3115 malos
554 3062 736 3128 coerceant,
766 3052 811 3115 sic
838 3051 948 3113 999919
971 3050 1201 3115 administrent
1252 3052 1464 3116 emendacio
1493 3071 1554 3113 uos
1576 3064 1723 3131 revocat,
1752 3072 1794 3113 ne
1821 3051 1923 3113 9199999
1945 3050 2167 3115 criminatores
2190 3072 2229 3115 ae

223 3136 315 3218 quasi
338 3157 488 3217 supremo
511 3136 609 3201 iudici
632 3137 704 3199 Deo
732 3136 907 3200 functionis
935 3158 1012 3201 suae
1040 3138 1199 3201 rationem
1223 3112 1227 3179 1
1251 3160 1445 3203 susurrones
1467 3137 1502 3199 19
1524 3136 1658 3219 populo;
1690 3135 1747 3199 sed
1773 3158 1814 3199 nc
1838 3136 1910 3216 quis
1933 3134 2072 3216 decipiat
2092 3135 2230 3200 fratrem

222 3219 391 3285 reddituri.
436 3222 658 3286 Ecclesiarum
686 3223 829 3286 ministri
856 3222 996 3286 fideliter
1018 3222 1109 3287 verbi
1138 3225 1198 3285 nri-
1223 3232 1356 3305 1999999.
1400 3223 1585 3304 Utrumque
1619 3222 1707 3285 enim
1738 3220 1900 3285 distinctis
1933 3220 2096 3285 mandatis
2123 3234 2228 3287 cavet.

222 3307 357 3372 nisterio
376 3306 574 3385 incumbant,
598 3330 656 3373 nee
675 3309 789 3371 salutis
807 3307 988 3374 doctrinam
1005 3308 1198 3385 adulterent,
1223 3314 1226 3395 1
1251 3308 1341 3375 Sane
1362 3309 1497 3373 dubium
1520 3330 1585 3371 uon
1607 3321 1657 3372 est
1679 3309 1766 3390 quin,
1790 3324 1825 3370 ut
1845 3307 2113 3389 praecedentibus
2134 3329 2230 3373 mau-

223 3392 280 3459 9991
307 3415 425 3476 pnram
452 3406 485 3456 et
512 3395 671 3459 sinceram
704 3395 822 3476 populo
849 3395 912 3458 Dei
945 3394 1085 3459 tradant.
1129 3395 1199 3460 Nec
1223 3410 1226 3469 Ι
1251 3394 1336 3460 datis
1368 3394 1515 3460 cohibuit
1542 3395 1725 3471 saevitiam,
1760 3391 2009 3474 impudicitiam,
2045 3394 2229 3474 avaritiam,

222 3478 367 3543 doctrina
388 3479 502 3557 solnm,
528 3478 585 3543 sod
611 3481 694 3543 91199
716 3480 865 3562 erernplo
887 3481 1075 3559 instituant;
1105 3502 1198 3562 prae-
1223 3474 1226 3517 ²
1251 3480 1570 3546 199191919191999999
1592 3489 1751 3556 coerceat,
1774 3481 1867 3544 cuius
1889 3478 1952 3544 due
1976 3491 2055 3543 sunt
2071 3479 2229 3559 membra,

222 3565 289 3628 sint
311 3563 463 3645 denique,
494 3576 529 3628 nt
551 3566 625 3629 boni
647 3575 792 3647 pastores
813 3566 935 3630 ovibus.
980 3567 1126 3649 Populus
1149 3568 1198 3632 vi·
1223 3546 1226 3637 l
1251 3590 1334 3649 quae
1366 3567 1457 3649 prins
1491 3568 1686 3631 notavimus.
1743 3567 1809 3629 Aut
1843 3567 1932 3629 enirn
1963 3566 2169 3649 malignitate
2197 3584 2230 3630 99

221 3650 331 3715 eissiru
365 3671 419 3715 eos
452 3672 510 3732 pro
543 3653 668 3715 nuntiis
697 3664 730 3716 et
758 3653 912 3734 apostolis
941 3651 1005 3716 Dei
1032 3653 1197 3734 suscipiat,
1223 3646 1226 3707 !
1251 3652 1458 3718 obtrectandi
1476 3652 1638 3734 pravitate
1663 3651 1881 3733 delinquimus
1910 3653 1944 3715 in
1973 3653 2094 3715 famam
2119 3654 2227 3735 proxi·

221 3757 297 3801 oum
324 3737 364 3799 iis
394 3736 550 3800 horrorem
579 3737 695 3801 reddat
721 3759 785 3821 quo
807 3760 948 3802 99999999
972 3740 1117 3821 9999919199
1144 3762 1199 3803 999
1223 3742 1226 3805 ;
1251 3761 1393 3811 mornm3
1417 3750 1475 3802 aut
1492 3736 1689 3811 mentiendo,
1714 3736 1879 3801 interdurn
1898 3739 1997 3801 etiarn
2017 3736 2226 3820 obloquendo,

222 3821 376 3905 dignatus
408 3836 475 3887 cst:
518 3844 601 3904 quac
635 3844 748 3887 corum
782 3826 867 3887 vitae
907 3826 1090 3889 neccssaria
1122 3836 1200 3888 sunt
1223 3816 1226 3907 Ι
1251 3825 1456 3890 detrahimus
1477 3846 1588 3888 eorum
1611 3824 1796 3887 commodis.
1837 3824 1929 3887 Nihil
1952 3840 2061 3889 antem
2083 3826 2226 3900 interest,

221 3908 384 3991 praebeat.
429 3909 591 3973 Parentes
611 3908 746 3987 liberos,
772 3918 808 3972 nt
831 3908 892 3974 sibi
914 3932 933 3974 9
955 3911 1026 3975 Dec
1049 3912 1199 3975 commis-
1223 3912 1226 4001 ξ
1251 3909 2228 3992 99199999991191191991999999919999199919199999999199-

222 4014 284 4069 999,
308 3992 449 4071 91999199,
472 3994 642 4077 regendos.
662 3994 823 4060 docendos
840 3997 1019 4078 suscipiant
1026 4020 1033 4074 ;
1056 4018 1116 4062 uec
1128 4018 1198 4061 999-
1223 4008 1226 4063 ;
1251 4010 1311 4069 999,
1334 4019 1378 4061 an
1400 3997 1544 4079 vulgare,
1568 3994 1709 4079 quadiu
1734 3997 1871 4078 privatis
1889 3996 2094 4061 sermonibus
2116 3997 2229 4061 fertur.

222 4080 303 4145 vitia
325 4100 437 4142 eorum
459 4082 584 4143 animos
606 4091 801 4163 exasperent
818 4096 850 4146 et
869 4104 890 4145 a
907 4105 942 4146 se
959 4092 1118 4153 99999999,
1141 4082 1198 4146 9991
1223 4066 1226 4131 l
1252 4082 1391 4164 Semper
1418 4082 1507 4146 99199
1535 4104 1573 4145 99
1600 4083 1837 4146 recurrendum
1863 4098 1926 4147 cst:
1955 4106 1996 4146 ex
2019 4083 2157 4165 singulis
2180 4085 2229 4149 vi-

222 4164 357 4229 lenitatc
380 4185 417 4228 ac
439 4164 643 4249 indulgentia
664 4189 747 4249 quae
769 4190 864 4232 suam
886 4190 1058 4250 personam
1076 4168 1197 4246 deceat,
1251 4170 1372 4233 tiorum
1403 4168 1577 4252 generibus
1605 4170 1746 4251 speeiem
1774 4191 1875 4233 nnaur
1896 4166 2133 4251 paradigmatis
2160 4169 2230 4234 loeo

171 4286 174 4291 ·
222 4271 278 4315 eos
305 4251 436 4314 foveant
464 4260 497 4314 et
525 4252 773 4334 amplectantur.
820 4253 1016 4334 Quomodo
1045 4255 1402 4338 etsnarn.propeni,
1432 4253 1473 4317 ad
1502 4275 1600 4335 qnam
1623 4267 1768 4320 caeterae
1791 4257 1989 4331 reterantur·;
2016 4276 2089 4319 eam
2118 4271 2230 4320 antem

222 4336 287 4401 illis
316 4337 559 4402 observantiam
586 4339 738 4404 911199919
760 4336 870 4403 deberi
895 4339 1116 4404 antedictum
1138 4351 1195 4404 cst.
1222 4330 1226 4357 ⁹
1250 4340 1458 4423 potissimrnn
1486 4340 1600 4423 deligi,
1633 4342 1668 4405 in
1695 4364 1760 4424 qna
1788 4343 1859 4406 vitii
1887 4341 2056 4424 turpitudo
2086 4343 2230 4406 99991999

222 4421 373 4487 19919999
391 4424 527 4488 senilem
550 4432 692 4489 aetatem
713 4436 934 4503 revereantur,
956 4435 994 4489 ut
1014 4448 1088 4490 earn
1109 4439 1197 4490 aeta-
1250 4427 1399 4491 emineat.
1441 4425 1638 4508 Quanquam
1657 4428 2230 4512 999999119999199919999999999911991

222 4514 291 4571 tem
309 4508 532 4574 honorabilem
561 4532 632 4575 esse
654 4512 816 4576 Dominus
838 4513 948 4577 voluit.
994 4511 1098 4577 Senes
1119 4535 1197 4594 quo·
1222 4478 1226 4555 1
1249 4512 2228 4597 9919999199919191919999191999191199999.9911999199999999-

223 4614 285 4675 quc
306 4594 486 4661 iuventutis
509 4597 763 4662 imbecillitatem
786 4620 844 4662 999
865 4599 1054 4682 prudentia,
1081 4611 1114 4662 99
1135 4620 1198 4681 quo
1249 4604 1363 4662 999199
1375 4601 1533 4680 pretiatis
1556 4600 1632 4681 qaia
1649 4599 1787 4663 19999919
1806 4600 1983 4663 testimonii
2002 4600 2127 4665 19191999
2143 4621 2227 4663 unn-

222 4681 327 4762 magis
349 4703 446 4762 quam
469 4683 516 4746 illi
539 4683 662 4765 pellent
682 4706 792 4748 renna
811 4707 872 4749 usu
891 4685 1108 4762 moderent-ur,
1131 4707 1198 4748 non
1249 4706 1349 4767 quarn
1370 4686 1511 4768 perimio
1534 4700 1629 4750 99999.
1666 4684 1828 4749 Ρ99199119
1848 4696 1967 4755 autern.
1990 4684 2226 4767 9199919999ὒεὶ

224 4767 346 4847 asperis
373 4767 587 4850 clamosisque
615 4771 883 4835 insectationibus
911 4794 966 4836 eos
989 4772 1196 4843 incessentes,
1250 4791 1358 4834 9999999
1375 4776 1548 4853 profanent
1569 4792 1605 4836 ne
1627 4771 1754 4848 91919991,
1783 4770 1817 4832 19
1846 4771 2000 4836 mandato
2029 4773 2125 4836 tertio
2148 4771 2226 4834 satis

223 4850 280 4913 sed
309 4862 527 4932 temperantes
554 4857 705 4921 comitate
733 4879 770 4922 99
798 4858 952 4922 1991119999
979 4859 1196 4922 severitatem.
1250 4866 1301 4920 cst
1321 4857 1496 4922 obviatum.
1529 4854 1672 4922 Proinde
1694 4854 1840 4938 legitima
1862 4860 2027 4940 praecepti
2045 4857 2227 4923 observatio

224 4930 322 4999 Servi
342 4957 377 5000 se
400 4935 441 5000 ad
459 4937 647 5021 obsequium
666 4941 795 5007 sedulos
813 4956 846 5007 et
862 4945 1042 5028 morigeros
1060 4938 1209 5007 dominis
1250 4952 1314 5021 est,
1347 4951 1385 5007 ut
1410 4945 1525 5027 lingua
1552 4943 1588 5005 in
1616 4940 1794 5006 asserenda
1820 4944 1971 5021 veritate,
2004 4946 2230 5026 proximorum

222 5028 391 5103 praestent
398 5044 406 5099 ;
428 5043 533 5103 neque
555 5025 587 5087 id
609 5026 648 5090 ad
672 5028 818 5106 oculum,
841 5030 899 5095 sed
920 5052 962 5094 er
984 5030 1199 5107 9991999999-
1250 5038 1322 5092 turn
1338 5028 1443 5095 bonae
1460 5032 1574 5102 l'amae,
1597 5034 1667 5090 tum
1689 5027 1888 5092 utilitatibus
1905 5031 2034 5093 serviat.
2068 5030 2230 5113 Aequitas

224 5125 324 5188 quam
344 5107 416 5171 Deo
437 5108 498 5190 ipsi
521 5111 708 5177 servientes.
754 5114 834 5178 Heri
855 5136 983 5198 quoque
1006 5138 1072 5180 neu
1093 5137 1199 5179 moro-
1250 5114 1447 5198 plusquam
1468 5112 1641 5190 manifesta
1662 5120 1720 5176 est.
1765 5113 1852 5178 Nam
1873 5115 1900 5178 91
1928 5115 2128 5197 quibuslibet
2155 5116 2229 5181 the-

145 5262 148 5269 ,
224 5212 277 5257 999
300 5212 336 5256 se
356 5205 390 5257 99
405 5193 627 5261 intractabiles
645 5218 724 5280 erga
741 5219 853 5264 servos
867 5212 993 5285 gerant,
1016 5223 1083 5266 nen
1105 5222 1199 5284 aspe-
1251 5202 1357 5266 scuris
1384 5199 1556 5284 pretiosius
1584 5206 1635 5263 est
1662 5220 1782 5265 nomeu
1803 5200 1939 5279 benum,
1969 5202 2073 5266 nihile
2102 5203 2230 5268 minore
