4672 5842
162 315 225 376 811

162 498 383 580 conspicitur?
419 493 603 576 Quidquid,
634 517 699 558 non
726 493 797 559 dice
820 493 861 559 ad
884 495 1023 576 priscam
1050 495 1141 559 illam

162 584 398 666 frugalitatem,
427 582 484 646 sed
507 581 549 645 ad
576 581 749 645 honestam
771 581 913 662 aliquam
935 580 1140 645 mediocrita-

162 680 229 734 tem
248 675 298 731 est
316 669 540 749 compositum,
561 668 732 749 respuitur.
762 666 856 730 Nihil
874 667 1005 730 omnino
1024 667 1138 747 placet,

162 756 224 820 nisi
253 754 338 835 quod
365 754 482 817 lurum
511 764 544 817 et
572 765 755 833 temporum
782 752 1001 833 corruptelam
1024 755 1137 834 sapiat.

161 841 298 905 Interim
319 849 447 904 tantum
470 842 562 904 abest
580 848 616 902 ut
637 835 787 902 vivorum
805 839 1003 919 templorum
1020 839 1140 903 iustam

162 927 306 991 habeant
334 948 462 999 euram,
496 935 534 989 ut
559 924 667 1007 potius
694 924 800 987 multa
826 945 1006 1007 pauperum
1036 925 1140 988 millia

162 1013 248 1077 sanie
278 1013 383 1093 perire
411 1013 539 1093 passuri
567 1012 646 1087 siut,
677 1030 775 1090 quain
802 1011 977 1074 minimum
1007 1011 1140 1074 calicem

161 1110 219 1163 aut
246 1098 413 1162 urceolum
440 1097 649 1179 confringant
676 1093 718 1159 ad
752 1096 896 1176 inopiam
923 1118 1036 1160 eorum
1064 1097 1153 1161 snb·

162 1184 345 1250 levandam.
391 1184 441 1247 Ne
464 1182 541 1263 quid
564 1183 697 1265 gravius
719 1202 738 1243 a
761 1203 813 1245 nie
832 1183 908 1263 ipso¹
921 1184 1138 1264 pronuntiem,

163 1271 224 1334 hoe
254 1278 381 1334 tantum
410 1270 478 1349 pios
510 1269 646 1333 lectores
674 1268 816 1349 cogitare
847 1268 959 1332 velim:
995 1269 1022 1331 si
1053 1290 1139 1332 nime

162 1357 368 1453 Exuperium
395 1354 489 1417 illum
512 1354 645 1418 Tolosae
672 1355 874 1435 episcopum,
903 1362 1000 1435 quein
1027 1355 1139 1417 retuli-

162 1464 260 1514 mns·
269 1442 296 1506 si
318 1440 480 1514 Aeaeum,
504 1441 533 1502 si
550 1439 770 1512 Ambrosium,
795 1447 851 1503 aut
838 1440 1009 1503 tsimilem
1027 1461 1139 1537 quem·

162 1529 251 1611 piam
283 1526 418 1590 excitari
448 1549 467 1589 ι
498 1527 637 1589 mortuis
671 1526 854 1623 contingat,
890 1526 1047 1606 quidnam
1074 1527 1140 1588 sint

164 1612 304 1678 dicturi?
340 1611 438 1676 (lerte
465 1633 529 1676 non
550 1610 750 1694 probabunt,
778 1613 813 1673 in
843 1618 933 1674 tanta
959 1633 1140 1693 pauperina

163 1699 364 1773 necessitate,
387 1698 479 1779 quasi
502 1699 682 1779 superfluas
704 1718 781 1777 opes
799 1697 862 1760 alio
881 1697 1059 1762 transferri.
1094 1698 1141 1762 Ut

162 1791 296 1858 taceam,
320 1783 380 1847 hos
403 1805 481 1848 usus
504 1784 621 1864 quibus
644 1782 886 1863 impenduntur,
911 1783 1038 1848 etiamsi
1057 1783 1140 1847 nulli

162 1871 230 1935 sint
247 1890 414 1951 pauperes,
438 1868 552 1932 multis
571 1867 674 1932 modis
692 1869 816 1942 noxios,
841 1868 936 1933 utiles
955 1869 1141 1933 veronulla

162 1976 205 2020 ex
238 1964 331 2038 parte
362 1976 441 2018 esse.
492 1953 560 2019 Sed
588 1954 735 2018 hemines
768 1956 890 2018 omitte.
938 1955 1031 2019 Bona
1060 1955 1140 2019 haec

162 2041 297 2107 Christo
331 2052 408 2105 sunt
439 2039 563 2119 dicata;
597 2042 667 2105 eius
700 2040 809 2122 itaque
843 2042 977 2104 arbitrio
1010 2040 1140 2122 dispen-

162 2127 266 2193 sanda
288 2135 373 2191 sunt.
411 2127 552 2191 Frustra
570 2136 680 2191 autem
702 2133 830 2207 partem
850 2126 935 2191 hane
958 2128 1140 2209 impensam

163 2212 296 2278 Christo
325 2212 446 2287 ferent,
474 2233 573 2293 quam
600 2227 730 2294 praeter
752 2212 821 2275 eius
850 2210 1043 2276 mandatum
1066 2234 1140 2294 pro-

163 2299 326 2363 fuderunt
362 2296 572 2378 Quanquam,
591 2306 629 2362 ιιι
651 2319 767 2362 verum
784 2299 896 2373 lateat,
915 2320 981 2361 nou
999 2298 1140 2362 multum

164 2385 205 2449 de
223 2383 387 2448 ordinario
404 2383 558 2448 eeclesiae
576 2383 683 2448 reditu
701 2382 754 2447 his
772 2385 956 2465 sumptibus
972 2382 1139 2448 deciditur.

163 2470 256 2535 Nulli
284 2470 371 2533 enim
401 2480 478 2534 sunt
505 2477 573 2532 tam
601 2469 747 2552 opulenti
780 2470 997 2552 episcopatus,
1030 2470 1140 2534 nullae

162 2562 231 2621 tam
264 2556 391 2637 opimae
430 2555 593 2631 abbatiae,
634 2555 726 2619 nulla
760 2555 899 2637 denique
933 2574 1038 2638 neque
1072 2564 1140 2620 tam

161 2643 268 2706 multa
286 2662 390 2722 neque
408 2648 477 2704 tam
500 2642 609 2724 ampla
631 2641 820 2719 sacerdotia,
842 2663 925 2723 quae
943 2642 984 2706 ad
1006 2643 1140 2724 explen-

162 2727 239 2793 dam
261 2727 467 2792 sacerdotum
488 2728 671 2810 ingluviem
691 2728 862 2792 sufficiant.
908 2729 1035 2792 Verum
1062 2729 1140 2792 dum

162 2814 225 2878 sibi
248 2813 363 2879 volunt
385 2834 526 2895 parcere,
550 2814 706 2895 populum
727 2815 957 2895 superstitione
980 2814 1141 2879 inducunt

162 2910 200 2965 ut
222 2900 307 2981 qnod
328 2910 399 2963 erat
417 2900 450 2963 iu
469 2920 628 2982 pauperes
646 2899 857 2982 erogandum,
881 2900 923 2964 ad
941 2900 1141 2965 exstruenda

163 2986 300 3067 templa,
329 2985 371 3049 ιιι
392 2985 564 3069 erigendas
591 2995 730 3063 statuas,
760 2986 801 3050 ad
823 2985 961 3051 emenda
982 3008 1075 3064 vasa,
1099 2986 1140 3050 ad

162 3074 321 3154 pretiosas
348 3081 456 3136 vestes
483 3072 718 3154 comparandas
746 3080 946 3137 convertant.
998 3072 1052 3136 Ita
1079 3073 1140 3138 hoc

164 3157 294 3240 gurgite
315 3156 522 3238 quotidianae
544 3158 769 3241 eleemosynae
791 3158 1019 3223 absumuntur.

253 3245 300 3306 ia.
346 3242 398 3305 De
418 3242 528 3307 reditu
545 3265 642 3325 quem
661 3266 703 3307 ex
724 3245 812 3325 agris
830 3254 863 3308 et
885 3246 1140 3326 possessionibus

162 3329 363 3412 percipiunt,
391 3328 468 3409 quid
496 3329 585 3393 aliud
614 3330 719 3393 dicam
747 3351 845 3411 quam
867 3329 1041 3412 quodiam
1061 3330 1139 3408 diiii,

163 3422 196 3479 ιι
223 3426 274 3479 ιιι
300 3422 376 3478 ante
404 3416 551 3479 omnium
573 3415 704 3481 ocules?
747 3416 930 3481 Maximam
957 3418 1139 3499 portionem

163 3499 312 3564 videmus
333 3521 398 3581 qua
411 3499 476 3565 fide
489 3501 728 3580 administrent,
749 3503 804 3584 qui
822 3502 963 3584 episcopi
982 3512 1140 3569 vocantur

162 3602 197 3649 et
214 3586 355 3650 abbates.
391 3584 484 3667 Quae
501 3588 629 3652 insania
645 3597 695 3652 est
717 3587 971 3654 ecclesiasticum
993 3589 1140 3653 ordinem

162 3671 216 3736 hic
228 3672 404 3752 quaerere?
428 3675 483 3737 An
501 3675 537 3737 in
556 3675 700 3738 satellitii
718 3696 863 3748 numero,
883 3674 1013 3739 aedium
1031 3675 1139 3757 splen-

161 3757 254 3834 dore,
283 3760 422 3823 vestitus
444 3766 477 3823 et
504 3760 674 3841 epularum
697 3760 835 3836 deliciis,
856 3762 1043 3843 principum
1069 3761 1139 3825 lau·

160 3844 251 3908 titias
283 3844 442 3909 aemulari
469 3867 524 3911 θοι
557 3846 707 3920 decebat,
741 3868 879 3927 quorum
913 3848 1016 3912 vitam
1044 3867 1138 3929 opor-

160 3936 270 3993 tuerat
292 3930 457 4012 singulare
475 3932 682 4014 frugalitatis,
701 3932 889 4009 modestiae,
908 3932 1138 4009 continentiae,

162 4014 358 4079 humilitatis
385 4039 455 4081 esse
488 4018 681 4098 exemplar?
735 4016 907 4098 Quantum
936 4026 970 4082 et
1003 4018 1065 4082 hec
1098 3984 1138 4083 ali

161 4121 274 4164 eorum
296 4102 400 4165 officio
422 4104 619 4167 abhorrebat
641 4125 721 4185 ques
744 4111 915 4167 aeternum
937 4104 1138 4169 inviolabile-

160 4207 225 4270 que
247 4188 310 4250 Dei
333 4186 476 4253 edictum
498 4192 602 4271 turpis
625 4190 706 4254 lueri
734 4197 923 4271 appetentes
946 4212 1016 4255 esse
1038 4196 1137 4267 votat,

160 4283 195 4337 et
227 4273 366 4355 simplici
393 4276 460 4339 vict
447 4283 482 4338 tu
515 4285 684 4340 contentos
712 4297 782 4340 esse
809 4276 914 4354 iubet,
949 4297 1016 4339 non
1041 4275 1138 4340 modo

160 4360 240 4423 vicis
263 4373 297 4423 et
317 4361 446 4424 arcibus
468 4382 602 4429 manum
624 4362 766 4435 iniicere,
790 4362 873 4425 sed
865 4384 900 4424 in
922 4362 1137 4444 amplissimas

160 4446 320 4527 satrapias
345 4446 507 4523 involare,
527 4447 703 4511 demum
695 4447 832 4529 imperia
859 4448 929 4528 ipsa
956 4448 1136 4532 occupare?

161 4528 201 4596 Si
223 4532 360 4596 verbum
383 4531 445 4596 Dei
469 4541 699 4610 contemnunt,
727 4533 804 4613 quid
832 4534 1075 4615 respondebunt
1061 4534 1138 4598 tad

159 4627 291 4681 vetusta
311 4617 369 4680 illa
391 4617 589 4701 synodorum
617 4619 747 4684 decreta
769 4619 886 4700 quibus
907 4622 1077 4697 statuitur,
1100 4629 1150 4684 ut

160 4704 329 4786 episeopus
352 4724 415 4767 non
434 4706 546 4786 procul
565 4706 605 4768 ab
627 4705 761 4770 ecclesia
780 4705 992 4787 hospitiolum
1009 4706 1136 4781 habeat,

160 4789 261 4852 vilem
287 4810 450 4865 mensam,
478 4801 511 4854 et
537 4791 781 4873 supellectilem.
801 4791 825 4872 ¹)
870 4791 958 4871 Quid
987 4791 1029 4855 ad
1054 4790 1137 4854 illud

811 305 1075 371 INSTITUTIO
1100 306 1204 372 REL.
1228 305 1408 372 ciiiilsr.
1437 311 1526 371 1559.

2080 315 2175 376 ,812

1193 495 1275 558 forte
1294 494 1379 576 quod
1398 494 1623 578 Hieronymus
1639 494 1822 576 Nepotiane
1840 497 2007 579 praecipit,
2027 509 2064 561 ut
2082 520 2177 563 men-

1193 581 1298 644 sulam
1320 581 1391 645 eius
1413 602 1572 662 pauperes
1594 589 1627 644 et
1647 583 1811 663 peregrini
1834 592 1961 648 etcum
1986 583 2052 648 illis
2076 584 2177 649 Chri-

1193 674 1263 731 stus
1291 667 1441 732 convivia
1458 665 1482 748 ι)
1510 667 1652 743 noverit,
1687 678 1845 749 tauquam
1874 670 1972 732 nimis
2006 686 2178 735 austerum

1193 752 1421 833 repudiabunt
1472 753 1598 816 Verum
1627 752 1713 834 quod
1739 754 1850 817 statim
1878 756 2010 820 subiicit
2038 756 2178 838 pudebit

1193 858 1248 901 eos
1271 838 1413 914 diffiteri,
1437 838 1574 936 gloriam
1591 861 1662 902 esse
1685 839 1835 937 episcopi,
1858 862 2042 922 pauperum
2060 843 2178 940 opibus

1193 924 1381 1006 previdere;
1400 925 1616 1007 ignominiam
1634 926 1780 988 omnium
1799 926 2011 1004 sacerdotum,
2031 930 2176 1010 propriis

1192 1008 1323 1073 studere
1344 1009 1473 1073 divitiis.
1511 1010 1584 1074 Hoc
1605 1017 1716 1074 autem
1738 1013 1881 1093 recipere
1903 1024 2079 1094 nequeunt,
2094 1017 2176 1096 quin

1193 1117 1228 1159 se
1250 1118 1362 1159 omncs
1386 1096 1584 1177 ignominiae
1607 1096 1833 1161 condemnent
1871 1097 1938 1163 Sed
1957 1122 2022 1162 nori
2045 1113 2097 1164 est
2118 1123 2177 1165 ne-

1193 1203 1281 1246 cesse
1304 1181 1418 1245 durius
1441 1183 1494 1246 hic
1517 1203 1571 1245 eos
1594 1183 1753 1264 persequi
1777 1205 1879 1265 quum
1902 1185 1984 1248 nihil
2008 1185 2099 1248 aliud
2118 1210 2176 1250 vo·

1192 1268 1309 1331 luerim
1322 1288 1418 1347 quain
1443 1266 1675 1345 demonstrare,
1699 1269 1807 1332 sublat
1794 1277 1865 1333 tum
1886 1292 1956 1334 esse
1978 1272 2176 1354 iampridem

1193 1352 1232 1417 dc
1254 1353 1361 1416 medio
1385 1352 1500 1434 apud
1492 1375 1579 1434 ipsos
1600 1319 1785 1436 legiliiuuin
1803 1355 1990 1421 diaconatus
2012 1358 2175 1436 ordinem,

1193 1460 1233 1503 ιιι
1261 1438 1400 1520 amplius
1428 1439 1489 1501 lioc
1517 1439 1647 1502 titulo
1641 1438 1682 1502 ad
1715 1440 1868 1505 ecclesiae
1897 1463 1974 1506 suae
2008 1466 2176 1508 commen-

1127 1523 1357 1588 tdatienom
1386 1524 1583 1606 superbiant.
1630 1524 1727 1606 Quod
1749 1548 1801 1590 me
1824 1526 1952 1592 abunde
1979 1529 2095 1594 iecisse
2117 1552 2176 1594 ex·

1192 1610 1310 1673 istimo.

1547 1919 1699 1986 cirus
1722 1920 1817 2006 Via)

1348 2097 1415 2177 De
1447 2096 1634 2207 primatu
1664 2127 1860 2180 romanae
1894 2099 2017 2181 sedis.

1283 2303 1308 2360 l.
1354 2298 1524 2364 Hactenus
1546 2318 1601 2362 eos
1623 2300 1847 2363 recensuimus
1868 2300 2021 2365 ecelesiae
2043 2303 2173 2368 ordines

1193 2384 1247 2466 qui
1276 2384 1311 2446 in
1339 2385 1459 2449 vetoris
1487 2385 1640 2450 eeclesiae
1669 2385 1904 2482 gubernatione
1931 2388 2082 2465 fuerimt,
2115 2389 2172 2454 sed

1192 2477 1305 2568 pastea
1327 2470 1527 2569 temporibus
1550 2470 1709 2552 corrupti,
1732 2472 1837 2554 magis
1860 2471 1976 2537 deinde
2005 2494 2042 2538 ae
2067 2478 2173 2558 magis

1193 2556 1315 2633 vitiati,
1350 2578 1437 2621 nune
1470 2557 1503 2619 in
1535 2556 1671 2621 ecclesia
1704 2557 1810 2638 papali
1842 2559 1976 2622 titulum
2010 2558 2174 2626 duntaxat

1192 2643 1352 2717 retinent,
1382 2663 1417 2706 rc
1444 2662 1523 2707 vera
1551 2642 1633 2705 nihil
1661 2641 1750 2705 aliud
1773 2651 1852 2707 sunt
1873 2666 1970 2725 quam
1989 2644 2110 2723 larvae,
2137 2655 2174 2710 ut

1193 2748 1235 2791 ex
1261 2729 1502 2810 comparatione
1531 2727 1692 2793 iudicaret
1719 2730 1792 2810 pius
1820 2730 1922 2794 lector
1951 2730 2077 2811 qualem
2108 2731 2172 2796 ha·

1192 2812 1292 2879 beant
1313 2814 1482 2879 ecelesiam
1504 2813 1743 2892 Romanenses,
1767 2815 1801 2878 in
1825 2816 1915 2880 euius
1936 2815 2074 2898 gratiam
2095 2839 2171 2882 reos

1193 2899 1379 2964 schismatis
1397 2921 1457 2964 nos
1475 2899 1610 2976 faciunt,
1629 2901 1785 2982 queniam
1804 2901 1845 2965 ab
1863 2922 1901 2965 ea
1918 2901 2172 2969 discesserimus.

1194 2984 1304 3067 Oaput
1335 2997 1446 3050 autem
1474 3006 1511 3050 ac
1533 2986 1702 3068 fastigium
1729 2988 1829 3051 tetius
1858 2987 1995 3065 ordinis,
2024 2989 2089 3051 hoe
2112 2999 2172 3067 est,

1191 3073 1368 3154 primatum
1390 3091 1543 3136 romanae
1565 3070 1664 3150 sedis,
1693 3071 1780 3137 unde
1802 3073 1940 3155 probare
1969 3074 2174 3140 contendunt

1192 3179 1291 3239 penes
1314 3180 1348 3222 se
1370 3157 1454 3222 solos
1475 3177 1545 3221 esse
1572 3158 1765 3222 catholicam
1790 3159 1973 3237 ecclesiam,
2002 3182 2071 3225 nen
2098 3163 2174 3226 atti·

1193 3244 1316 3326 gimus,
1345 3243 1423 3325 quia
1449 3264 1553 3324 neque
1583 3266 1624 3308 ex
1654 3243 1780 3309 Christi
1807 3246 1971 3324 instituto,
2001 3268 2109 3328 neque
2132 3270 2172 3312 er

1192 3330 1346 3394 ecclcsiae
1369 3331 1489 3394 veteris
1513 3353 1574 3394 usu
1597 3331 1737 3412 sumpsit
1757 3332 1931 3413 originem,
1962 3343 2000 3395 ut
2021 3332 2097 3398 illae
2120 3355 2173 3398 sii·

1191 3417 1335 3496 perieras
1357 3426 1480 3498 partes,
1508 3438 1589 3498 quas
1617 3416 1819 3481 ostendimus
1841 3418 1887 3480 ita
1908 3417 1949 3481 ab
1977 3420 2173 3501 antiquitate

1192 3509 1280 3565 ortas
1309 3523 1393 3578 esse,
1422 3511 1459 3565 ut
1485 3510 1669 3584 temporum
1692 3503 1770 3567 vitio
1792 3525 1925 3585 prorsus
1953 3503 2173 3587 degenerave-

1192 3588 1274 3666 rint,
1307 3588 1373 3651 imo
1405 3608 1538 3670 prorsus
1568 3609 1688 3652 novam
1720 3589 1859 3652 sormam
1892 3588 2072 3656 induerint.
2128 3593 2172 3656 Et

1191 3680 1302 3738 tamen
1324 3674 1521 3757 persuadere
1547 3673 1669 3738 mundo
1697 3684 1816 3739 conant
1817 3698 1870 3755 ιιι,
1900 3675 1962 3741 hoe
1984 3699 2057 3742 esse
2078 3699 2172 3774 prae-

1192 3760 1325 3842 cipuum
1345 3782 1382 3826 ae
1405 3781 1504 3842 prope
1527 3762 1660 3828 unicum
1682 3761 1916 3826 ecclesiasticae
1939 3764 2076 3828 unitatis
2096 3765 2171 3826 viii-

1192 3845 1332 3931 culum,
1351 3847 1380 3911 si
1408 3867 1560 3910 romanae
1588 3846 1656 3912 sedi
1684 3846 1936 3925 adhaereamus,
1972 3869 2009 3914 ac
2037 3851 2073 3912 in
2100 3850 2172 3914 eius

1192 3930 1374 3996 obedientia
1392 3953 1649 4014 perseveremus.
1694 3933 1808 4011 Hae,
1800 3954 1943 4016 inquam,
1967 3934 2091 3999 fultura
2117 3957 2175 4018 po-

1191 4017 1358 4082 tissimum
1385 4019 1549 4094 nituntur,
1579 4040 1681 4100 quum
1708 4018 1802 4083 nohis
1830 4020 1999 4085 eeclesiam
2027 4021 2176 4086 adimere

1191 4104 1307 4168 etsibi
1326 4103 1499 4168 vendicare
1517 4069 1641 4183 volunt,
1665 4104 1751 4252 quod
1768 4107 1914 4170 retinent
1933 4112 2028 4187 caput
2045 4126 2086 4168 eii
2106 4129 2176 4188 quo

1190 4188 1311 4271 pendet
1332 4188 1486 4254 eeclesiae
1507 4190 1625 4268 unitas,
1648 4197 1681 4255 et
1702 4193 1857 4273 sineque
1880 4191 2016 4257 dissilire
2035 4212 2111 4255 eam
2135 4213 2174 4259 ae

1191 4275 1349 4356 disrumpi
1378 4296 1510 4340 neeesse
1540 4283 1597 4340 est.
1577 4274 1707 4341 isio
1734 4278 1822 4341 enim
1845 4279 2045 4355 existimant,
2068 4280 2175 4344 ecele-

1190 4362 1273 4426 siam
1290 4381 1408 4444 eorpus
1425 4383 1496 4426 esse
1516 4362 1752 4445 quodammodo
1774 4364 1930 4428 mutilum
1947 4386 1985 4429 ae
2006 4372 2173 4443 truncum,

1191 4448 1255 4512 nisi
1272 4468 1426 4512 romanae
1444 4448 1522 4525 sedi,
1544 4456 1701 4530 tauquam
1721 4449 1829 4532 capiti,
1853 4450 1896 4513 sit
1914 4450 2067 4516 subiecta.
2104 4452 2174 4516 Ita-

1190 4555 1253 4615 que
1275 4533 1435 4615 quamde
1457 4533 1641 4599 hierarchia
1663 4557 1723 4598 sua
1744 4535 1921 4617 disputant,
1945 4538 1986 4600 ab
2006 4537 2068 4604 hoc
2086 4559 2174 4602 sein·

1189 4640 1248 4701 per
1278 4620 1440 4683 axiomata
1467 4632 1602 4686 sumunt
1628 4621 1813 4685 exordium:
1838 4644 2012 4687 romanum
2040 4625 2174 4706 pontifi·

1189 4726 1268 4783 cem,
1291 4714 1448 4787 tanquam
1470 4706 1604 4783 Christi,
1627 4708 1682 4788 qui
1704 4717 1801 4788 caput
1823 4717 1873 4773 est
1894 4709 2059 4787 ecelesiae,
2083 4711 2174 4774 vica·

1189 4793 1290 4869 rium,
1314 4794 1383 4857 eius
1406 4792 1474 4858 loeo
1496 4794 1650 4859 eeclesiae
1672 4795 1849 4858 universali
1878 4795 2080 4877 praesidere,
2111 4818 2172 4862 nco

160 4874 279 4958 synodi
311 4876 518 4956 aquileiensis
550 4877 711 4961 elogium,
749 4898 811 4959 quo
845 4878 880 4939 in
917 4876 1137 4943 sacerdotibus
1203 4952 1209 4955 ,
1242 4951 1261 4955 Η
1275 4951 1296 4956 .„
1334 4951 1395 4956 m

160 4959 298 5024 Domini
324 4961 467 5043 gloriosa
487 4972 663 5047 paupertas
684 4962 910 5046 praedicatur?
945 4963 1031 5027 Nam
1056 4963 1137 5029 illud

231 5232 260 5292 1)
278 5235 377 5288 Concil.
397 5237 517 5303 carthag.
535 5237 584 5289 Ν.
604 5254 625 5289 e.
646 5237 680 5289 14
698 5250 724 5288 et
744 5235 784 5288 15.

1258 5030 1381 5098 iisse
1370 5034 1426 5099 ipsi
1442 5033 1507 5085 libri
1523 5032 1648 5085 authent
1625 5033 1674 5086 tici
1690 5040 1715 5086 et
1731 5035 1893 5088 recentiores
1915 5035 1973 5100 sere
1996 5052 2106 5103 eniam
2130 5054 2172 5091 ee·

1189 5117 1250 5153 ram
1258 5032 1378 5154 1ιιιιιιιιιο
1396 5102 1419 5154 le
1437 5101 1548 5154 eadum.
1573 5102 1700 5156 ιοιιιιιις
1718 5105 1758 5155 ei'e
1776 5119 1879 5184 qaoque
1902 5104 2048 5160 comedant
2068 5078 2173 5161 Abitu-

1188 5169 1353 5223 loclcmenei‘s
1371 5175 1395 5220 et
1418 5118 1625 5223 lactatam
1701 5169 1730 5236 2)
1752 5171 1805 5238 Bet
1807 5174 1921 5228 matur
1943 5174 1988 5228 liic
2012 5191 2084 5247 qaae
2109 5178 2174 5231 otim

1186 5236 1348 5302 fuerant&
1369 5236 1488 5303 Vilis
1490 5237 1618 5292 ati-88
1636 5245 1661 5292 et
1678 5173 1805 5294 91-1oi
