4672 5842
203 321 208 335 ·
245 307 309 369 679
894 295 1161 365 ῙΝΒΤΙΤΠΤΙΟ
1182 297 1288 364 Rau.
1311 295 1489 363 olimst.
1512 301 1603 360 1559.
1915 366 1928 392 s
2110 302 2121 319 '
2187 292 2252 354 680

248 493 318 558 vini
340 490 450 554 iudicii
477 489 616 554 altitudo
644 510 679 553 se
700 490 830 571 profert.
876 488 946 552 Nec
968 487 1057 550 enim
1079 484 1224 563 dubium,
1277 491 1367 550 turns
1395 487 1535 569 3933331,
1568 485 1645 564 quia
1677 486 1757 547 miro
1791 488 1921 562 utreque
1948 481 2036 544 modo
2068 480 2142 544 latet
2168 479 2253 542 intra

248 580 329 661 quin
356 584 509 639 aeternae
538 576 603 639 Dei
631 575 784 640 electionis
816 574 951 637 arbitrio
985 573 1067 637 bueo
1099 593 1226 654 quoque
1275 574 1430 656 menium
1451 572 1555 635 beatem
1583 568 1900 650 praedestinationis,
1933 573 1961 630 et
1992 569 2077 630 mnu
2113 584 2254 628 masam

247 664 391 729 sanetas
412 662 543 726 serviat
578 659 676 741 Quod
699 662 726 724 si
748 660 857 744 palam
879 668 929 724 est
950 659 1016 722 Dei
1037 666 1122 722 nutu
1143 658 1225 735 fieri,
1277 660 1410 723 miserae
1448 657 1667 723 damnationis.
1724 653 1792 720 Sed
1830 665 2004 735 antequam
2038 671 2109 714 rem
2147 651 2253 733 ipsam

248 755 287 814 ut
308 748 381 812 aliis
403 747 491 811 ultro
514 749 671 811 sileretur
692 746 794 820 salus,
824 746 879 810 alii
904 745 945 809 ab
968 747 1038 809 eius
1060 742 1152 808 aditu
1174 765 1226 808 ar·
1278 744 1462 828 ingredior,
1491 764 1566 808 cum
1596 741 1718 823 duplici
1746 741 1919 804 hominum
1946 758 2065 822 genere
2093 736 2177 800 mihi
2205 737 2253 801 bi-

248 842 399 912 ceautur,
428 833 482 898 bie
509 854 649 915 magnae
679 841 711 895 et
738 832 861 895 arduae
883 832 1032 913 protinus
1054 837 1228 913 emergunt
1278 832 1394 895 fariam
1428 828 1642 913 praefandum
1677 837 1735 891 est.
1787 826 2053 907 Disputationem
2086 822 2126 887 dc
2160 843 2267 905 prae·

248 921 471 1003 quaestiones,
499 939 583 1000 quae
611 919 706 982 aliter
732 918 889 998 explicari
916 924 1098 997 nequeunt,
1128 935 1227 996 quam
1279 917 1509 994 destinatione,
1537 934 1638 997 quum
1660 934 1718 996 per
1740 935 1774 976 sc
1796 912 1841 977 sit
1862 911 2065 993 aliquantum
2086 908 2254 990 impedite,

249 1007 277 1072 si
302 1005 342 1068 de
365 1005 521 1070 electione
551 1027 588 1069 ac
610 1003 907 1086 praedestinatione
929 1003 1146 1067 constitutum
1167 1001 1227 1065 ha·
1277 1001 1374 1067 valde
1394 1001 1584 1084 perplexam
1608 1009 1705 1082 atque
1727 998 1807 1064 adeo
1828 996 2043 1082 periculosam
2066 992 2176 1063 reddit
2195 993 2254 1059 ho-

248 1091 348 1156 beant
368 1092 441 1173 piae
463 1100 588 1154 mentes
611 1088 697 1171 quod
723 1098 837 1152 tencre
859 1089 1021 1152 convenit.
1063 1086 1227 1168 Perplena,
1279 1090 1407 1153 minum
1440 1088 1622 1153 euriositas:
1665 1107 1749 1167 quae
1783 1083 1881 1148 nullis
1913 1080 2079 1165 repagulis
2109 1079 2255 1146 cohiberi

249 1182 284 1242 ut
305 1177 415 1241 multis
437 1177 574 1253 uidetur,
601 1176 753 1257 quaestio:
778 1175 857 1255 quia
877 1173 958 1237 nilul
978 1175 1084 1236 miuus
1105 1194 1229 1238 cousen-
1279 1183 1401 1258 potest,
1430 1175 1509 1255 quin
1533 1183 1566 1235 et
1584 1172 1619 1234 in
1643 1172 1760 1235 vetitas
1783 1169 1936 1254 ambages
1959 1176 2130 1249 evagetur,
2158 1175 2192 1229 et
2219 1166 2256 1229 in

248 1269 373 1328 laneum
389 1268 513 1343 putant,
535 1281 631 1341 quam
648 1281 686 1324 ea
695 1262 851 1324 communi
863 1260 1024 1323 leontinum
1040 1259 1132 1322 turba
1148 1259 1229 1322 alios
1280 1260 1419 1326 sublime
1446 1280 1481 1322 se
1509 1257 1682 1340 proripiat,
1705 1256 1805 1329 nihil,
1832 1257 1859 1320 si
1882 1255 1991 1329 liceat,
2016 1254 2142 1325 arcam,
2170 1251 2256 1334 quod

250 1349 451 1424 adsalutem,
472 1347 611 1411 aliosad
629 1346 1044 1426 interitumpraedestiuari.
1074 1344 1114 1410 Ut
1125 1351 1228 1408 autem
1280 1368 1347 1410 non
1380 1354 1544 1411 scrutetur
1574 1353 1670 1426 atque
1698 1342 1847 1419 evolvat,
1883 1339 1956 1405 Deo
1990 1338 2152 1404 relictura
2213 1337 2254 1400 In

243 1454 414 1516 perperam
435 1453 467 1496 33
489 1433 552 1512 ipsi
573 1433 758 1512 impediant,
787 1451 826 1495 ea
847 1436 985 1494 eorutcatu
1004 1436 1111 1511 postea
1132 1430 1228 1510 lique·
1281 1433 1365 1497 hano
1399 1431 1569 1496 audaciam
1596 1438 1630 1491 et
1656 1427 1898 1511 improbitatem
1928 1447 2028 1508 quum
2057 1425 2177 1488 multos
2206 1423 2255 1488 ri·

247 1520 301 1584 bit.
331 1519 423 1584 Adde
444 1518 524 1598 quod
546 1518 581 1580 in
602 1519 674 1598 ipsa
691 1538 772 1598 quae
792 1523 885 1581 terret
901 1517 1040 1599 calipius,
1063 1537 1124 1579 uon
1140 1516 1229 1579 undo
1280 1518 1414 1583 dcamus
1435 1517 1557 1598 passim
1576 1537 1680 1593 ruere,
1703 1525 1736 1579 et
1758 1516 1790 1578 in
1813 1515 1853 1579 iis
1875 1512 2031 1594 quosdam
2049 1510 2172 1593 alioqui
2189 1530 2256 1573 non

251 1607 375 1671 utilitas
397 1604 491 1666 leuius
513 1605 679 1682 doetrinae,
702 1604 756 1669 sed
775 1603 987 1667 suumssimus
1007 1606 1229 1683 1331131133-
1280 1604 1398 1679 malos,
1429 1611 1610 1684 opportune
1632 1600 1829 1664 admonendi
1850 1611 1942 1669 sunt,
1970 1598 2043 1680 quis
2071 1597 2115 1660 sit
2136 1598 2173 1659 in
2195 1595 2257 1659 hac

191 1706 195 1713 '
249 1696 302 1755 tus
322 1711 355 1755 se
370 1690 501 1770 profert.
547 1689 722 1769 Nunquam
742 1689 877 1769 liquido,
904 1694 940 1751 ut
960 1689 1054 1765 duct,
1079 1689 1229 1769 persuasi
1280 1698 1373 1773 parte
1400 1689 1497 1753 officii
1524 1688 1576 1752 sui
1597 1685 1721 1751 modus.
1764 1686 1915 1751 Primum
1938 1706 2016 1767 ergo
2038 1682 2256 1756 meminerint

249 1778 369 1841 erinrus
384 1775 666 1839 sdrdunnostram
683 1776 814 1856 oufente
823 1775 981 1857 undredan
996 1774 1230 1838 311333133331133
1280 1777 1315 1840 in
1337 1773 1666 1857 praedestinationem
1690 1771 1768 1836 dum
1791 1772 1978 1854 inquirunt,
2007 1791 2042 1834 se
2069 1769 2103 1832 in
2125 1766 2257 1831 (1131333

249 1861 314 1926 Dei
331 1863 444 1940 fluere,
465 1861 558 1924 donee
580 1860 748 1924 innotuerit
767 1861 855 1924 nobis
877 1865 1002 1925 33133133
1022 1862 1090 1924 eius
1113 1859 1230 1924 electio:
1281 1863 1458 1943 sapientiae
1485 1859 1586 1942 adyta
1606 1868 1793 1940 penetrare,
1827 1878 1890 1940 quo
1923 1859 1951 1921 si
1979 1856 2051 1937 quis
2079 1875 2190 1919 secure
2218 1875 2257 1916 ae

250 1968 329 2031 quae
343 1947 402 2011 lrac
416 1947 644 2027 memoratione
656 1946 795 2028 qratiam
813 1945 877 2010 Dei
897 1947 1045 2023 illustrat,
1066 1947 1148 2027 qued
1169 1965 1230 2007 non
1281 1947 1484 2012 confidenter
1510 1954 1715 2028 prorumpat,
1744 1964 1805 2008 nee
1827 1964 1892 2025 quo
1920 1953 2013 2008 suam
2036 1939 2257 2006 curiositatem

77 2002 82 2017 Ι
128 2052 131 2057 ·
250 2053 354 2098 omnes
363 2033 542 2113 3333113313
558 2032 685 2112 adoptat
698 2033 734 2095 in
749 2052 836 2110 span
853 2032 977 2108 3313113,
1000 2031 1054 2094 sod
1076 2033 1130 2096 dat
1152 2031 1231 2095 aliis
1281 2034 1378 2097 satiet
1399 2040 1603 2113 assequetur,
1627 2041 1660 2094 et
1684 2029 1910 2114 labyrinthum
1937 2027 2142 2111 ingredietur
2165 2027 2257 2090 euius

249 2119 331 2200 quod
352 2119 430 2183 aliis
446 2121 543 2200 necat.
578 2117 688 2181 Huius
703 2117 860 2198 principii
883 2118 1062 2199 1133331113
1078 2121 1230 2198 quartum
1281 2119 1411 2183 nullum
1439 2119 1580 2200 reperiet
1607 2117 1743 2181 exitum.
1788 2115 1903 2197 Neque
1925 2116 2013 2178 enim
2035 2134 2176 2194 aequum
2198 2120 2256 2188 est,

249 2205 408 2287 33913313
426 2203 491 2269 Dei
515 2205 693 2279 inuninuut,
717 2208 869 2282 quantum
891 2224 980 2267 33333
996 2202 1230 2267 bumilitatide
1281 2213 1321 2268 nt
1341 2225 1423 2286 quac
1448 2205 1485 2268 iu
1507 2225 1542 2268 se
1563 2205 1635 2286 ipso
1657 2200 1845 2267 abscondita
1865 2221 1936 2266 esse
1957 2199 2062 2265 voluit
2082 2197 2256 2269 Dominus,

249 2290 364 2367 trahat,
380 2289 493 2370 palum
514 2294 566 2353 est.
597 2288 700 2370 Atqui
721 2289 802 2369 quod
819 2289 863 2352 ita
955 2291 1003 2352 itu
1019 2289 1230 2354 necessarium
1280 2291 1413 2372 impune
1439 2290 1539 2354 homo
1568 2289 1727 2359 excutiat,
1756 2297 1790 2351 et
1816 2287 1994 2369 sapientiae
2022 2284 2258 2349 sublimitatem

250 2381 304 2454 est,
321 2376 459 2458 eoqnosci
469 2380 661 2457 posserreyat
674 2373 808 2451 Paulus,
823 2375 889 2438 nisi
933 2395 997 2453 eus,
1014 2377 1127 2439 omisso
1137 2394 1231 2456 pror·
1281 2377 1396 2458 (quam
1428 2375 1556 2441 adorari
1589 2384 1623 2440 st
1650 2396 1717 2438 non
1744 2370 1947 2455 apprehendi
1976 2371 2094 2447 voluit,
2128 2382 2168 2434 ut
2199 2389 2257 2452 per

250 2481 308 2526 sus
328 2480 456 2541 anuum
475 2465 620 2540 respectu,
642 2480 718 2540 qnos
739 2462 825 2541 apud
845 2481 879 2525 33
899 2462 1030 2525 decrescit
1050 2461 1151 2543 eliqat.
1187 2459 1230 2522 Iu
1280 2463 1386 2545 ipsam
1404 2482 1532 2544 quoque
1549 2460 1749 2525 admirabilis
1769 2459 1862 2524 nobis
1879 2457 1978 2541 foret)
2001 2457 2041 2522 ab
2060 2457 2131 2538 ipsa
2152 2466 2257 2519 aeter·

250 2546 313 2623 doc,
335 2547 438 2626 inquit
458 2545 568 2628 (Rom.
591 2551 638 2622 ll,
659 2545 709 2629 5),
729 2551 863 2628 tempore
888 2546 1041 2626 reliquae
1061 2545 1229 2611 secundum
1280 2549 1385 2612 nitate
1406 2548 1543 2612 evolvet
1584 2545 1679 2627 Quae
1701 2546 1794 2610 nobis
1809 2543 2030 2626 metumedia
2050 2543 2178 2607 censuit
2199 2561 2257 2606 vo-

249 2632 418 2699 electionem
431 2633 606 2713 proluitam
622 2631 728 2696 salvae
748 2633 882 2713 fuemcnt.
924 2633 1012 2713 Quod
1031 2633 1062 2696 si
1075 2654 1138 2714 per
1155 2653 1230 2715 pra-
1279 2633 1418 2699 luntatis
1437 2655 1515 2698 suae
1536 2653 1663 2709 areana,
1687 2653 1726 2696 ea
1742 2631 1842 2696 verbo
1864 2651 1922 2696 suo
1934 2628 2085 2711 prodidit.
2118 2627 2257 2691 Censuit

249 2720 337 2796 tiam,
360 2738 421 2782 raon
440 2719 508 2781 iam
528 2738 568 2780 cc
588 2717 746 2798 operibrcm
767 2718 1015 2799 qrcundoquidem
1032 2719 1138 2801 pratia
1162 2719 1229 2782 iam
1280 2729 1400 2799 autem,
1428 2727 1589 2802 quatenus
1615 2725 1729 2783 nostra
1754 2718 1912 2781 interesse
1947 2714 2100 2795 uobisque
2132 2709 2257 2776 eondu-

248 2824 310 2869 uon
320 2808 398 2868 esset
411 2803 527 2886 pratia.
559 2802 597 2867 Si
607 2824 646 2867 ee
661 2803 812 2884 operibus,
828 2824 938 2868 nonen
952 2806 1074 2887 pratia,
1090 2804 1228 2885 quande
1280 2826 1354 2870 cere
1378 2805 1578 2888 providebat.

248 2891 374 2972 quidem
394 2908 473 2971 opus
488 2910 550 2954 rlort
570 2893 755 2968 3333131133.
791 2889 829 2953 Si
845 2891 889 2955 ad
910 2890 1063 2956 electionis
1077 2891 1229 2973 aricinum
1359 2896 1386 2955 2.
1417 2891 1634 2956 Pervenimus
1646 2891 1680 2953 in
1692 2890 1781 2954 viam
1792 2889 1877 2966 fidei,
1890 2885 2257 2971 inquitAugustinus,¹)

248 2975 414 3072 reuocandi
434 2995 553 3052 sumtu,
576 2980 608 3038 ut
628 2980 740 3039 eorutet
756 2996 818 3040 nen
834 2975 962 3040 aliunde
977 2997 1073 3057 quum
1088 2997 1127 3040 ee
1142 2996 1229 3040 mera
1279 2999 1352 3043 eam
1365 2984 1554 3042 constanter
1567 2986 1747 3040 teneamus.
1770 2974 1848 3057 Ipsa
1858 2973 2061 3057 perduoitad
2071 2970 2257 3038 cubiculum

249 3061 315 3159 Dei
336 3059 519 3125 liberalitate
546 3062 715 3143 sustinuere
741 3060 830 3125 nobis
850 3062 996 3139 salumin,
1024 3064 1081 3142 qui
1102 3061 1157 3126 boe
1178 3082 1229 3125 ce-
1280 3065 1383 3147 regis,
1411 3065 1448 3127 in
1472 3084 1537 3145 quo
1564 3071 1642 3128 sunt
1668 3082 1782 3126 omnes
1803 3061 1951 3127 thesauri
1972 3060 2127 3126 3313111133
2150 3066 2184 3121 31
2205 3078 2257 3121 sa-

249 3151 396 3211 eundum
417 3145 530 3242 volum,
552 3147 688 3229 malr‘pnc
707 3152 861 3228 quartum
882 3149 915 3211 in
937 3167 970 3212 se
991 3154 1035 3211 est
1056 3147 1227 3224 obscurant,
1278 3151 1421 3233 pientiae
1432 3147 1621 3215 absconditi.
1650 3147 1727 3212 Non
1743 3148 1832 3211 enim
1846 3148 1917 3230 ipse
1927 3146 2092 3211 Dominus
2103 3143 2256 3209 Christus

249 3232 333 3329 qued
353 3231 516 3312 mapurfiee
544 3252 581 3295 uc
601 3233 707 3312 plenis
732 3233 836 3298 buccis
856 3233 1071 3298 celebrandum
1091 3239 1171 3311 erat,
1200 3239 1228 3297 et
1278 3237 1346 3301 suis
1356 3236 1486 3319 magnis
1504 3242 1539 3298 et
1554 3233 1774 3300 ualentissimis
1783 3233 1951 3316 discipulis
1962 3231 2140 3309 inridebat,
2156 3249 2257 3311 quum

249 3336 353 3400 ipsam
384 3316 572 3414 humilitatis
603 3317 739 3414 radicem
770 3319 908 3384 mellum.
971 3318 1065 3384 Clare
1096 3325 1228 3384 testatur
1277 3318 1970 3401 1133131(Ιο333.16,12);11131131131133
1992 3318 2085 3383 vobis
2104 3315 2256 3391 dicenda;

251 3402 390 3501 Paulus,
423 3401 477 3466 ube
508 3403 629 3467 33313131
654 3405 768 3484 pepuli
793 3404 883 3468 salus
910 3406 1045 3487 electioni
1070 3407 1227 3489 qratuitae
1278 3408 1336 3473 sed
1364 3427 1432 3471 nou
1459 3407 1597 3488 potestis
1625 3414 1756 3488 portare
1785 3427 1882 3470 nunc.
1926 3401 2176 3468 Ambulandum
2198 3414 2255 3477 est,

249 3489 454 3585 adseruntur,
481 3493 553 3552 tune
580 3490 704 3553 denum
730 3493 884 3572 mpnosci,
912 3490 1017 3556 Deum
1039 3492 1227 3557 3133313113
1277 3492 1513 3577 proficiendum
1544 3500 1610 3571 est,
1645 3491 1857 3556 crescendum
1890 3504 1954 3554 est:
1990 3502 2028 3554 ut
2059 3489 2128 3554 sint
2158 3486 2258 3553 corda

243 3572 362 3656 placeto
380 3594 507 3638 sunere
527 3595 604 3654 quos
624 3574 704 3653 vult,
729 3597 790 3639 reon
811 3582 914 3641 auum
935 3578 1101 3642 meraedem
1121 3598 1227 3660 repen·
1279 3590 1392 3645 noema
1413 3579 1545 3660 capacia
1562 3598 1678 3643 earum
1695 3598 1816 3649 romanu
1840 3598 1921 3660 quas
1944 3596 2060 3659 capere
2077 3574 2175 3640 modo
2192 3594 2256 3637 non

248 3659 336 3737 dere,
363 3680 444 3757 quae
470 3659 560 3724 trulla
585 3659 690 3758 deberi
708 3666 816 3741 potest.
863 3665 925 3744 Qui
952 3666 1037 3745 tores
1058 3665 1226 3740 occludunt,
1278 3687 1461 3749 possumus.
1506 3662 1604 3744 Quod
1637 3665 1665 3728 si
1697 3685 1757 3728 nos
1785 3664 1922 3727 ultimus
1950 3663 2021 3728 dies
2047 3662 2255 3744 proficientes

247 3766 287 3810 ne
313 3767 386 3826 quus
412 3746 455 3809 ad
480 3751 607 3828 qustum
632 3746 729 3810 liuius
756 3747 912 3813 doetrinae
938 3751 1076 3815 aecedue
1104 3750 1226 3825 audeat,
1278 3751 1452 3828 invenerit,
1471 3748 1516 3813 ibi
1533 3749 1695 3813 discemus
1713 3749 1799 3831 quod
1812 3749 1943 3812 hicnim
1953 3748 2130 3831 potuimus
2161 3744 2254 3808 Haec

248 3852 310 3896 amu
330 3833 482 3896 minorem
503 3830 686 3910 lurrrinilrus,
707 3853 803 3913 quum
823 3832 892 3898 Deo
910 3836 1035 3915 faciunt
1056 3836 1228 3914 irciuriam;
1279 3839 1433 3921 cogitatio
1459 3837 1487 3901 si
1515 3835 1602 3918 apud
1629 3855 1691 3899 nos
1713 3835 1835 3907 valeat,
1865 3833 2003 3898 verbum
2023 3831 2158 3899 Domini
2179 3830 2253 3892 uni·

248 3919 326 4014 quio
347 3939 442 4017 neque
463 3918 506 3982 ad
526 3939 591 3997 noe,
614 3924 649 3981 ut
663 3940 731 4000 par
752 3925 805 3998 est,
826 3919 1039 3985 humiliandos
1055 3922 1227 4000 quidquam
1279 3943 1351 3987 cam
1378 3943 1449 3988 esse
1477 3922 1579 3998 viam,
1613 3941 1696 4003 quae
1724 3921 1766 3985 ad
1798 3920 2066 4003 investigandum
2096 3912 2254 3999 quidquid

248 4002 502 4099 aleudsufdeiet
525 4004 1227 4084 333133133113333131113111133,33331133
1278 4007 1320 4072 dc
1347 4029 1385 4072 eo
1408 4009 1514 4071 teneri
1535 4008 1585 4071 fas
1606 4016 1657 4071 cst
1679 4028 1739 4072 nes
1760 4006 1915 4084 deducat,
1943 4006 2076 4070 unicum
2103 4021 2174 4066 esse
2202 4000 2253 4064 lu·

246 4092 441 4185 sentmmus.
478 4088 542 4153 Nee
573 4111 644 4155 cero
674 4089 753 4155 alibi
783 4091 901 4157 solidae
931 4093 1066 4173 Muciae
1092 4092 1225 4172 fultura,
1250 4140 1254 4171 ,
1277 4115 1364 4167 men,
1385 4093 1472 4176 quod
1494 4092 1535 4158 ad
1556 4093 1823 4176 perspiciendum
1844 4090 2000 4175 quidquid
2021 4088 2061 4153 de
2081 4089 2154 4170 ipsc
2176 4108 2254 4151 con·

245 4178 346 4272 cetrina¹
364 4172 487 4238 Obruta
508 4181 630 4253 autore,
655 4177 710 4257 qui
731 4182 767 4240 ut
786 4198 843 4242 rios
864 4179 947 4242 inter
968 4183 1008 4242 tot
1028 4179 1225 4256 dunimius,
1278 4181 1359 4262 spici
1387 4189 1515 4262 oportet
1542 4178 1635 4243 nobis
1657 4179 1862 4259 praeluceat,
1891 4179 1985 4243 facile
2011 4195 2072 4240 nos
2096 4173 2138 4239 ab
2166 4174 2255 4237 omni

244 4259 385 4324 inedias
406 4265 434 4324 et
454 4259 579 4326 13113133
599 4263 755 4340 corulietus
775 4264 860 4326 ormri
881 4269 964 4329 metu
983 4264 1103 4343 liberet,
1130 4265 1227 4329 intio-
1278 4266 1463 4331 temeritate
1481 4264 1638 4329 retinebit
1654 4285 1692 4327 ae
1709 4264 1879 4329 cohibebit.
1914 4265 2066 4330 Sciamus
2083 4261 2181 4338 enim,
2200 4259 2255 4322 nbi

244 4350 350 4443 tuaque
370 4347 490 4444 reddat,
512 4348 636 4411 sulcum
657 4348 725 4428 fore
740 4350 897 4428 prornittit
918 4350 1074 4431 quidquid
1096 4372 1117 4415 u
1134 4355 1227 4432 patre
1277 4352 1423 4434 primum
1444 4350 1538 4415 verbi
1559 4352 1643 4415 fines
1666 4352 1910 4426 excesserimus,
1934 4348 2029 4414 nobis
2051 4357 2148 4413 extra
2168 4347 2256 4411 viam

244 4436 363 4513 accepit
388 4453 428 4530 ru·
446 4434 617 4530 ennodium
639 4433 768 4515 (Ioann.
791 4440 844 4511 10,
865 4435 929 4518 25).
974 4435 1029 4500 Ec·
1056 4457 1115 4516 quo
1142 4437 1226 4502 clici·
1278 4448 1312 4502 ot
1333 4439 1369 4501 in
1391 4436 1535 4502 tenebris
1553 4458 1624 4502 esse
1642 4457 1785 4513 cursum,
1809 4438 1846 4499 in
1867 4458 1931 4519 quo
1953 4455 2074 4513 errare,
2097 4432 2171 4511 labi,
2194 4433 2254 4496 im·

243 4536 325 4594 mus,
341 4524 495 4615 ,33113133
515 4520 718 4599 trepidatione
744 4522 874 4585 31133333
899 4522 967 4602 fore
993 4524 1413 4621 1313313333111311313
1441 4521 1621 4587 identidem
1648 4542 1781 4588 neeesse
1809 4523 1860 4586 sit
1905 4520 1961 4587 Sit
1987 4522 2091 4605 igitur
2113 4521 2255 4602 primum

240 4603 402 4700 peculleum
422 4603 486 4669 Dei
514 4624 578 4702 esse
606 4606 766 4700 ieiunant,
795 4626 833 4670 ac
854 4609 990 4689 proirule
1016 4628 1067 4673 333
1087 4611 1225 4689 pessimae
1248 4636 1251 4701 1
1276 4609 1370 4675 nobis
1393 4610 1454 4674 hoc
1476 4630 1555 4692 prae
1576 4609 1694 4686 oculis,
1718 4609 1817 4674 aliam
1838 4590 2148 4690 praedestinationis
2169 4605 2255 4668 noti-

243 4694 272 4754 et
292 4688 355 4786 selu
377 4694 405 4752 et
425 4695 543 4787 muretus
562 4689 706 4770 fidelibus
727 4692 898 4788 meurdere,
920 4695 976 4774 qui
997 4695 1040 4758 ud
1060 4700 1251 4795 1133131331
1277 4696 1358 4760 tiam
1391 4705 1559 4778 appetere,
1594 4716 1692 4777 quam
1726 4715 1809 4777 quae
1837 4694 1936 4759 verbo
1964 4692 2030 4758 Dei
2062 4691 2253 4774 explicatur.

243 4780 422 4840 3313313133
450 4777 600 4874 utel-etates
627 4779 834 4856 caeudeeudo,
860 4780 975 4845 salutis
1001 4787 1124 4845 notrae
1150 4781 1224 4860 sun·
1276 4803 1342 4847 uon
1368 4782 1508 4846 minoris
1535 4802 1606 4846 esse
1633 4781 1797 4858 insaniae,
1831 4801 1929 4863 quam
1957 4781 1985 4844 si
2014 4779 2089 4861 quis
2115 4777 2168 4842 vol
2195 4797 2255 4859 per

243 4860 424 4957 dementum
454 4883 470 4926 e
502 4863 603 4960 nucleo
634 4862 792 4928 sublatum
823 4872 975 4945 cuperem.
1029 4866 1112 4946 Quid
1143 4867 1225 4946 quod
1275 4868 1406 4932 invium
1427 4867 1591 4945 incedere,
1614 4867 1668 4931 vel
1689 4868 1726 4930 in
1746 4864 1890 4932 tenebris
1912 4885 2048 4930 eernere
2064 4864 2155 4929 velit.
2188 4863 2254 4928 Ne-

243 4944 332 5008 nolns
354 4945 838 5031 eademqueeademque
860 4951 995 5032 alioqui,
1019 4955 1055 5015 ut
1074 4956 1152 5016 reete
1173 4953 1225 5017 uc
1276 4973 1340 5037 que
1371 4974 1450 5019 vero
1476 4973 1538 5018 nos
1559 4951 1683 5034 pudeat
1708 4951 1833 5035 aliquid
1854 4953 1890 5017 in
1911 4973 1951 5017 ea
1977 4973 2015 5016 re
2037 4951 2174 5028 nescire,
2197 4948 2254 5013 ubi

242 5034 287 5094 cet
307 5028 512 5110 Bernartius,
528 5034 552 5117 ¹)
580 5054 641 5098 non
663 5039 769 5116 posset
791 5035 940 5116 muniri,
967 5038 1122 5101 recimer
1141 5058 1224 5104 mea-
1275 5046 1327 5104 est
1352 5040 1462 5122 aliqua
1489 5038 1585 5103 docta
1611 5037 1808 5120 ignorantia
1859 5039 1952 5121 Quin
1976 5037 2088 5121 potius
2114 5034 2255 5100 libenter

312 5213 343 5284 1)
360 5214 446 5272 Scrm.
464 5220 493 5271 in
511 5218 588 5272 (lant
609 5218 649 5272 te
1248 5228 1251 5264 ¹
1344 5231 1375 5294 1)
1391 5229 1492 5281 Hamil.
1511 5227 1539 5278 in
1557 5226 1650 5278 Ioeun.
1669 5224 1712 5290 b3,
1733 5224 1757 5288 ’1.
