4672 5842
101 316 145 377 29
712 312 981 378 PRAEFATIO
1004 314 1069 378 AD
1089 314 1257 381 RuouM
1279 313 1499 379 GALLIAE.
2071 319 2113 381 30

100 523 144 567 ne
166 502 265 567 nimis
285 501 414 580 multis,
443 501 573 585 quando
594 502 675 566 haee
701 501 769 565 iam
790 500 947 583 praefatio
969 499 1011 565 ad
1030 500 1082 565 iu·
1105 520 1109 539 ·
1133 523 1261 584 semper
1282 501 1430 578 vinculis,
1454 502 1577 585 flagris,
1600 503 1754 586 equuleis,
1774 502 1979 578 sectionibus,
2001 505 2113 568 ineen-

101 621 174 679 stae
200 634 305 696 paene
327 613 495 697 apologiae
521 613 656 678 modum
680 611 820 678 aoeodit:
850 634 915 695 qua
935 634 1003 676 non
1025 612 1081 676 de·
1133 613 1194 677 diis
1221 613 1388 691 saeviunt,
1423 635 1483 678 nos
1517 613 1663 696 quidem,
1697 614 1789 679 velut
1816 636 1893 680 oves
1920 615 2114 679 maotationi

100 725 284 790 fensionem
315 732 441 799 texere,
478 724 535 789 sed
568 724 730 788 duntaxat
758 723 798 788 ad
826 725 931 807 ipsam
964 744 1082 789 causae
1133 723 1327 803 destinatae,
1357 723 1399 788 ad
1421 734 1568 789 extrema
1594 746 1741 808 quaeque
1768 725 1970 808 redigemur3
1995 727 2041 790 sio
2062 734 2112 790 ta·

102 837 265 902 actionem
288 836 486 901 audiendam
506 837 654 900 animum
671 841 767 898 tuum
788 835 993 918 praemollire
1012 843 1081 899 stu·
1132 857 1224 916 men,
1256 844 1295 899 ut
1327 836 1363 898 in
1390 836 1550 925 patientia
1583 845 1698 901 nostra
1730 824 1955 919 possideamus
1984 837 2112 901 animas

100 946 175 1025 dui,
203 968 358 1011 aversum
385 947 517 1028 quidem
545 968 632 1012 nuno
660 953 693 1010 ot
726 946 905 1011 alienatum
933 946 1081 1024 anobis,
1131 955 1276 1024 nostras,
1311 955 1344 1010 et
1376 968 1512 1010 manum
1545 948 1681 1012 Domini
1721 948 1840 1012 fortem
1872 957 2110 1029 exspectemus:

101 1058 187 1124 addo
209 1058 308 1122 etiam
335 1059 591 1137 inflammatum
618 1056 789 1122 sedonius
817 1058 959 1142 gratiam
979 1057 1082 1121 reool-
1131 1079 1213 1140 quae
1235 1057 1368 1122 indubio
1394 1065 1540 1140 tempore
1562 1058 1681 1138 aderit,
1710 1068 1743 1124 et
1771 1081 1841 1124 soso
1869 1070 1995 1124 armata
2017 1081 2111 1125 exso-

100 1169 205 1254 ligere
233 1191 294 1234 nos
319 1190 414 1252 posse
441 1168 649 1248 confidimus,
677 1170 705 1234 si
731 1168 816 1234 hano
837 1176 982 1234 nostram
1004 1189 1081 1233 oon-
1131 1178 1190 1247 ret,
1219 1178 1290 1234 tum
1311 1169 1352 1234 od
1374 1181 1534 1253 pauperes
1562 1190 1604 1233 ex
1630 1170 1805 1235 afflictione
1834 1170 2011 1249 eruendos,
2039 1181 2111 1236 tum

99 1282 291 1358 sessionem,
320 1302 420 1363 quam
446 1302 506 1363 pro
533 1281 719 1345 defensione
745 1280 833 1363 apud
861 1289 953 1345 tuam
980 1281 1080 1345 maie·
1130 1282 1230 1345 etiam
1252 1280 1294 1345 ad
1314 1279 1537 1357 vindioandos,
1560 1281 1617 1361 qui
1639 1288 1732 1345 tanta
1752 1283 1925 1347 securitate
1947 1304 2035 1348 nune
2054 1304 2111 1347 ex·
2183 1284 2195 1303 ⁸

99 1380 229 1458 statem
243 1413 315 1458 esse
336 1393 500 1471 volumus,
528 1391 675 1475 pleoidus
697 1392 957 1475 oompositusque
978 1390 1080 1456 semel
1103 1399 1107 1479 ξ
1130 1391 1269 1470 sultant,
1299 1399 1549 1473 contemptores.
1594 1393 1758 1458 Dominus
1781 1415 1841 1458 rex
1862 1414 1995 1477 regum,
2021 1394 2111 1458 thro-

99 1494 251 1590 legoris.'
275 1501 338 1569 Sin
362 1523 440 1569 vero
468 1504 516 1568 ita
537 1524 633 1569 aures
655 1513 728 1569 tuas
749 1513 910 1586 oooupant
934 1501 1078 1567 malovo-
1129 1524 1210 1567 num
1236 1514 1330 1568 tuum
1357 1504 1485 1568 iustitia
1507 1502 1666 1582 stabiliat,
1690 1511 1724 1567 ot
1745 1503 1864 1568 solium
1885 1510 1981 1569 tuum
2002 1507 2112 1589 aequi-

99 1618 209 1682 lorum
231 1614 371 1693 susurri,
400 1621 440 1678 ut
460 1615 571 1680 nullus
593 1616 636 1679 sit
656 1617 721 1680 reis
741 1636 802 1697 pro
824 1636 859 1680 so
881 1613 1010 1679 dioendi
1031 1613 1079 1677 lo·
1129 1620 1211 1693 tato,
1233 1615 1452 1680 illustrissime
1474 1614 1557 1678 Rex„
1605 1614 1767 1693 Basileae,
1791 1614 1925 1680 Galend.
1949 1618 2107 1699 Augusti,

99 1749 175 1807 ons,
208 1728 415 1809 importunae
444 1747 524 1791 vero
551 1726 626 1792 illae
655 1727 775 1805 furiae,
808 1734 840 1790 te
856 1725 1078 1803 oonnivento,
1129 1727 1229 1790 Anno
1251 1725 1491 1791 MDXXXVI.
