<?xml version="1.0" encoding="UTF-8"?>
<!DOCTYPE html PUBLIC "-//W3C//DTD XHTML 1.0 Transitional//EN"
    "http://www.w3.org/TR/xhtml1/DTD/xhtml1-transitional.dtd">
<html xmlns="http://www.w3.org/1999/xhtml" xml:lang="en" lang="en">
 <head>
  <title>
</title>
<meta http-equiv="Content-Type" content="text/html;charset=utf-8" />
  <meta name='ocr-system' content='tesseract 3.04.00' />
  <meta name='ocr-capabilities' content='ocr_page ocr_carea ocr_par ocr_line ocrx_word'/>
</head>
<body>
  <div class='ocr_page' id='page_1' title='image "./ioanniscalvinii00cunigoog_0213.png"; bbox 0 0 4672 5842; ppageno 0'>
   <div class='ocr_carea' id='block_1_1' title="bbox 222 302 2229 375">
    <p class='ocr_par' dir='ltr' id='par_1_1' title="bbox 222 302 2229 375">
     <span class='ocr_line' id='line_1_1' title="bbox 222 302 2229 375; baseline -0.005 -1"><span class='ocrx_word' id='word_1_1' title='bbox 222 312 288 375; x_wconf 79' lang='lat'><strong><em>403</em></strong></span> <span class='ocrx_word' id='word_1_2' title='bbox 867 304 1134 375; x_wconf 72' lang='lat' dir='ltr'><strong><em>INSfflUulo</em></strong></span> <span class='ocrx_word' id='word_1_3' title='bbox 1154 304 1259 369; x_wconf 76' lang='lat' dir='ltr'><strong><em>REL.</em></strong></span> <span class='ocrx_word' id='word_1_4' title='bbox 1282 302 1462 371; x_wconf 73' lang='lat' dir='ltr'><strong><em>OHRJST.</em></strong></span> <span class='ocrx_word' id='word_1_5' title='bbox 1488 306 1580 367; x_wconf 80' lang='lat'><strong><em>1559.</em></strong></span> <span class='ocrx_word' id='word_1_6' title='bbox 2167 304 2229 365; x_wconf 77' lang='grc'><strong><em>404</em></strong></span> 
     </span>
    </p>
   </div>
   <div class='ocr_carea' id='block_1_2' title="bbox 188 488 2308 5304">
    <p class='ocr_par' dir='ltr' id='par_1_2' title="bbox 188 488 2308 5304">
     <span class='ocr_line' id='line_1_2' title="bbox 222 488 2233 581; baseline -0.005 -17"><span class='ocrx_word' id='word_1_7' title='bbox 222 498 474 581; x_wconf 74' lang='lat' dir='ltr'><strong><em>appropinquare</em></strong></span> <span class='ocrx_word' id='word_1_8' title='bbox 491 514 675 576; x_wconf 73' lang='lat' dir='ltr'><strong><em>pmsumus,</em></strong></span> <span class='ocrx_word' id='word_1_9' title='bbox 704 500 732 559; x_wconf 89' lang='lat' dir='ltr'><strong><em>et</em></strong></span> <span class='ocrx_word' id='word_1_10' title='bbox 758 496 795 558; x_wconf 92' lang='lat' dir='ltr'><strong><em>in</em></strong></span> <span class='ocrx_word' id='word_1_11' title='bbox 816 517 890 559; x_wconf 86' lang='lat' dir='ltr'><strong><em>eam</em></strong></span> <span class='ocrx_word' id='word_1_12' title='bbox 916 495 1020 560; x_wconf 89' lang='lat' dir='ltr'><strong><em>solam</em></strong></span> <span class='ocrx_word' id='word_1_13' title='bbox 1041 494 1200 559; x_wconf 85' lang='lat' dir='ltr'><strong><em>reclinare</em></strong></span> <span class='ocrx_word' id='word_1_14' title='bbox 1251 493 1375 575; x_wconf 81' lang='lat' dir='ltr'><strong><em>patebit</em></strong></span> <span class='ocrx_word' id='word_1_15' title='bbox 1402 514 1501 575; x_wconf 91' lang='lat' dir='ltr'><strong><em>quam</em></strong></span> <span class='ocrx_word' id='word_1_16' title='bbox 1525 492 1676 574; x_wconf 86' lang='lat' dir='ltr'><strong><em>imperite</em></strong></span> <span class='ocrx_word' id='word_1_17' title='bbox 1704 503 1738 556; x_wconf 91' lang='lat' dir='ltr'><strong><em>et</em></strong></span> <span class='ocrx_word' id='word_1_18' title='bbox 1762 490 1886 556; x_wconf 90' lang='lat' dir='ltr'><strong><em>insulse</em></strong></span> <span class='ocrx_word' id='word_1_19' title='bbox 1915 488 1956 555; x_wconf 87' lang='lat' dir='ltr'><strong><em>de</em></strong></span> <span class='ocrx_word' id='word_1_20' title='bbox 1979 491 2050 573; x_wconf 90' lang='lat' dir='ltr'><strong><em>ipsa</em></strong></span> <span class='ocrx_word' id='word_1_21' title='bbox 2070 489 2233 554; x_wconf 83' lang='lat' dir='ltr'><strong><em>strideant</em></strong></span> 
     </span>
     <span class='ocr_line' id='line_1_3' title="bbox 223 576 2233 663; baseline -0.004 -15"><span class='ocrx_word' id='word_1_22' title='bbox 223 605 279 649; x_wconf 90' lang='lat' dir='ltr'><strong><em>oor</em></strong></span> <span class='ocrx_word' id='word_1_23' title='bbox 299 582 442 647; x_wconf 89' lang='lat' dir='ltr'><strong><em>hominis</em></strong></span> <span class='ocrx_word' id='word_1_24' title='bbox 463 588 578 663; x_wconf 87' lang='lat' dir='ltr'><strong><em>potest.</em></strong></span> <span class='ocrx_word' id='word_1_25' title='bbox 623 580 695 645; x_wconf 88' lang='lat' dir='ltr'><strong><em>Hac</em></strong></span> <span class='ocrx_word' id='word_1_26' title='bbox 716 583 836 646; x_wconf 87' lang='lat' dir='ltr'><strong><em>ratioae</em></strong></span> <span class='ocrx_word' id='word_1_27' title='bbox 857 582 893 646; x_wconf 85' lang='lat' dir='ltr'><strong><em>irt</em></strong></span> <span class='ocrx_word' id='word_1_28' title='bbox 917 581 1059 647; x_wconf 77' lang='lat' dir='ltr'><strong><em>Psalmis</em></strong></span> <span class='ocrx_word' id='word_1_29' title='bbox 1073 580 1201 663; x_wconf 84' lang='lat' dir='ltr'><strong><em>passim</em></strong></span> <span class='ocrx_word' id='word_1_30' title='bbox 1251 581 1356 661; x_wconf 85' lang='lat' dir='ltr'><strong><em>magis</em></strong></span> <span class='ocrx_word' id='word_1_31' title='bbox 1383 599 1482 660; x_wconf 89' lang='lat' dir='ltr'><strong><em>quam</em></strong></span> <span class='ocrx_word' id='word_1_32' title='bbox 1510 579 1692 661; x_wconf 83' lang='lat' dir='ltr'><strong>loquantur.</strong></span> <span class='ocrx_word' id='word_1_33' title='bbox 1741 577 1870 642; x_wconf 84' lang='lat' dir='ltr'><strong><em>Partem</em></strong></span> <span class='ocrx_word' id='word_1_34' title='bbox 1891 576 1958 640; x_wconf 89' lang='lat' dir='ltr'><strong><em>iam</em></strong></span> <span class='ocrx_word' id='word_1_35' title='bbox 1979 578 2084 660; x_wconf 79' lang='lat' dir='ltr'><strong><em>attipi,</em></strong></span> <span class='ocrx_word' id='word_1_36' title='bbox 2109 576 2233 656; x_wconf 77' lang='lat' dir='ltr'><strong><em>reliqua</em></strong></span> 
     </span>
     <span class='ocr_line' id='line_1_4' title="bbox 222 663 2233 750; baseline -0.005 -16"><span class='ocrx_word' id='word_1_37' title='bbox 222 671 396 750; x_wconf 78' lang='lat' dir='ltr'><strong><em>iurrpuutur</em></strong></span> <span class='ocrx_word' id='word_1_38' title='bbox 422 667 496 732; x_wconf 70' lang='lat' dir='ltr'><strong><em>llaec</em></strong></span> <span class='ocrx_word' id='word_1_39' title='bbox 523 667 584 731; x_wconf 87' lang='lat' dir='ltr'><strong><em>duo</em></strong></span> <span class='ocrx_word' id='word_1_40' title='bbox 608 667 703 731; x_wconf 86' lang='lat' dir='ltr'><strong><em>sicuti</em></strong></span> <span class='ocrx_word' id='word_1_41' title='bbox 724 667 805 732; x_wconf 71' lang='lat' dir='ltr'><strong><em>irater</em></strong></span> <span class='ocrx_word' id='word_1_42' title='bbox 825 688 858 731; x_wconf 89' lang='lat' dir='ltr'><strong><em>se</em></strong></span> <span class='ocrx_word' id='word_1_43' title='bbox 879 667 1050 747; x_wconf 72' lang='lat' dir='ltr'><em>cohaerent,</em></span> <span class='ocrx_word' id='word_1_44' title='bbox 1079 667 1202 731; x_wconf 83' lang='lat' dir='ltr'><strong><em>miseri-</em></strong></span> <span class='ocrx_word' id='word_1_45' title='bbox 1251 685 1309 729; x_wconf 81' lang='lat' dir='ltr'><strong><em>suo</em></strong></span> <span class='ocrx_word' id='word_1_46' title='bbox 1336 666 1398 729; x_wconf 89' lang='lat' dir='ltr'><strong><em>loco</em></strong></span> <span class='ocrx_word' id='word_1_47' title='bbox 1424 664 1536 729; x_wconf 83' lang='lat' dir='ltr'><strong><em>deiude</em></strong></span> <span class='ocrx_word' id='word_1_48' title='bbox 1562 663 1737 729; x_wconf 79' lang='lat' dir='ltr'><strong><em>subiicutm.</em></strong></span> <span class='ocrx_word' id='word_1_49' title='bbox 1784 664 1879 728; x_wconf 56' lang='lat' dir='ltr'><strong><em>nsum</em></strong></span> <span class='ocrx_word' id='word_1_50' title='bbox 1906 663 1989 743; x_wconf 85' lang='lat' dir='ltr'><strong><em>dieo,</em></strong></span> <span class='ocrx_word' id='word_1_51' title='bbox 2023 663 2106 726; x_wconf 81' lang='lat' dir='ltr'><strong><em>mihil</em></strong></span> <span class='ocrx_word' id='word_1_52' title='bbox 2127 681 2233 725; x_wconf 72' lang='lat' dir='ltr'><strong><em>mum</em></strong></span> 
     </span>
     <span class='ocr_line' id='line_1_5' title="bbox 221 748 2232 835; baseline -0.005 -14"><span class='ocrx_word' id='word_1_53' title='bbox 221 755 329 821; x_wconf 85' lang='lat' dir='ltr'><strong><em>eard-ie</em></strong></span> <span class='ocrx_word' id='word_1_54' title='bbox 350 760 378 818; x_wconf 91' lang='lat' dir='ltr'><strong><em>et</em></strong></span> <span class='ocrx_word' id='word_1_55' title='bbox 395 755 524 818; x_wconf 66' lang='lat' dir='ltr'><strong><em>tetras·</em></strong></span> <span class='ocrx_word' id='word_1_56' title='bbox 545 754 622 835; x_wconf 75' lang='lat' dir='ltr'><strong><em>attia</em></strong></span> <span class='ocrx_word' id='word_1_57' title='bbox 642 774 695 818; x_wconf 88' lang='lat' dir='ltr'><strong><em>uec</em></strong></span> <span class='ocrx_word' id='word_1_58' title='bbox 716 754 888 833; x_wconf 67' lang='lat' dir='ltr'><strong><em>quidsuam</em></strong></span> <span class='ocrx_word' id='word_1_59' title='bbox 909 775 966 818; x_wconf 86' lang='lat' dir='ltr'><strong><em>uos</em></strong></span> <span class='ocrx_word' id='word_1_60' title='bbox 983 755 1105 819; x_wconf 86' lang='lat' dir='ltr'><strong><em>iuvaret</em></strong></span> <span class='ocrx_word' id='word_1_61' title='bbox 1121 753 1201 817; x_wconf 86' lang='lat' dir='ltr'><strong><em>seire</em></strong></span> <span class='ocrx_word' id='word_1_62' title='bbox 1251 756 1415 815; x_wconf 73' lang='lat' dir='ltr'><strong><em>mimam</em></strong></span> <span class='ocrx_word' id='word_1_63' title='bbox 1432 770 1525 831; x_wconf 81' lang='lat' dir='ltr'><strong><em>posse</em></strong></span> <span class='ocrx_word' id='word_1_64' title='bbox 1539 750 1619 832; x_wconf 78' lang='lat' dir='ltr'><strong><em>firtpi</em></strong></span> <span class='ocrx_word' id='word_1_65' title='bbox 1636 750 1814 815; x_wconf 82' lang='lat' dir='ltr'><strong><em>absurdius.</em></strong></span> <span class='ocrx_word' id='word_1_66' title='bbox 1846 748 1960 814; x_wconf 86' lang='lat' dir='ltr'><strong><em>Fidem</em></strong></span> <span class='ocrx_word' id='word_1_67' title='bbox 1981 767 2147 814; x_wconf 73' lang='lat' dir='ltr'><strong><em>assensum</em></strong></span> <span class='ocrx_word' id='word_1_68' title='bbox 2168 768 2232 812; x_wconf 87' lang='lat' dir='ltr'><strong><em>esse</em></strong></span> 
     </span>
     <span class='ocr_line' id='line_1_6' title="bbox 221 834 2233 918; baseline -0.005 -11"><span class='ocrx_word' id='word_1_69' title='bbox 221 839 327 907; x_wconf 75' lang='lat' dir='ltr'><strong><em>Derim</em></strong></span> <span class='ocrx_word' id='word_1_70' title='bbox 348 861 413 904; x_wconf 88' lang='lat' dir='ltr'><strong><em>esse</em></strong></span> <span class='ocrx_word' id='word_1_71' title='bbox 433 860 578 917; x_wconf 77' lang='lat' dir='ltr'><strong><em>veracem,</em></strong></span> <span class='ocrx_word' id='word_1_72' title='bbox 602 840 665 902; x_wconf 70' lang='lat' dir='ltr'><strong><em>ruisi</em></strong></span> <span class='ocrx_word' id='word_1_73' title='bbox 686 839 844 903; x_wconf 81' lang='lat' dir='ltr'><strong><em>eleuteater</em></strong></span> <span class='ocrx_word' id='word_1_74' title='bbox 864 860 920 903; x_wconf 78' lang='lat' dir='ltr'><strong><em>rios</em></strong></span> <span class='ocrx_word' id='word_1_75' title='bbox 940 840 1032 905; x_wconf 85' lang='lat' dir='ltr'><strong><em>adse</em></strong></span> <span class='ocrx_word' id='word_1_76' title='bbox 1049 839 1201 917; x_wconf 85' lang='lat' dir='ltr'><strong><em>alliceret‚·</em></strong></span> <span class='ocrx_word' id='word_1_77' title='bbox 1251 836 1369 915; x_wconf 85' lang='lat' dir='ltr'><strong><em>ooluut,</em></strong></span> <span class='ocrx_word' id='word_1_78' title='bbox 1399 858 1464 918; x_wconf 78' lang='lat' dir='ltr'><strong><em>qua</em></strong></span> <span class='ocrx_word' id='word_1_79' title='bbox 1489 837 1615 916; x_wconf 82' lang='lat' dir='ltr'><strong><em>recipiet</em></strong></span> <span class='ocrx_word' id='word_1_80' title='bbox 1641 837 1768 918; x_wconf 77' lang='lat' dir='ltr'><strong><em>quilibet</em></strong></span> <span class='ocrx_word' id='word_1_81' title='bbox 1788 836 1852 902; x_wconf 87' lang='lat' dir='ltr'><strong><em>Dei</em></strong></span> <span class='ocrx_word' id='word_1_82' title='bbox 1880 840 2063 916; x_wconf 66' lang='lat' dir='ltr'><strong><em>commertar</em></strong></span> <span class='ocrx_word' id='word_1_83' title='bbox 2091 834 2174 915; x_wconf 78' lang='lat' dir='ltr'><strong><em>quod</em></strong></span> <span class='ocrx_word' id='word_1_84' title='bbox 2194 853 2233 897; x_wconf 75' lang='lat' dir='ltr'><strong><em>ee</em></strong></span> 
     </span>
     <span class='ocr_line' id='line_1_7' title="bbox 221 919 2233 1006; baseline -0.004 -15"><span class='ocrx_word' id='word_1_85' title='bbox 221 945 276 991; x_wconf 81' lang='lat' dir='ltr'><strong><em>aec</em></strong></span> <span class='ocrx_word' id='word_1_86' title='bbox 307 927 377 991; x_wconf 83' lang='lat' dir='ltr'><strong><em>eius</em></strong></span> <span class='ocrx_word' id='word_1_87' title='bbox 408 925 655 990; x_wconf 80' lang='lat' dir='ltr'><strong><em>inisericordiam</em></strong></span> <span class='ocrx_word' id='word_1_88' title='bbox 677 925 819 1006; x_wconf 78' lang='lat' dir='ltr'><strong><em>amplecti</em></strong></span> <span class='ocrx_word' id='word_1_89' title='bbox 846 931 985 989; x_wconf 87' lang='lat' dir='ltr'><strong><em>uestrum</em></strong></span> <span class='ocrx_word' id='word_1_90' title='bbox 1010 931 1103 1003; x_wconf 88' lang='lat' dir='ltr'><strong><em>esset,</em></strong></span> <span class='ocrx_word' id='word_1_91' title='bbox 1136 925 1201 988; x_wconf 83' lang='lat' dir='ltr'><strong><em>uisi</em></strong></span> <span class='ocrx_word' id='word_1_92' title='bbox 1251 921 1588 1004; x_wconf 79' lang='lat' dir='ltr'><strong><em>seripturaprosertur.</em></strong></span> <span class='ocrx_word' id='word_1_93' title='bbox 1621 923 1721 1003; x_wconf 75' lang='lat' dir='ltr'><strong><em>Atqui</em></strong></span> <span class='ocrx_word' id='word_1_94' title='bbox 1736 922 2024 1004; x_wconf 79' lang='lat' dir='ltr'><strong><em>primoeideudum</em></strong></span> <span class='ocrx_word' id='word_1_95' title='bbox 2035 926 2110 999; x_wconf 82' lang='lat' dir='ltr'><strong><em>erut,</em></strong></span> <span class='ocrx_word' id='word_1_96' title='bbox 2131 919 2233 983; x_wconf 80' lang='lat' dir='ltr'><strong><em>sibim</em></strong></span> 
     </span>
     <span class='ocr_line' id='line_1_8' title="bbox 221 1007 2232 1092; baseline -0.004 -15"><span class='ocrx_word' id='word_1_97' title='bbox 221 1032 290 1077; x_wconf 87' lang='lat' dir='ltr'><strong><em>eam</em></strong></span> <span class='ocrx_word' id='word_1_98' title='bbox 322 1033 383 1075; x_wconf 82' lang='lat' dir='ltr'><strong><em>sue</em></strong></span> <span class='ocrx_word' id='word_1_99' title='bbox 415 1032 483 1076; x_wconf 80' lang='lat' dir='ltr'><strong><em>ecce</em></strong></span> <span class='ocrx_word' id='word_1_100' title='bbox 514 1013 641 1092; x_wconf 65' lang='lat' dir='ltr'><strong><em>offerret.</em></strong></span> <span class='ocrx_word' id='word_1_101' title='bbox 694 1010 859 1074; x_wconf 70' lang='lat' dir='ltr'><strong><em>Veritatem</em></strong></span> <span class='ocrx_word' id='word_1_102' title='bbox 889 1017 977 1075; x_wconf 84' lang='lat' dir='ltr'><strong><em>tuom</em></strong></span> <span class='ocrx_word' id='word_1_103' title='bbox 1009 1018 1037 1075; x_wconf 90' lang='lat' dir='ltr'><strong><em>et</em></strong></span> <span class='ocrx_word' id='word_1_104' title='bbox 1067 1011 1200 1075; x_wconf 83' lang='lat' dir='ltr'><strong><em>salutem</em></strong></span> <span class='ocrx_word' id='word_1_105' title='bbox 1252 1011 1384 1090; x_wconf 74' lang='lat' dir='ltr'><strong><em>artisque</em></strong></span> <span class='ocrx_word' id='word_1_106' title='bbox 1411 1009 1542 1090; x_wconf 80' lang='lat' dir='ltr'><strong><em>proprio</em></strong></span> <span class='ocrx_word' id='word_1_107' title='bbox 1573 1014 1673 1072; x_wconf 72' lang='lat' dir='ltr'><strong><em>auerte</em></strong></span> <span class='ocrx_word' id='word_1_108' title='bbox 1702 1008 1798 1087; x_wconf 72' lang='lat' dir='ltr'><strong><em>fidem</em></strong></span> <span class='ocrx_word' id='word_1_109' title='bbox 1827 1014 1979 1072; x_wconf 69' lang='lat' dir='ltr'><strong><em>occaect.-</em></strong></span> <span class='ocrx_word' id='word_1_110' title='bbox 2015 1028 2058 1071; x_wconf 87' lang='lat' dir='ltr'><strong><em>au</em></strong></span> <span class='ocrx_word' id='word_1_111' title='bbox 2095 1007 2232 1087; x_wconf 68' lang='lat' dir='ltr'><strong><em>spiritam</em></strong></span> 
     </span>
     <span class='ocr_line' id='line_1_9' title="bbox 215 1092 2231 1180; baseline -0.003 -18"><span class='ocrx_word' id='word_1_112' title='bbox 215 1097 421 1180; x_wconf 82' lang='lat' dir='ltr'><strong><em>praedicaci;</em></strong></span> <span class='ocrx_word' id='word_1_113' title='bbox 452 1117 514 1161; x_wconf 83' lang='lat' dir='ltr'><strong><em>rma</em></strong></span> <span class='ocrx_word' id='word_1_114' title='bbox 545 1097 641 1161; x_wconf 75' lang='lat' dir='ltr'><strong><em>celcra</em></strong></span> <span class='ocrx_word' id='word_1_115' title='bbox 672 1095 835 1162; x_wconf 85' lang='lat' dir='ltr'><strong><em>borritatem</em></strong></span> <span class='ocrx_word' id='word_1_116' title='bbox 867 1101 955 1161; x_wconf 88' lang='lat' dir='ltr'><strong><em>tuam</em></strong></span> <span class='ocrx_word' id='word_1_117' title='bbox 986 1102 1014 1161; x_wconf 85' lang='lat' dir='ltr'><strong><em>et</em></strong></span> <span class='ocrx_word' id='word_1_118' title='bbox 1042 1099 1200 1161; x_wconf 75' lang='lat' dir='ltr'><strong><em>omimtem</em></strong></span> <span class='ocrx_word' id='word_1_119' title='bbox 1250 1100 1377 1159; x_wconf 76' lang='lat' dir='ltr'><strong><em>sairdas</em></strong></span> <span class='ocrx_word' id='word_1_120' title='bbox 1397 1115 1460 1176; x_wconf 80' lang='lat' dir='ltr'><strong><em>per</em></strong></span> <span class='ocrx_word' id='word_1_121' title='bbox 1484 1114 1554 1158; x_wconf 88' lang='lat' dir='ltr'><strong><em>eam</em></strong></span> <span class='ocrx_word' id='word_1_122' title='bbox 1579 1095 1665 1158; x_wconf 88' lang='lat' dir='ltr'><strong><em>testis</em></strong></span> <span class='ocrx_word' id='word_1_123' title='bbox 1691 1095 1734 1158; x_wconf 85' lang='lat' dir='ltr'><strong><em>sit</em></strong></span> <span class='ocrx_word' id='word_1_124' title='bbox 1759 1094 1943 1174; x_wconf 66' lang='lat' dir='ltr'><strong><em>adoptionis.</em></strong></span> <span class='ocrx_word' id='word_1_125' title='bbox 1987 1093 2100 1173; x_wconf 83' lang='lat' dir='ltr'><strong><em>Itaque</em></strong></span> <span class='ocrx_word' id='word_1_126' title='bbox 2122 1092 2231 1174; x_wconf 82' lang='lat' dir='ltr'><strong><em>pueri·</em></strong></span> 
     </span>
     <span class='ocr_line' id='line_1_10' title="bbox 220 1179 2231 1267; baseline -0.004 -19"><span class='ocrx_word' id='word_1_127' title='bbox 220 1187 323 1248; x_wconf 74' lang='lat' dir='ltr'><strong><em>lucum</em></strong></span> <span class='ocrx_word' id='word_1_128' title='bbox 351 1183 472 1247; x_wconf 84' lang='lat' dir='ltr'><strong><em>bouitas</em></strong></span> <span class='ocrx_word' id='word_1_129' title='bbox 497 1188 553 1247; x_wconf 87' lang='lat' dir='ltr'><strong><em>tua</em></strong></span> <span class='ocrx_word' id='word_1_130' title='bbox 574 1187 603 1246; x_wconf 88' lang='lat' dir='ltr'><strong><em>et</em></strong></span> <span class='ocrx_word' id='word_1_131' title='bbox 623 1183 740 1247; x_wconf 84' lang='lat' dir='ltr'><strong><em>ceritas</em></strong></span> <span class='ocrx_word' id='word_1_132' title='bbox 760 1183 1002 1248; x_wconf 73' lang='lat' dir='ltr'><strong><em>carmaniae</em></strong></span> <span class='ocrx_word' id='word_1_133' title='bbox 1023 1183 1198 1267; x_wconf 75' lang='lat' dir='ltr'><strong><em>(Paullo,</em></strong></span> <span class='ocrx_word' id='word_1_134' title='bbox 1252 1181 1324 1246; x_wconf 86' lang='lat' dir='ltr'><strong><em>liter</em></strong></span> <span class='ocrx_word' id='word_1_135' title='bbox 1356 1181 1524 1261; x_wconf 80' lang='lat' dir='ltr'><strong><em>ineptiunt,</em></strong></span> <span class='ocrx_word' id='word_1_136' title='bbox 1557 1181 1730 1261; x_wconf 64' lang='lat' dir='ltr'><strong><em>maererrdo</em></strong></span> <span class='ocrx_word' id='word_1_137' title='bbox 1760 1202 1804 1244; x_wconf 82' lang='lat' dir='ltr'><strong><em>arr</em></strong></span> <span class='ocrx_word' id='word_1_138' title='bbox 1831 1180 1937 1245; x_wconf 85' lang='lat' dir='ltr'><strong><em>eadem</em></strong></span> <span class='ocrx_word' id='word_1_139' title='bbox 1963 1181 2006 1244; x_wconf 88' lang='lat' dir='ltr'><strong><em>sit</em></strong></span> <span class='ocrx_word' id='word_1_140' title='bbox 2029 1179 2109 1259; x_wconf 72' lang='lat' dir='ltr'><strong><em>tides</em></strong></span> <span class='ocrx_word' id='word_1_141' title='bbox 2136 1197 2231 1258; x_wconf 72' lang='lat' dir='ltr'><strong><em>artam</em></strong></span> 
     </span>
     <span class='ocr_line' id='line_1_11' title="bbox 224 1266 2230 1353; baseline -0.003 -21"><span class='ocrx_word' id='word_1_142' title='bbox 224 1267 289 1353; x_wconf 93' lang='lat'><strong><em>11).</em></strong></span> <span class='ocrx_word' id='word_1_143' title='bbox 332 1268 438 1332; x_wconf 76' lang='lat' dir='ltr'><strong><em>Alibi:</em></strong></span> <span class='ocrx_word' id='word_1_144' title='bbox 469 1268 685 1333; x_wconf 82' lang='lat' dir='ltr'><strong><em>misericordia</em></strong></span> <span class='ocrx_word' id='word_1_145' title='bbox 711 1273 766 1332; x_wconf 89' lang='lat' dir='ltr'><strong><em>tua</em></strong></span> <span class='ocrx_word' id='word_1_146' title='bbox 793 1270 836 1334; x_wconf 79' lang='lat' dir='ltr'><strong><em>art</em></strong></span> <span class='ocrx_word' id='word_1_147' title='bbox 862 1270 973 1346; x_wconf 77' lang='lat' dir='ltr'><strong><em>codas,</em></strong></span> <span class='ocrx_word' id='word_1_148' title='bbox 1003 1269 1117 1332; x_wconf 74' lang='lat' dir='ltr'><strong><em>veritas</em></strong></span> <span class='ocrx_word' id='word_1_149' title='bbox 1142 1273 1199 1332; x_wconf 86' lang='lat' dir='ltr'><strong><em>tua</em></strong></span> <span class='ocrx_word' id='word_1_150' title='bbox 1249 1268 1468 1348; x_wconf 81' lang='lat' dir='ltr'><strong><em>superueniens</em></strong></span> <span class='ocrx_word' id='word_1_151' title='bbox 1489 1266 1627 1346; x_wconf 76' lang='lat' dir='ltr'><strong><em>qualitas</em></strong></span> <span class='ocrx_word' id='word_1_152' title='bbox 1640 1267 1772 1348; x_wconf 75' lang='lat' dir='ltr'><strong><em>summat:</em></strong></span> <span class='ocrx_word' id='word_1_153' title='bbox 1791 1287 1834 1330; x_wconf 83' lang='lat' dir='ltr'><strong><em>art</em></strong></span> <span class='ocrx_word' id='word_1_154' title='bbox 1855 1287 1925 1331; x_wconf 87' lang='lat' dir='ltr'><strong><em>cero</em></strong></span> <span class='ocrx_word' id='word_1_155' title='bbox 1946 1266 2072 1330; x_wconf 78' lang='lat' dir='ltr'><strong><em>diuersa</em></strong></span> <span class='ocrx_word' id='word_1_156' title='bbox 2093 1269 2120 1329; x_wconf 88' lang='lat' dir='ltr'><strong><em>et</em></strong></span> <span class='ocrx_word' id='word_1_157' title='bbox 2142 1284 2230 1327; x_wconf 81' lang='lat' dir='ltr'><strong><em>ricae.</em></strong></span> 
     </span>
     <span class='ocr_line' id='line_1_12' title="bbox 220 1350 2232 1437; baseline -0.002 -20"><span class='ocrx_word' id='word_1_158' title='bbox 220 1374 319 1435; x_wconf 77' lang='lat' dir='ltr'><strong><em>resque</em></strong></span> <span class='ocrx_word' id='word_1_159' title='bbox 346 1354 389 1419; x_wconf 87' lang='lat' dir='ltr'><strong><em>ad</em></strong></span> <span class='ocrx_word' id='word_1_160' title='bbox 408 1354 503 1417; x_wconf 79' lang='lat' dir='ltr'><strong><em>rrubes</em></strong></span> <span class='ocrx_word' id='word_1_161' title='bbox 522 1353 613 1433; x_wconf 89' lang='lat' dir='ltr'>(ibid.</span> <span class='ocrx_word' id='word_1_162' title='bbox 633 1358 689 1431; x_wconf 77' lang='grc'><strong><em>36,</em></strong></span> <span class='ocrx_word' id='word_1_163' title='bbox 715 1354 759 1437; x_wconf 83' lang='lat' dir='ltr'><strong><em>o).</em></strong></span> <span class='ocrx_word' id='word_1_164' title='bbox 804 1353 899 1419; x_wconf 88' lang='lat' dir='ltr'><strong><em>Item:</em></strong></span> <span class='ocrx_word' id='word_1_165' title='bbox 926 1375 1030 1419; x_wconf 81' lang='lat' dir='ltr'><strong><em>murres</em></strong></span> <span class='ocrx_word' id='word_1_166' title='bbox 1057 1356 1128 1419; x_wconf 85' lang='lat' dir='ltr'><strong><em>aiae</em></strong></span> <span class='ocrx_word' id='word_1_167' title='bbox 1150 1353 1199 1418; x_wconf 85' lang='lat' dir='ltr'><strong><em>le-</em></strong></span> <span class='ocrx_word' id='word_1_168' title='bbox 1258 1352 1345 1417; x_wconf 85' lang='lat' dir='ltr'><strong><em>chle</em></strong></span> <span class='ocrx_word' id='word_1_169' title='bbox 1364 1350 1443 1416; x_wconf 75' lang='lat' dir='ltr'><strong><em>certo</em></strong></span> <span class='ocrx_word' id='word_1_170' title='bbox 1465 1358 1596 1433; x_wconf 71' lang='lat' dir='ltr'><strong><em>apparet</em></strong></span> <span class='ocrx_word' id='word_1_171' title='bbox 1616 1354 1663 1416; x_wconf 82' lang='lat' dir='ltr'><strong><em>ita</em></strong></span> <span class='ocrx_word' id='word_1_172' title='bbox 1679 1352 1847 1434; x_wconf 70' lang='lat' dir='ltr'><strong><em>parriermo</em></strong></span> <span class='ocrx_word' id='word_1_173' title='bbox 1868 1352 1905 1415; x_wconf 87' lang='lat' dir='ltr'><strong><em>de</em></strong></span> <span class='ocrx_word' id='word_1_174' title='bbox 1925 1350 2232 1435; x_wconf 78' lang='lat' dir='ltr'><strong><em>sirepularispiritus</em></strong></span> 
     </span>
     <span class='ocr_line' id='line_1_13' title="bbox 220 1437 2233 1523; baseline -0.003 -18"><span class='ocrx_word' id='word_1_175' title='bbox 220 1438 315 1505; x_wconf 84' lang='lat' dir='ltr'><strong><em>bovae</em></strong></span> <span class='ocrx_word' id='word_1_176' title='bbox 343 1440 500 1504; x_wconf 77' lang='lat' dir='ltr'><strong><em>clanculis</em></strong></span> <span class='ocrx_word' id='word_1_177' title='bbox 526 1445 553 1504; x_wconf 89' lang='lat' dir='ltr'><strong><em>et</em></strong></span> <span class='ocrx_word' id='word_1_178' title='bbox 580 1441 695 1503; x_wconf 85' lang='lat' dir='ltr'><strong><em>veritas</em></strong></span> <span class='ocrx_word' id='word_1_179' title='bbox 722 1440 964 1505; x_wconf 77' lang='lat' dir='ltr'><strong><em>custodierit-ibus</em></strong></span> <span class='ocrx_word' id='word_1_180' title='bbox 988 1441 1098 1523; x_wconf 78' lang='lat' dir='ltr'><strong><em>facilus</em></strong></span> <span class='ocrx_word' id='word_1_181' title='bbox 1129 1442 1199 1504; x_wconf 85' lang='lat' dir='ltr'><strong><em>eius</em></strong></span> <span class='ocrx_word' id='word_1_182' title='bbox 1249 1439 1329 1503; x_wconf 87' lang='lat' dir='ltr'><strong><em>douo</em></strong></span> <span class='ocrx_word' id='word_1_183' title='bbox 1359 1458 1519 1517; x_wconf 69' lang='lat' dir='ltr'><strong><em>scunarium</em></strong></span> <span class='ocrx_word' id='word_1_184' title='bbox 1544 1440 1710 1521; x_wconf 76' lang='lat' dir='ltr'><strong><em>copitasse:</em></strong></span> <span class='ocrx_word' id='word_1_185' title='bbox 1735 1439 1813 1519; x_wconf 81' lang='lat' dir='ltr'><strong><em>quia</em></strong></span> <span class='ocrx_word' id='word_1_186' title='bbox 1839 1439 1967 1502; x_wconf 85' lang='lat' dir='ltr'><strong><em>initium</em></strong></span> <span class='ocrx_word' id='word_1_187' title='bbox 1994 1437 2136 1503; x_wconf 76' lang='lat' dir='ltr'><strong><em>credendi</em></strong></span> <span class='ocrx_word' id='word_1_188' title='bbox 2164 1437 2233 1499; x_wconf 83' lang='lat' dir='ltr'><strong><em>iam</em></strong></span> 
     </span>
     <span class='ocr_line' id='line_1_14' title="bbox 221 1522 2233 1611; baseline -0.002 -22"><span class='ocrx_word' id='word_1_189' title='bbox 221 1524 312 1611; x_wconf 86' lang='lat' dir='ltr'>(ibid.</span> <span class='ocrx_word' id='word_1_190' title='bbox 326 1530 376 1597; x_wconf 82' lang='lat'><strong><em>25,</em></strong></span> <span class='ocrx_word' id='word_1_191' title='bbox 393 1528 454 1607; x_wconf 84' lang='lat' dir='ltr'><strong><em>lo).</em></strong></span> <span class='ocrx_word' id='word_1_192' title='bbox 483 1526 578 1589; x_wconf 87' lang='lat' dir='ltr'><strong><em>Iteru:</em></strong></span> <span class='ocrx_word' id='word_1_193' title='bbox 599 1526 806 1605; x_wconf 77' lang='lat' dir='ltr'><strong><em>ritriltiplicata</em></strong></span> <span class='ocrx_word' id='word_1_194' title='bbox 828 1531 872 1591; x_wconf 90' lang='lat' dir='ltr'><strong><em>est</em></strong></span> <span class='ocrx_word' id='word_1_195' title='bbox 892 1548 988 1608; x_wconf 81' lang='lat' dir='ltr'><strong><em>super</em></strong></span> <span class='ocrx_word' id='word_1_196' title='bbox 1005 1547 1061 1591; x_wconf 82' lang='lat' dir='ltr'><strong><em>rios</em></strong></span> <span class='ocrx_word' id='word_1_197' title='bbox 1077 1527 1198 1591; x_wconf 66' lang='lat' dir='ltr'><strong><em>nimmi-</em></strong></span> <span class='ocrx_word' id='word_1_198' title='bbox 1248 1524 1284 1587; x_wconf 84' lang='lat' dir='ltr'><strong><em>iu</em></strong></span> <span class='ocrx_word' id='word_1_199' title='bbox 1313 1544 1346 1589; x_wconf 88' lang='lat' dir='ltr'><strong><em>se</em></strong></span> <span class='ocrx_word' id='word_1_200' title='bbox 1373 1524 1647 1589; x_wconf 81' lang='lat' dir='ltr'><strong><em>reconciliationem</em></strong></span> <span class='ocrx_word' id='word_1_201' title='bbox 1674 1525 1818 1601; x_wconf 82' lang='lat' dir='ltr'><strong><em>mutirtet,</em></strong></span> <span class='ocrx_word' id='word_1_202' title='bbox 1848 1544 1913 1604; x_wconf 78' lang='lat' dir='ltr'><strong><em>qua</em></strong></span> <span class='ocrx_word' id='word_1_203' title='bbox 1940 1523 2028 1588; x_wconf 71' lang='lat' dir='ltr'><strong><em>lemno</em></strong></span> <span class='ocrx_word' id='word_1_204' title='bbox 2055 1524 2098 1589; x_wconf 81' lang='lat' dir='ltr'><strong><em>ad</em></strong></span> <span class='ocrx_word' id='word_1_205' title='bbox 2125 1522 2233 1587; x_wconf 79' lang='lat' dir='ltr'><strong><em>Deum</em></strong></span> 
     </span>
     <span class='ocr_line' id='line_1_15' title="bbox 220 1609 2230 1693; baseline -0.003 -16"><span class='ocrx_word' id='word_1_206' title='bbox 220 1612 328 1677; x_wconf 81' lang='lat' dir='ltr'><strong><em>cordia</em></strong></span> <span class='ocrx_word' id='word_1_207' title='bbox 349 1613 426 1687; x_wconf 71' lang='lat' dir='ltr'><strong><em>cirus,</em></strong></span> <span class='ocrx_word' id='word_1_208' title='bbox 448 1617 476 1675; x_wconf 82' lang='lat' dir='ltr'><strong><em>et</em></strong></span> <span class='ocrx_word' id='word_1_209' title='bbox 491 1613 607 1675; x_wconf 84' lang='lat' dir='ltr'><strong><em>ceritas</em></strong></span> <span class='ocrx_word' id='word_1_210' title='bbox 620 1612 754 1676; x_wconf 83' lang='lat' dir='ltr'><strong><em>Doraiui</em></strong></span> <span class='ocrx_word' id='word_1_211' title='bbox 767 1618 871 1676; x_wconf 84' lang='lat' dir='ltr'><strong><em>manet</em></strong></span> <span class='ocrx_word' id='word_1_212' title='bbox 888 1613 924 1676; x_wconf 86' lang='lat' dir='ltr'><strong><em>iu</em></strong></span> <span class='ocrx_word' id='word_1_213' title='bbox 936 1618 1094 1677; x_wconf 70' lang='lat' dir='ltr'><strong><em>aeteruum</em></strong></span> <span class='ocrx_word' id='word_1_214' title='bbox 1104 1611 1195 1691; x_wconf 91' lang='lat' dir='ltr'><strong><em>(ibid.</em></strong></span> <span class='ocrx_word' id='word_1_215' title='bbox 1249 1610 1371 1675; x_wconf 77' lang='lat' dir='ltr'><strong><em>occulit.</em></strong></span> <span class='ocrx_word' id='word_1_216' title='bbox 1419 1610 1507 1690; x_wconf 71' lang='lat' dir='ltr'><strong><em>Quod</em></strong></span> <span class='ocrx_word' id='word_1_217' title='bbox 1533 1611 1564 1675; x_wconf 87' lang='lat' dir='ltr'><strong><em>si</em></strong></span> <span class='ocrx_word' id='word_1_218' title='bbox 1589 1610 1792 1690; x_wconf 68' lang='lat' dir='ltr'><strong><em>iaperatorem</em></strong></span> <span class='ocrx_word' id='word_1_219' title='bbox 1812 1611 1896 1676; x_wconf 86' lang='lat' dir='ltr'><strong><em>illud</em></strong></span> <span class='ocrx_word' id='word_1_220' title='bbox 1919 1609 2019 1674; x_wconf 86' lang='lat' dir='ltr'><strong><em>Pauli</em></strong></span> <span class='ocrx_word' id='word_1_221' title='bbox 2044 1610 2154 1693; x_wconf 89' lang='lat' dir='ltr'><strong><em>(Rom.</em></strong></span> <span class='ocrx_word' id='word_1_222' title='bbox 2181 1612 2230 1684; x_wconf 87' lang='lat'><strong><em>10,</em></strong></span> 
     </span>
     <span class='ocr_line' id='line_1_16' title="bbox 224 1696 2233 1780; baseline -0.002 -20"><span class='ocrx_word' id='word_1_223' title='bbox 224 1701 295 1775; x_wconf 77' lang='lat'><strong><em>117,</em></strong></span> <span class='ocrx_word' id='word_1_224' title='bbox 315 1698 358 1780; x_wconf 83' lang='lat'><strong><em>2).</em></strong></span> <span class='ocrx_word' id='word_1_225' title='bbox 404 1696 499 1761; x_wconf 84' lang='lat' dir='ltr'><strong><em>Item:</em></strong></span> <span class='ocrx_word' id='word_1_226' title='bbox 520 1718 631 1761; x_wconf 80' lang='lat' dir='ltr'><strong><em>arrium</em></strong></span> <span class='ocrx_word' id='word_1_227' title='bbox 652 1699 771 1762; x_wconf 80' lang='lat' dir='ltr'><strong><em>rmrrriui</em></strong></span> <span class='ocrx_word' id='word_1_228' title='bbox 791 1703 843 1761; x_wconf 91' lang='lat' dir='ltr'><strong><em>tuo</em></strong></span> <span class='ocrx_word' id='word_1_229' title='bbox 864 1718 960 1780; x_wconf 82' lang='lat' dir='ltr'><strong><em>super</em></strong></span> <span class='ocrx_word' id='word_1_230' title='bbox 980 1698 1196 1763; x_wconf 85' lang='lat' dir='ltr'><strong><em>misericordia</em></strong></span> <span class='ocrx_word' id='word_1_231' title='bbox 1252 1697 1322 1779; x_wconf 89' lang='grc'>10);</span> <span class='ocrx_word' id='word_1_232' title='bbox 1348 1697 1437 1761; x_wconf 87' lang='lat' dir='ltr'><strong><em>corde</em></strong></span> <span class='ocrx_word' id='word_1_233' title='bbox 1471 1696 1607 1760; x_wconf 78' lang='lat' dir='ltr'><strong><em>erulitur</em></strong></span> <span class='ocrx_word' id='word_1_234' title='bbox 1637 1696 1680 1760; x_wconf 88' lang='lat' dir='ltr'><strong><em>ad</em></strong></span> <span class='ocrx_word' id='word_1_235' title='bbox 1713 1697 1883 1777; x_wconf 80' lang='lat' dir='ltr'><strong><em>iustitiam,</em></strong></span> <span class='ocrx_word' id='word_1_236' title='bbox 1916 1696 2033 1778; x_wconf 76' lang='lat' dir='ltr'><strong><em>fiapme</em></strong></span> <span class='ocrx_word' id='word_1_237' title='bbox 2059 1696 2233 1759; x_wconf 75' lang='lat' dir='ltr'><strong><em>desisterent</em></strong></span> 
     </span>
     <span class='ocr_line' id='line_1_17' title="bbox 219 1781 2232 1865; baseline -0.002 -16"><span class='ocrx_word' id='word_1_238' title='bbox 219 1785 394 1849; x_wconf 76' lang='lat' dir='ltr'><strong><em>alacritate</em></strong></span> <span class='ocrx_word' id='word_1_239' title='bbox 414 1788 469 1847; x_wconf 80' lang='lat' dir='ltr'><strong><em>trra</em></strong></span> <span class='ocrx_word' id='word_1_240' title='bbox 488 1781 578 1865; x_wconf 86' lang='lat' dir='ltr'>(ibid.</span> <span class='ocrx_word' id='word_1_241' title='bbox 603 1786 671 1860; x_wconf 79' lang='lat'><strong><em>138,</em></strong></span> <span class='ocrx_word' id='word_1_242' title='bbox 691 1784 735 1863; x_wconf 84' lang='lat'><strong><em>2).</em></strong></span> <span class='ocrx_word' id='word_1_243' title='bbox 773 1783 887 1848; x_wconf 86' lang='lat' dir='ltr'><strong><em>Omitto</em></strong></span> <span class='ocrx_word' id='word_1_244' title='bbox 908 1787 990 1865; x_wconf 71' lang='lat' dir='ltr'><strong><em>peuri</em></strong></span> <span class='ocrx_word' id='word_1_245' title='bbox 1011 1786 1046 1848; x_wconf 86' lang='lat' dir='ltr'><strong><em>iu</em></strong></span> <span class='ocrx_word' id='word_1_246' title='bbox 1068 1785 1197 1848; x_wconf 66' lang='lat' dir='ltr'><strong><em>carmem</em></strong></span> <span class='ocrx_word' id='word_1_247' title='bbox 1246 1782 1402 1864; x_wconf 63' lang='lat' dir='ltr'><strong><em>stipidum</em></strong></span> <span class='ocrx_word' id='word_1_248' title='bbox 1429 1782 1520 1847; x_wconf 86' lang='lat' dir='ltr'><strong><em>illam</em></strong></span> <span class='ocrx_word' id='word_1_249' title='bbox 1547 1782 1737 1863; x_wconf 68' lang='lat' dir='ltr'><strong><em>qualitatem.</em></strong></span> <span class='ocrx_word' id='word_1_250' title='bbox 1784 1782 1823 1846; x_wconf 87' lang='lat' dir='ltr'><strong><em>Si</em></strong></span> <span class='ocrx_word' id='word_1_251' title='bbox 1848 1803 1914 1846; x_wconf 82' lang='lat' dir='ltr'><strong><em>urta</em></strong></span> <span class='ocrx_word' id='word_1_252' title='bbox 1943 1782 2018 1847; x_wconf 77' lang='lat' dir='ltr'><strong><em>ltoec</em></strong></span> <span class='ocrx_word' id='word_1_253' title='bbox 2044 1781 2133 1846; x_wconf 85' lang='lat' dir='ltr'><strong><em>uobis</em></strong></span> <span class='ocrx_word' id='word_1_254' title='bbox 2157 1800 2232 1860; x_wconf 78' lang='lat' dir='ltr'><strong><em>sup-</em></strong></span> 
     </span>
     <span class='ocr_line' id='line_1_18' title="bbox 217 1867 2229 1952; baseline -0.002 -18"><span class='ocrx_word' id='word_1_255' title='bbox 217 1870 399 1936; x_wconf 84' lang='lat' dir='ltr'><strong><em>seuteutiam</em></strong></span> <span class='ocrx_word' id='word_1_256' title='bbox 426 1868 511 1949; x_wconf 81' lang='lat' dir='ltr'><strong><em>apud</em></strong></span> <span class='ocrx_word' id='word_1_257' title='bbox 535 1868 705 1950; x_wconf 82' lang='lat' dir='ltr'><strong><em>prophetas</em></strong></span> <span class='ocrx_word' id='word_1_258' title='bbox 732 1870 859 1952; x_wconf 78' lang='lat' dir='ltr'><strong><em>lepitur,</em></strong></span> <span class='ocrx_word' id='word_1_259' title='bbox 892 1869 997 1934; x_wconf 87' lang='lat' dir='ltr'><strong><em>Deum</em></strong></span> <span class='ocrx_word' id='word_1_260' title='bbox 1024 1871 1197 1934; x_wconf 80' lang='lat' dir='ltr'><strong><em>cleareutem</em></strong></span> <span class='ocrx_word' id='word_1_261' title='bbox 1242 1873 1359 1948; x_wconf 80' lang='lat' dir='ltr'><strong><em>peteret</em></strong></span> <span class='ocrx_word' id='word_1_262' title='bbox 1379 1870 1476 1943; x_wconf 87' lang='lat' dir='ltr'><strong><em>ratio,</em></strong></span> <span class='ocrx_word' id='word_1_263' title='bbox 1498 1869 1600 1932; x_wconf 86' lang='lat' dir='ltr'><strong><em>valere</em></strong></span> <span class='ocrx_word' id='word_1_264' title='bbox 1620 1868 1736 1933; x_wconf 75' lang='lat' dir='ltr'><strong><em>deberet</em></strong></span> <span class='ocrx_word' id='word_1_265' title='bbox 1753 1869 1795 1932; x_wconf 85' lang='lat' dir='ltr'><strong><em>ad</em></strong></span> <span class='ocrx_word' id='word_1_266' title='bbox 1814 1869 1898 1933; x_wconf 89' lang='lat' dir='ltr'><strong><em>litem</em></strong></span> <span class='ocrx_word' id='word_1_267' title='bbox 1912 1867 2101 1948; x_wconf 77' lang='lat' dir='ltr'><strong><em>finierutam:</em></strong></span> <span class='ocrx_word' id='word_1_268' title='bbox 2123 1887 2229 1931; x_wconf 85' lang='lat' dir='ltr'><strong><em>asseu-</em></strong></span> 
     </span>
     <span class='ocr_line' id='line_1_19' title="bbox 188 1954 2229 2037; baseline -0.002 -16"><span class='ocrx_word' id='word_1_269' title='bbox 188 2006 192 2013; x_wconf 88' lang='lat'><strong><em>.</em></strong></span> <span class='ocrx_word' id='word_1_270' title='bbox 218 1974 283 2021; x_wconf 75' lang='lat' dir='ltr'><strong><em>asse</em></strong></span> <span class='ocrx_word' id='word_1_271' title='bbox 308 1960 335 2019; x_wconf 89' lang='lat' dir='ltr'><strong><em>et</em></strong></span> <span class='ocrx_word' id='word_1_272' title='bbox 356 1955 478 2035; x_wconf 60' lang='lat' dir='ltr'><strong><em>fidetem</em></strong></span> <span class='ocrx_word' id='word_1_273' title='bbox 499 1955 535 2017; x_wconf 82' lang='lat' dir='ltr'><strong><em>iri</em></strong></span> <span class='ocrx_word' id='word_1_274' title='bbox 551 1956 729 2034; x_wconf 86' lang='lat' dir='ltr'><strong><em>promissis.</em></strong></span> <span class='ocrx_word' id='word_1_275' title='bbox 776 1956 901 2021; x_wconf 81' lang='lat' dir='ltr'><strong><em>Temere</em></strong></span> <span class='ocrx_word' id='word_1_276' title='bbox 923 1959 1005 2020; x_wconf 86' lang='lat' dir='ltr'><strong><em>euim</em></strong></span> <span class='ocrx_word' id='word_1_277' title='bbox 1026 1961 1196 2021; x_wconf 82' lang='lat' dir='ltr'><strong><em>statuemus</em></strong></span> <span class='ocrx_word' id='word_1_278' title='bbox 1247 1954 1365 2017; x_wconf 72' lang='lat' dir='ltr'><strong><em>moriem</em></strong></span> <span class='ocrx_word' id='word_1_279' title='bbox 1385 1954 1499 2019; x_wconf 83' lang='lat' dir='ltr'><strong><em>scit-icet</em></strong></span> <span class='ocrx_word' id='word_1_280' title='bbox 1520 1955 1636 2035; x_wconf 78' lang='lat' dir='ltr'><strong><em>ipsam.</em></strong></span> <span class='ocrx_word' id='word_1_281' title='bbox 1659 1956 1753 2019; x_wconf 88' lang='lat' dir='ltr'><strong><em>sicuti</em></strong></span> <span class='ocrx_word' id='word_1_282' title='bbox 1775 1976 1812 2018; x_wconf 79' lang='lat' dir='ltr'><strong><em>ee</em></strong></span> <span class='ocrx_word' id='word_1_283' title='bbox 1828 1960 1921 2035; x_wconf 83' lang='lat' dir='ltr'><strong><em>parte</em></strong></span> <span class='ocrx_word' id='word_1_284' title='bbox 1940 1955 2046 2037; x_wconf 80' lang='lat' dir='ltr'><strong><em>ottipi,</em></strong></span> <span class='ocrx_word' id='word_1_285' title='bbox 2074 1959 2102 2017; x_wconf 83' lang='lat' dir='ltr'><strong><em>et</em></strong></span> <span class='ocrx_word' id='word_1_286' title='bbox 2120 1954 2229 2034; x_wconf 74' lang='lat' dir='ltr'><strong><em>tissime</em></strong></span> 
     </span>
     <span class='ocr_line' id='line_1_20' title="bbox 217 2038 2228 2123; baseline -0.003 -14"><span class='ocrx_word' id='word_1_287' title='bbox 217 2038 323 2109; x_wconf 79' lang='lat' dir='ltr'><strong><em>Detur</em></strong></span> <span class='ocrx_word' id='word_1_288' title='bbox 344 2041 432 2105; x_wconf 81' lang='lat' dir='ltr'><strong><em>rrobis</em></strong></span> <span class='ocrx_word' id='word_1_289' title='bbox 447 2041 633 2121; x_wconf 81' lang='lat' dir='ltr'><strong><em>propitium,</em></strong></span> <span class='ocrx_word' id='word_1_290' title='bbox 655 2041 721 2104; x_wconf 84' lang='lat' dir='ltr'><strong><em>uisi</em></strong></span> <span class='ocrx_word' id='word_1_291' title='bbox 741 2042 780 2106; x_wconf 86' lang='lat' dir='ltr'><strong><em>cle</em></strong></span> <span class='ocrx_word' id='word_1_292' title='bbox 799 2063 832 2106; x_wconf 88' lang='lat' dir='ltr'><strong><em>se</em></strong></span> <span class='ocrx_word' id='word_1_293' title='bbox 849 2047 973 2106; x_wconf 88' lang='lat' dir='ltr'><strong><em>testetur</em></strong></span> <span class='ocrx_word' id='word_1_294' title='bbox 985 2043 1059 2123; x_wconf 83' lang='lat' dir='ltr'><strong><em>ipse,</em></strong></span> <span class='ocrx_word' id='word_1_295' title='bbox 1081 2063 1197 2122; x_wconf 81' lang='lat' dir='ltr'><strong><em>nosque</em></strong></span> <span class='ocrx_word' id='word_1_296' title='bbox 1247 2041 1358 2103; x_wconf 73' lang='lat' dir='ltr'><strong><em>immor</em></strong></span> <span class='ocrx_word' id='word_1_297' title='bbox 1382 2045 1534 2120; x_wconf 79' lang='lat' dir='ltr'><strong><em>repetam,</em></strong></span> <span class='ocrx_word' id='word_1_298' title='bbox 1566 2042 1669 2105; x_wconf 85' lang='lat' dir='ltr'><strong><em>cordis</em></strong></span> <span class='ocrx_word' id='word_1_299' title='bbox 1695 2061 1760 2105; x_wconf 87' lang='lat' dir='ltr'><strong><em>esse</em></strong></span> <span class='ocrx_word' id='word_1_300' title='bbox 1786 2042 1889 2123; x_wconf 77' lang='lat' dir='ltr'><strong><em>mapis</em></strong></span> <span class='ocrx_word' id='word_1_301' title='bbox 1916 2062 2011 2120; x_wconf 71' lang='lat' dir='ltr'><strong><em>arram</em></strong></span> <span class='ocrx_word' id='word_1_302' title='bbox 2038 2039 2167 2117; x_wconf 83' lang='lat' dir='ltr'><strong><em>cerebri,</em></strong></span> <span class='ocrx_word' id='word_1_303' title='bbox 2201 2044 2228 2103; x_wconf 91' lang='lat' dir='ltr'><strong><em>et</em></strong></span> 
     </span>
     <span class='ocr_line' id='line_1_21' title="bbox 217 2125 2227 2210; baseline -0.002 -18"><span class='ocrx_word' id='word_1_304' title='bbox 217 2146 279 2192; x_wconf 74' lang='lat' dir='ltr'><strong><em>ata</em></strong></span> <span class='ocrx_word' id='word_1_305' title='bbox 306 2127 487 2190; x_wconf 78' lang='lat' dir='ltr'><strong><em>iteritatioue</em></strong></span> <span class='ocrx_word' id='word_1_306' title='bbox 509 2128 707 2206; x_wconf 74' lang='lat' dir='ltr'><strong><em>praeueniret,</em></strong></span> <span class='ocrx_word' id='word_1_307' title='bbox 736 2148 773 2191; x_wconf 85' lang='lat' dir='ltr'><strong><em>ue</em></strong></span> <span class='ocrx_word' id='word_1_308' title='bbox 799 2129 898 2193; x_wconf 89' lang='lat' dir='ltr'><strong><em>dubia</em></strong></span> <span class='ocrx_word' id='word_1_309' title='bbox 923 2129 973 2194; x_wconf 85' lang='lat' dir='ltr'><strong><em>uel</em></strong></span> <span class='ocrx_word' id='word_1_310' title='bbox 999 2128 1129 2193; x_wconf 89' lang='lat' dir='ltr'><strong><em>obscura</em></strong></span> <span class='ocrx_word' id='word_1_311' title='bbox 1153 2130 1196 2192; x_wconf 86' lang='lat' dir='ltr'><strong><em>sit</em></strong></span> <span class='ocrx_word' id='word_1_312' title='bbox 1247 2128 1373 2206; x_wconf 72' lang='lat' dir='ltr'><strong><em>affectrts</em></strong></span> <span class='ocrx_word' id='word_1_313' title='bbox 1394 2127 1497 2208; x_wconf 74' lang='lat' dir='ltr'><strong><em>erupis</em></strong></span> <span class='ocrx_word' id='word_1_314' title='bbox 1519 2147 1613 2207; x_wconf 79' lang='lat' dir='ltr'><strong><em>priam</em></strong></span> <span class='ocrx_word' id='word_1_315' title='bbox 1633 2127 1859 2210; x_wconf 76' lang='lat' dir='ltr'><strong><em>iutellipeutiae.</em></strong></span> <span class='ocrx_word' id='word_1_316' title='bbox 1903 2125 1979 2207; x_wconf 79' lang='lat' dir='ltr'><strong><em>Qua</em></strong></span> <span class='ocrx_word' id='word_1_317' title='bbox 2000 2127 2127 2190; x_wconf 87' lang='lat' dir='ltr'><strong><em>ratione</em></strong></span> <span class='ocrx_word' id='word_1_318' title='bbox 2150 2125 2227 2191; x_wconf 88' lang='lat' dir='ltr'><strong><em>obe-</em></strong></span> 
     </span>
     <span class='ocr_line' id='line_1_22' title="bbox 216 2210 2225 2296; baseline -0.002 -17"><span class='ocrx_word' id='word_1_319' title='bbox 216 2213 368 2279; x_wconf 81' lang='lat' dir='ltr'><strong><em>uoluutas.</em></strong></span> <span class='ocrx_word' id='word_1_320' title='bbox 401 2211 475 2275; x_wconf 91' lang='lat' dir='ltr'><strong><em>Iam</em></strong></span> <span class='ocrx_word' id='word_1_321' title='bbox 496 2217 598 2276; x_wconf 65' lang='lat' dir='ltr'><strong><em>aubia</em></strong></span> <span class='ocrx_word' id='word_1_322' title='bbox 618 2214 723 2277; x_wconf 66' lang='lat' dir='ltr'><strong><em>amutii</em></strong></span> <span class='ocrx_word' id='word_1_323' title='bbox 738 2217 782 2277; x_wconf 86' lang='lat' dir='ltr'><strong><em>est</em></strong></span> <span class='ocrx_word' id='word_1_324' title='bbox 799 2216 927 2278; x_wconf 76' lang='lat' dir='ltr'><strong><em>terricum</em></strong></span> <span class='ocrx_word' id='word_1_325' title='bbox 944 2216 1061 2278; x_wconf 75' lang='lat' dir='ltr'><strong><em>ameris</em></strong></span> <span class='ocrx_word' id='word_1_326' title='bbox 1076 2216 1196 2295; x_wconf 73' lang='lat' dir='ltr'><strong><em>piparas</em></strong></span> <span class='ocrx_word' id='word_1_327' title='bbox 1246 2210 1370 2275; x_wconf 86' lang='lat' dir='ltr'><strong><em>dientiu</em></strong></span> <span class='ocrx_word' id='word_1_328' title='bbox 1392 2210 1624 2276; x_wconf 85' lang='lat' dir='ltr'><strong><em>vocaturfidei</em></strong></span> <span class='ocrx_word' id='word_1_329' title='bbox 1647 2214 1758 2296; x_wconf 89' lang='lat' dir='ltr'><strong><em>(Rom.</em></strong></span> <span class='ocrx_word' id='word_1_330' title='bbox 1783 2212 1883 2295; x_wconf 81' lang='lat'><strong><em>1,5)‚</em></strong></span> <span class='ocrx_word' id='word_1_331' title='bbox 1905 2213 1957 2276; x_wconf 89' lang='lat' dir='ltr'><strong><em>cui</em></strong></span> <span class='ocrx_word' id='word_1_332' title='bbox 1979 2212 2110 2275; x_wconf 88' lang='lat' dir='ltr'><strong><em>nullum</em></strong></span> <span class='ocrx_word' id='word_1_333' title='bbox 2133 2211 2225 2276; x_wconf 88' lang='lat' dir='ltr'><strong><em>aliud</em></strong></span> 
     </span>
     <span class='ocr_line' id='line_1_23' title="bbox 217 2296 2223 2381; baseline -0.002 -16"><span class='ocrx_word' id='word_1_334' title='bbox 217 2318 283 2365; x_wconf 80' lang='lat' dir='ltr'><strong><em>esse</em></strong></span> <span class='ocrx_word' id='word_1_335' title='bbox 306 2296 480 2373; x_wconf 75' lang='lat' dir='ltr'><strong><em>Christum,</em></strong></span> <span class='ocrx_word' id='word_1_336' title='bbox 507 2299 576 2361; x_wconf 85' lang='lat' dir='ltr'><strong><em>siue</em></strong></span> <span class='ocrx_word' id='word_1_337' title='bbox 602 2320 663 2378; x_wconf 75' lang='lat' dir='ltr'><strong><em>atro</em></strong></span> <span class='ocrx_word' id='word_1_338' title='bbox 683 2320 811 2364; x_wconf 86' lang='lat' dir='ltr'><strong><em>sursum</em></strong></span> <span class='ocrx_word' id='word_1_339' title='bbox 831 2305 859 2365; x_wconf 88' lang='lat' dir='ltr'><strong><em>et</em></strong></span> <span class='ocrx_word' id='word_1_340' title='bbox 879 2301 1022 2365; x_wconf 84' lang='lat' dir='ltr'><strong><em>deorsma</em></strong></span> <span class='ocrx_word' id='word_1_341' title='bbox 1043 2305 1195 2381; x_wconf 84' lang='lat' dir='ltr'><strong><em>appareat</em></strong></span> <span class='ocrx_word' id='word_1_342' title='bbox 1245 2296 1436 2379; x_wconf 84' lang='lat' dir='ltr'><strong><em>obsequium</em></strong></span> <span class='ocrx_word' id='word_1_343' title='bbox 1457 2299 1601 2380; x_wconf 87' lang='lat' dir='ltr'><strong><em>praefert</em></strong></span> <span class='ocrx_word' id='word_1_344' title='bbox 1622 2300 1795 2377; x_wconf 84' lang='lat' dir='ltr'><strong><em>Dominus,</em></strong></span> <span class='ocrx_word' id='word_1_345' title='bbox 1818 2307 1851 2363; x_wconf 92' lang='lat' dir='ltr'><strong><em>et</em></strong></span> <span class='ocrx_word' id='word_1_346' title='bbox 1873 2300 1998 2375; x_wconf 89' lang='lat' dir='ltr'><strong><em>merito,</em></strong></span> <span class='ocrx_word' id='word_1_347' title='bbox 2022 2296 2152 2380; x_wconf 88' lang='lat' dir='ltr'><strong><em>quando</em></strong></span> <span class='ocrx_word' id='word_1_348' title='bbox 2175 2298 2223 2361; x_wconf 91' lang='lat' dir='ltr'><strong><em>illi</em></strong></span> 
     </span>
     <span class='ocr_line' id='line_1_24' title="bbox 217 2382 2308 2468; baseline 0 -20"><span class='ocrx_word' id='word_1_349' title='bbox 217 2383 284 2449; x_wconf 86' lang='lat' dir='ltr'><strong><em>odii</em></strong></span> <span class='ocrx_word' id='word_1_350' title='bbox 305 2388 333 2447; x_wconf 86' lang='lat' dir='ltr'><strong><em>et</em></strong></span> <span class='ocrx_word' id='word_1_351' title='bbox 354 2384 423 2447; x_wconf 87' lang='lat' dir='ltr'><strong><em>irae</em></strong></span> <span class='ocrx_word' id='word_1_352' title='bbox 442 2384 544 2465; x_wconf 76' lang='lat' dir='ltr'><strong><em>sipua.</em></strong></span> <span class='ocrx_word' id='word_1_353' title='bbox 571 2383 644 2448; x_wconf 90' lang='lat' dir='ltr'><strong><em>Iam</em></strong></span> <span class='ocrx_word' id='word_1_354' title='bbox 664 2407 767 2468; x_wconf 89' lang='lat' dir='ltr'><strong><em>quum</em></strong></span> <span class='ocrx_word' id='word_1_355' title='bbox 789 2409 855 2450; x_wconf 92' lang='lat' dir='ltr'><strong><em>non</em></strong></span> <span class='ocrx_word' id='word_1_356' title='bbox 877 2386 1019 2450; x_wconf 90' lang='lat' dir='ltr'><strong><em>multum</em></strong></span> <span class='ocrx_word' id='word_1_357' title='bbox 1040 2385 1194 2450; x_wconf 90' lang='lat' dir='ltr'><strong><em>habitura</em></strong></span> <span class='ocrx_word' id='word_1_358' title='bbox 1244 2404 1304 2447; x_wconf 86' lang='lat' dir='ltr'><strong><em>sua</em></strong></span> <span class='ocrx_word' id='word_1_359' title='bbox 1325 2384 1462 2447; x_wconf 86' lang='lat' dir='ltr'><strong><em>veritate</em></strong></span> <span class='ocrx_word' id='word_1_360' title='bbox 1483 2384 1566 2448; x_wconf 86' lang='lat' dir='ltr'><strong><em>nihil</em></strong></span> <span class='ocrx_word' id='word_1_361' title='bbox 1584 2386 1830 2467; x_wconf 87' lang='lat' dir='ltr'><strong><em>ostpretiosius;</em></strong></span> <span class='ocrx_word' id='word_1_362' title='bbox 1852 2406 1950 2467; x_wconf 86' lang='lat' dir='ltr'><strong><em>quarn</em></strong></span> <span class='ocrx_word' id='word_1_363' title='bbox 1967 2406 1988 2448; x_wconf 91' lang='lat' dir='ltr'><strong><em>a</em></strong></span> <span class='ocrx_word' id='word_1_364' title='bbox 2003 2382 2222 2463; x_wconf 78' lang='lat' dir='ltr'><strong><em>credentibus,</em></strong></span> <span class='ocrx_word' id='word_1_365' title='bbox 2302 2408 2308 2413; x_wconf 93' lang='lat'>·</span> 
     </span>
     <span class='ocr_line' id='line_1_25' title="bbox 217 2468 2224 2553; baseline 0 -19"><span class='ocrx_word' id='word_1_366' title='bbox 217 2469 262 2535; x_wconf 90' lang='lat' dir='ltr'><strong><em>sit</em></strong></span> <span class='ocrx_word' id='word_1_367' title='bbox 282 2469 441 2532; x_wconf 85' lang='lat' dir='ltr'><strong><em>momenti</em></strong></span> <span class='ocrx_word' id='word_1_368' title='bbox 463 2468 593 2534; x_wconf 77' lang='lat' dir='ltr'><strong><em>divinae</em></strong></span> <span class='ocrx_word' id='word_1_369' title='bbox 614 2469 767 2536; x_wconf 85' lang='lat' dir='ltr'><strong><em>bonitatis</em></strong></span> <span class='ocrx_word' id='word_1_370' title='bbox 790 2473 915 2547; x_wconf 84' lang='lat' dir='ltr'><strong><em>notitia,</em></strong></span> <span class='ocrx_word' id='word_1_371' title='bbox 938 2472 1001 2535; x_wconf 90' lang='lat' dir='ltr'><strong><em>nisi</em></strong></span> <span class='ocrx_word' id='word_1_372' title='bbox 1018 2473 1052 2536; x_wconf 93' lang='lat' dir='ltr'><strong><em>in</em></strong></span> <span class='ocrx_word' id='word_1_373' title='bbox 1070 2491 1109 2534; x_wconf 89' lang='lat' dir='ltr'><strong><em>ea</em></strong></span> <span class='ocrx_word' id='word_1_374' title='bbox 1132 2491 1193 2536; x_wconf 92' lang='lat' dir='ltr'><strong><em>nos</em></strong></span> <span class='ocrx_word' id='word_1_375' title='bbox 1243 2469 1337 2551; x_wconf 86' lang='lat' dir='ltr'><strong><em>quusi</em></strong></span> <span class='ocrx_word' id='word_1_376' title='bbox 1357 2470 1594 2552; x_wconf 82' lang='lat' dir='ltr'><strong><em>subscriptione</em></strong></span> <span class='ocrx_word' id='word_1_377' title='bbox 1616 2471 1711 2541; x_wconf 85' lang='lat' dir='ltr'><strong><em>facta.</em></strong></span> <span class='ocrx_word' id='word_1_378' title='bbox 1734 2471 1900 2553; x_wconf 85' lang='lat' dir='ltr'><strong><em>obsignari</em></strong></span> <span class='ocrx_word' id='word_1_379' title='bbox 1917 2470 2059 2534; x_wconf 87' lang='lat' dir='ltr'><strong><em>Ioannes</em></strong></span> <span class='ocrx_word' id='word_1_380' title='bbox 2070 2470 2224 2552; x_wconf 86' lang='lat' dir='ltr'><strong><em>Baptista</em></strong></span> 
     </span>
     <span class='ocr_line' id='line_1_26' title="bbox 216 2526 2223 2653; baseline -0 -34"><span class='ocrx_word' id='word_1_381' title='bbox 216 2556 420 2637; x_wconf 84' lang='lat' dir='ltr'><strong><em>acquiescere</em></strong></span> <span class='ocrx_word' id='word_1_382' title='bbox 441 2555 549 2631; x_wconf 84' lang='lat' dir='ltr'><strong><em>faciut,</em></strong></span> <span class='ocrx_word' id='word_1_383' title='bbox 570 2555 774 2621; x_wconf 76' lang='lat' dir='ltr'><strong><em>excludendo</em></strong></span> <span class='ocrx_word' id='word_1_384' title='bbox 794 2568 845 2622; x_wconf 85' lang='lat' dir='ltr'><strong><em>est</em></strong></span> <span class='ocrx_word' id='word_1_385' title='bbox 866 2557 1067 2623; x_wconf 88' lang='lat' dir='ltr'><strong><em>dubitatione</em></strong></span> <span class='ocrx_word' id='word_1_386' title='bbox 1088 2526 1220 2653; x_wconf 62' lang='lat' dir='ltr'><strong><em>mixtu!</em></strong></span> <span class='ocrx_word' id='word_1_387' title='bbox 1245 2564 1295 2620; x_wconf 84' lang='lat' dir='ltr'><strong><em>cst</em></strong></span> <span class='ocrx_word' id='word_1_388' title='bbox 1315 2556 1409 2619; x_wconf 87' lang='lat' dir='ltr'><strong><em>testis</em></strong></span> <span class='ocrx_word' id='word_1_389' title='bbox 1427 2554 1554 2639; x_wconf 89' lang='lat' dir='ltr'><strong><em>(lounn.</em></strong></span> <span class='ocrx_word' id='word_1_390' title='bbox 1568 2561 1596 2633; x_wconf 90' lang='lat'><strong><em>3,</em></strong></span> <span class='ocrx_word' id='word_1_391' title='bbox 1611 2558 1676 2637; x_wconf 88' lang='lat'><strong>33).</strong></span> <span class='ocrx_word' id='word_1_392' title='bbox 1707 2555 1871 2636; x_wconf 80' lang='lat' dir='ltr'><strong><em>Quoniam</em></strong></span> <span class='ocrx_word' id='word_1_393' title='bbox 1892 2578 1945 2621; x_wconf 89' lang='lat' dir='ltr'><strong><em>res</em></strong></span> <span class='ocrx_word' id='word_1_394' title='bbox 1965 2557 2101 2620; x_wconf 90' lang='lat' dir='ltr'><strong><em>minimo</em></strong></span> <span class='ocrx_word' id='word_1_395' title='bbox 2123 2556 2223 2619; x_wconf 87' lang='lat' dir='ltr'><strong><em>dubia</em></strong></span> 
     </span>
     <span class='ocr_line' id='line_1_27' title="bbox 214 2641 2221 2725; baseline -0.001 -17"><span class='ocrx_word' id='word_1_396' title='bbox 214 2641 446 2724; x_wconf 82' lang='lat' dir='ltr'><strong><em>intelligentia,</em></strong></span> <span class='ocrx_word' id='word_1_397' title='bbox 468 2661 552 2723; x_wconf 85' lang='lat' dir='ltr'><strong><em>quac</em></strong></span> <span class='ocrx_word' id='word_1_398' title='bbox 573 2663 641 2705; x_wconf 93' lang='lat' dir='ltr'><strong><em>non</em></strong></span> <span class='ocrx_word' id='word_1_399' title='bbox 663 2642 765 2708; x_wconf 85' lang='lat' dir='ltr'><strong><em>solide</em></strong></span> <span class='ocrx_word' id='word_1_400' title='bbox 788 2644 849 2708; x_wconf 92' lang='lat' dir='ltr'><strong><em>sibi</em></strong></span> <span class='ocrx_word' id='word_1_401' title='bbox 872 2653 1013 2721; x_wconf 88' lang='lat' dir='ltr'><strong><em>constet,</em></strong></span> <span class='ocrx_word' id='word_1_402' title='bbox 1044 2642 1101 2706; x_wconf 89' lang='lat' dir='ltr'><strong><em>sed</em></strong></span> <span class='ocrx_word' id='word_1_403' title='bbox 1122 2644 1193 2725; x_wconf 89' lang='lat' dir='ltr'><strong><em>ipsa</em></strong></span> <span class='ocrx_word' id='word_1_404' title='bbox 1244 2648 1308 2717; x_wconf 88' lang='lat' dir='ltr'><strong><em>ost,</em></strong></span> <span class='ocrx_word' id='word_1_405' title='bbox 1342 2662 1407 2705; x_wconf 93' lang='lat' dir='ltr'><strong><em>uno</em></strong></span> <span class='ocrx_word' id='word_1_406' title='bbox 1434 2643 1534 2707; x_wconf 80' lang='lat' dir='ltr'><strong><em>verbo</em></strong></span> <span class='ocrx_word' id='word_1_407' title='bbox 1562 2643 1750 2719; x_wconf 74' lang='lat' dir='ltr'><strong><em>statuimus,</em></strong></span> <span class='ocrx_word' id='word_1_408' title='bbox 1784 2663 1839 2706; x_wconf 85' lang='lat' dir='ltr'><strong><em>eos</em></strong></span> <span class='ocrx_word' id='word_1_409' title='bbox 1867 2643 1976 2724; x_wconf 84' lang='lat' dir='ltr'><strong><em>inepte</em></strong></span> <span class='ocrx_word' id='word_1_410' title='bbox 2004 2642 2092 2724; x_wconf 91' lang='lat' dir='ltr'><strong><em>loqni</em></strong></span> <span class='ocrx_word' id='word_1_411' title='bbox 2118 2663 2221 2723; x_wconf 89' lang='lat' dir='ltr'><strong><em>quum</em></strong></span> 
     </span>
     <span class='ocr_line' id='line_1_28' title="bbox 215 2666 2225 2811; baseline -0.001 -18"><span class='ocrx_word' id='word_1_412' title='bbox 215 2748 326 2793; x_wconf 83' lang='lat' dir='ltr'><strong><em>seeum</em></strong></span> <span class='ocrx_word' id='word_1_413' title='bbox 359 2727 524 2809; x_wconf 84' lang='lat' dir='ltr'><strong><em>disceptet.</em></strong></span> <span class='ocrx_word' id='word_1_414' title='bbox 580 2728 627 2791; x_wconf 82' lang='lat' dir='ltr'><strong><em>At</em></strong></span> <span class='ocrx_word' id='word_1_415' title='bbox 658 2750 737 2793; x_wconf 81' lang='lat' dir='ltr'><strong><em>voro</em></strong></span> <span class='ocrx_word' id='word_1_416' title='bbox 774 2730 953 2811; x_wconf 90' lang='lat' dir='ltr'><strong><em>plurimum</em></strong></span> <span class='ocrx_word' id='word_1_417' title='bbox 987 2730 1081 2793; x_wconf 89' lang='lat' dir='ltr'><strong><em>abest</em></strong></span> <span class='ocrx_word' id='word_1_418' title='bbox 1113 2731 1193 2811; x_wconf 92' lang='lat' dir='ltr'><strong><em>quin</em></strong></span> <span class='ocrx_word' id='word_1_419' title='bbox 1215 2666 1220 2797; x_wconf 90' lang='lat' dir='ltr'><strong><em>l</em></strong></span> <span class='ocrx_word' id='word_1_420' title='bbox 1244 2727 1342 2792; x_wconf 89' lang='lat' dir='ltr'><strong><em>fidem</em></strong></span> <span class='ocrx_word' id='word_1_421' title='bbox 1364 2728 1499 2791; x_wconf 86' lang='lat' dir='ltr'><strong><em>formari</em></strong></span> <span class='ocrx_word' id='word_1_422' title='bbox 1521 2727 1648 2805; x_wconf 89' lang='lat' dir='ltr'><strong><em>dicunt,</em></strong></span> <span class='ocrx_word' id='word_1_423' title='bbox 1676 2729 1859 2794; x_wconf 85' lang='lat' dir='ltr'><strong><em>accessione</em></strong></span> <span class='ocrx_word' id='word_1_424' title='bbox 1880 2730 1953 2811; x_wconf 88' lang='lat' dir='ltr'><strong><em>piae</em></strong></span> <span class='ocrx_word' id='word_1_425' title='bbox 1975 2728 2156 2793; x_wconf 87' lang='lat' dir='ltr'><strong><em>affectionis</em></strong></span> <span class='ocrx_word' id='word_1_426' title='bbox 2182 2726 2225 2792; x_wconf 90' lang='lat' dir='ltr'><strong><em>ad</em></strong></span> 
     </span>
     <span class='ocr_line' id='line_1_29' title="bbox 213 2802 2226 2898; baseline -0 -20"><span class='ocrx_word' id='word_1_427' title='bbox 213 2834 306 2883; x_wconf 87' lang='lat' dir='ltr'><strong><em>mens</em></strong></span> <span class='ocrx_word' id='word_1_428' title='bbox 329 2813 481 2890; x_wconf 88' lang='lat' dir='ltr'><strong><em>hominis,</em></strong></span> <span class='ocrx_word' id='word_1_429' title='bbox 503 2823 542 2877; x_wconf 90' lang='lat' dir='ltr'><strong><em>ut</em></strong></span> <span class='ocrx_word' id='word_1_430' title='bbox 564 2836 660 2879; x_wconf 89' lang='lat' dir='ltr'><strong><em>oacoa</em></strong></span> <span class='ocrx_word' id='word_1_431' title='bbox 681 2824 731 2880; x_wconf 89' lang='lat' dir='ltr'><strong><em>ost</em></strong></span> <span class='ocrx_word' id='word_1_432' title='bbox 752 2826 786 2879; x_wconf 89' lang='lat' dir='ltr'><strong><em>et</em></strong></span> <span class='ocrx_word' id='word_1_433' title='bbox 805 2817 1025 2891; x_wconf 82' lang='lat' dir='ltr'><strong><em>obtenebrata,</em></strong></span> <span class='ocrx_word' id='word_1_434' title='bbox 1055 2814 1096 2879; x_wconf 85' lang='lat' dir='ltr'><strong><em>ad</em></strong></span> <span class='ocrx_word' id='word_1_435' title='bbox 1117 2837 1192 2898; x_wconf 90' lang='lat' dir='ltr'><strong><em>por-</em></strong></span> <span class='ocrx_word' id='word_1_436' title='bbox 1216 2802 1219 2889; x_wconf 83' lang='lat' dir='ltr'><strong><em>l</em></strong></span> <span class='ocrx_word' id='word_1_437' title='bbox 1244 2834 1414 2878; x_wconf 86' lang='lat' dir='ltr'><strong><em>assensum</em></strong></span> <span class='ocrx_word' id='word_1_438' title='bbox 1425 2814 1527 2889; x_wconf 62' lang='lat' dir='ltr'><strong><em>factm</em></strong></span> <span class='ocrx_word' id='word_1_439' title='bbox 1550 2836 1651 2897; x_wconf 90' lang='lat' dir='ltr'><strong><em>quum</em></strong></span> <span class='ocrx_word' id='word_1_440' title='bbox 1669 2836 1821 2880; x_wconf 83' lang='lat' dir='ltr'><strong><em>assensus</em></strong></span> <span class='ocrx_word' id='word_1_441' title='bbox 1838 2835 1966 2896; x_wconf 89' lang='lat' dir='ltr'><strong><em>quoque</em></strong></span> <span class='ocrx_word' id='word_1_442' title='bbox 1983 2815 2037 2896; x_wconf 91' lang='lat' dir='ltr'><strong><em>piu</em></strong></span> <span class='ocrx_word' id='word_1_443' title='bbox 2055 2814 2226 2878; x_wconf 74' lang='lat' dir='ltr'><strong><em>allec-tione</em></strong></span> 
     </span>
     <span class='ocr_line' id='line_1_30' title="bbox 213 2894 2224 2984; baseline -0.002 -18"><span class='ocrx_word' id='word_1_444' title='bbox 213 2898 400 2983; x_wconf 82' lang='lat' dir='ltr'><strong><em>tipiendum</em></strong></span> <span class='ocrx_word' id='word_1_445' title='bbox 428 2921 531 2981; x_wconf 84' lang='lat' dir='ltr'><strong><em>usque</em></strong></span> <span class='ocrx_word' id='word_1_446' title='bbox 553 2900 618 2964; x_wconf 86' lang='lat' dir='ltr'><strong><em>Dei</em></strong></span> <span class='ocrx_word' id='word_1_447' title='bbox 647 2901 850 2965; x_wconf 81' lang='lat' dir='ltr'><strong><em>voluntatem</em></strong></span> <span class='ocrx_word' id='word_1_448' title='bbox 878 2912 1028 2984; x_wconf 84' lang='lat' dir='ltr'><strong><em>penetret</em></strong></span> <span class='ocrx_word' id='word_1_449' title='bbox 1055 2923 1092 2966; x_wconf 88' lang='lat' dir='ltr'><strong><em>uc</em></strong></span> <span class='ocrx_word' id='word_1_450' title='bbox 1115 2922 1192 2966; x_wconf 92' lang='lat' dir='ltr'><strong><em>oon·</em></strong></span> <span class='ocrx_word' id='word_1_451' title='bbox 1216 2894 1219 2967; x_wconf 85' lang='lat' dir='ltr'><strong><em>l</em></strong></span> <span class='ocrx_word' id='word_1_452' title='bbox 1244 2908 1386 2978; x_wconf 88' lang='lat' dir='ltr'><strong><em>constet,</em></strong></span> <span class='ocrx_word' id='word_1_453' title='bbox 1420 2900 1525 2982; x_wconf 83' lang='lat' dir='ltr'><strong><em>qualis</em></strong></span> <span class='ocrx_word' id='word_1_454' title='bbox 1559 2901 1677 2964; x_wconf 82' lang='lat' dir='ltr'><strong><em>saltem</em></strong></span> <span class='ocrx_word' id='word_1_455' title='bbox 1708 2903 1742 2963; x_wconf 94' lang='lat' dir='ltr'><strong><em>in</em></strong></span> <span class='ocrx_word' id='word_1_456' title='bbox 1771 2902 1944 2983; x_wconf 86' lang='lat' dir='ltr'><strong><em>scripturis</em></strong></span> <span class='ocrx_word' id='word_1_457' title='bbox 1970 2900 2224 2964; x_wconf 86' lang='lat' dir='ltr'><strong><em>demonstratur.</em></strong></span> 
     </span>
     <span class='ocr_line' id='line_1_31' title="bbox 214 2984 2226 3070; baseline -0.001 -19"><span class='ocrx_word' id='word_1_458' title='bbox 214 2985 365 3061; x_wconf 80' lang='lat' dir='ltr'><strong><em>scendet,</em></strong></span> <span class='ocrx_word' id='word_1_459' title='bbox 394 2993 492 3066; x_wconf 86' lang='lat' dir='ltr'><strong><em>utque</em></strong></span> <span class='ocrx_word' id='word_1_460' title='bbox 514 2987 615 3049; x_wconf 85' lang='lat' dir='ltr'><strong><em>etiarn</em></strong></span> <span class='ocrx_word' id='word_1_461' title='bbox 637 3008 706 3057; x_wconf 84' lang='lat' dir='ltr'><strong><em>cor.</em></strong></span> <span class='ocrx_word' id='word_1_462' title='bbox 736 2998 773 3050; x_wconf 90' lang='lat' dir='ltr'><strong><em>ut</em></strong></span> <span class='ocrx_word' id='word_1_463' title='bbox 796 2995 954 3070; x_wconf 88' lang='lat' dir='ltr'><strong><em>perpetua</em></strong></span> <span class='ocrx_word' id='word_1_464' title='bbox 976 2988 1192 3051; x_wconf 82' lang='lat' dir='ltr'><strong><em>haesitatione</em></strong></span> <span class='ocrx_word' id='word_1_465' title='bbox 1216 2984 1220 3065; x_wconf 69' lang='grc' dir='ltr'><strong>ἶ</strong></span> <span class='ocrx_word' id='word_1_466' title='bbox 1245 2984 1314 3051; x_wconf 83' lang='lat' dir='ltr'><strong><em>Sed</em></strong></span> <span class='ocrx_word' id='word_1_467' title='bbox 1342 2985 1483 3049; x_wconf 85' lang='lat' dir='ltr'><strong><em>alterum</em></strong></span> <span class='ocrx_word' id='word_1_468' title='bbox 1511 2986 1615 3050; x_wconf 90' lang='lat' dir='ltr'><strong><em>multo</em></strong></span> <span class='ocrx_word' id='word_1_469' title='bbox 1643 2986 1763 3051; x_wconf 88' lang='lat' dir='ltr'><strong><em>elarius</em></strong></span> <span class='ocrx_word' id='word_1_470' title='bbox 1791 2997 2022 3069; x_wconf 80' lang='lat' dir='ltr'><strong><em>argumentum</em></strong></span> <span class='ocrx_word' id='word_1_471' title='bbox 2052 3008 2087 3050; x_wconf 89' lang='lat' dir='ltr'><strong><em>se</em></strong></span> <span class='ocrx_word' id='word_1_472' title='bbox 2110 2987 2226 3050; x_wconf 87' lang='lat' dir='ltr'><strong><em>etiam·</em></strong></span> 
     </span>
     <span class='ocr_line' id='line_1_32' title="bbox 214 3070 2226 3155; baseline -0 -18"><span class='ocrx_word' id='word_1_473' title='bbox 214 3071 400 3143; x_wconf 85' lang='lat' dir='ltr'><strong><em>fluctuatur,</em></strong></span> <span class='ocrx_word' id='word_1_474' title='bbox 424 3092 575 3135; x_wconf 87' lang='lat' dir='ltr'><strong><em>securum</em></strong></span> <span class='ocrx_word' id='word_1_475' title='bbox 598 3073 633 3134; x_wconf 94' lang='lat' dir='ltr'><strong><em>in</em></strong></span> <span class='ocrx_word' id='word_1_476' title='bbox 655 3094 694 3136; x_wconf 88' lang='lat' dir='ltr'><strong><em>oa</em></strong></span> <span class='ocrx_word' id='word_1_477' title='bbox 711 3074 921 3155; x_wconf 83' lang='lat' dir='ltr'><strong><em>persuasione</em></strong></span> <span class='ocrx_word' id='word_1_478' title='bbox 939 3073 1089 3138; x_wconf 85' lang='lat' dir='ltr'><strong><em>resideat.</em></strong></span> <span class='ocrx_word' id='word_1_479' title='bbox 1123 3074 1192 3137; x_wconf 87' lang='lat' dir='ltr'><strong><em>Ita-</em></strong></span> <span class='ocrx_word' id='word_1_480' title='bbox 1245 3093 1326 3135; x_wconf 91' lang='lat' dir='ltr'><strong><em>num</em></strong></span> <span class='ocrx_word' id='word_1_481' title='bbox 1347 3072 1451 3136; x_wconf 85' lang='lat' dir='ltr'><strong><em>offert</em></strong></span> <span class='ocrx_word' id='word_1_482' title='bbox 1497 3070 1610 3151; x_wconf 80' lang='lat' dir='ltr'><strong><em>Quum</em></strong></span> <span class='ocrx_word' id='word_1_483' title='bbox 1637 3072 1725 3135; x_wconf 86' lang='lat' dir='ltr'><strong><em>enirn</em></strong></span> <span class='ocrx_word' id='word_1_484' title='bbox 1751 3072 1833 3137; x_wconf 87' lang='lat' dir='ltr'><strong><em>fides</em></strong></span> <span class='ocrx_word' id='word_1_485' title='bbox 1856 3072 2027 3137; x_wconf 79' lang='lat' dir='ltr'><strong><em>Christum</em></strong></span> <span class='ocrx_word' id='word_1_486' title='bbox 2049 3072 2226 3154; x_wconf 85' lang='lat' dir='ltr'><strong><em>amplecta-</em></strong></span> 
     </span>
     <span class='ocr_line' id='line_1_33' title="bbox 214 3155 2226 3240; baseline 0 -21"><span class='ocrx_word' id='word_1_487' title='bbox 214 3176 276 3240; x_wconf 88' lang='lat' dir='ltr'><strong><em>que</em></strong></span> <span class='ocrx_word' id='word_1_488' title='bbox 299 3155 430 3219; x_wconf 88' lang='lat' dir='ltr'><strong><em>aliunde</em></strong></span> <span class='ocrx_word' id='word_1_489' title='bbox 452 3167 486 3220; x_wconf 83' lang='lat' dir='ltr'><strong><em>et</em></strong></span> <span class='ocrx_word' id='word_1_490' title='bbox 507 3170 651 3220; x_wconf 86' lang='lat' dir='ltr'><strong><em>mentem</em></strong></span> <span class='ocrx_word' id='word_1_491' title='bbox 673 3158 866 3235; x_wconf 86' lang='lat' dir='ltr'><strong><em>illuminari,</em></strong></span> <span class='ocrx_word' id='word_1_492' title='bbox 896 3167 928 3224; x_wconf 89' lang='lat' dir='ltr'><strong><em>et</em></strong></span> <span class='ocrx_word' id='word_1_493' title='bbox 950 3180 1006 3223; x_wconf 93' lang='lat' dir='ltr'><strong><em>oor</em></strong></span> <span class='ocrx_word' id='word_1_494' title='bbox 1027 3158 1193 3223; x_wconf 81' lang='lat' dir='ltr'><strong><em>obfirmari</em></strong></span> <span class='ocrx_word' id='word_1_495' title='bbox 1217 3218 1220 3229; x_wconf 90' lang='grc'>,</span> <span class='ocrx_word' id='word_1_496' title='bbox 1245 3168 1315 3233; x_wconf 90' lang='lat' dir='ltr'><strong><em>tur,</em></strong></span> <span class='ocrx_word' id='word_1_497' title='bbox 1339 3169 1377 3219; x_wconf 92' lang='lat' dir='ltr'><strong><em>ut</em></strong></span> <span class='ocrx_word' id='word_1_498' title='bbox 1399 3158 1492 3221; x_wconf 90' lang='lat' dir='ltr'><strong><em>nobis</em></strong></span> <span class='ocrx_word' id='word_1_499' title='bbox 1514 3159 1650 3222; x_wconf 85' lang='lat' dir='ltr'><strong><em>otl&#39;ertur</em></strong></span> <span class='ocrx_word' id='word_1_500' title='bbox 1671 3178 1691 3220; x_wconf 88' lang='lat' dir='ltr'><strong><em>a</em></strong></span> <span class='ocrx_word' id='word_1_501' title='bbox 1711 3168 1821 3240; x_wconf 89' lang='lat' dir='ltr'><strong><em>patre,</em></strong></span> <span class='ocrx_word' id='word_1_502' title='bbox 1847 3158 1902 3222; x_wconf 90' lang='lat' dir='ltr'><strong><em>ille</em></strong></span> <span class='ocrx_word' id='word_1_503' title='bbox 1924 3180 2003 3223; x_wconf 87' lang='lat' dir='ltr'><strong><em>vero</em></strong></span> <span class='ocrx_word' id='word_1_504' title='bbox 2030 3180 2095 3221; x_wconf 91' lang='lat' dir='ltr'><strong><em>non</em></strong></span> <span class='ocrx_word' id='word_1_505' title='bbox 2119 3159 2153 3220; x_wconf 90' lang='lat' dir='ltr'><strong><em>in</em></strong></span> <span class='ocrx_word' id='word_1_506' title='bbox 2176 3159 2226 3221; x_wconf 92' lang='lat' dir='ltr'><strong><em>in-</em></strong></span> 
     </span>
     <span class='ocr_line' id='line_1_34' title="bbox 214 3242 2227 3327; baseline 0 -20"><span class='ocrx_word' id='word_1_507' title='bbox 214 3242 382 3318; x_wconf 83' lang='lat' dir='ltr'><strong><em>convenit,</em></strong></span> <span class='ocrx_word' id='word_1_508' title='bbox 415 3263 479 3323; x_wconf 91' lang='lat' dir='ltr'><strong><em>quo</em></strong></span> <span class='ocrx_word' id='word_1_509' title='bbox 500 3243 566 3308; x_wconf 91' lang='lat' dir='ltr'><strong><em>Dei</em></strong></span> <span class='ocrx_word' id='word_1_510' title='bbox 591 3245 727 3308; x_wconf 85' lang='lat' dir='ltr'><strong><em>verbum</em></strong></span> <span class='ocrx_word' id='word_1_511' title='bbox 749 3245 881 3327; x_wconf 86' lang='lat' dir='ltr'><strong><em>plenam</em></strong></span> <span class='ocrx_word' id='word_1_512' title='bbox 903 3245 991 3326; x_wconf 89' lang='lat' dir='ltr'><strong><em>apud</em></strong></span> <span class='ocrx_word' id='word_1_513' title='bbox 1013 3266 1072 3310; x_wconf 89' lang='lat' dir='ltr'><strong><em>nos</em></strong></span> <span class='ocrx_word' id='word_1_514' title='bbox 1093 3245 1193 3309; x_wconf 86' lang='lat' dir='ltr'><strong><em>fidem</em></strong></span> <span class='ocrx_word' id='word_1_515' title='bbox 1245 3244 1368 3309; x_wconf 89' lang='lat' dir='ltr'><strong><em>stitiam</em></strong></span> <span class='ocrx_word' id='word_1_516' title='bbox 1401 3243 1513 3320; x_wconf 87' lang='lat' dir='ltr'><strong><em>modo,</em></strong></span> <span class='ocrx_word' id='word_1_517' title='bbox 1551 3252 1758 3326; x_wconf 88' lang='lat' dir='ltr'><strong><em>peecatorum</em></strong></span> <span class='ocrx_word' id='word_1_518' title='bbox 1790 3244 2016 3309; x_wconf 83' lang='lat' dir='ltr'><strong><em>remissionom</em></strong></span> <span class='ocrx_word' id='word_1_519' title='bbox 2047 3252 2080 3308; x_wconf 89' lang='lat' dir='ltr'><strong><em>et</em></strong></span> <span class='ocrx_word' id='word_1_520' title='bbox 2112 3265 2227 3326; x_wconf 86' lang='lat' dir='ltr'><strong><em>pacem</em></strong></span> 
     </span>
     <span class='ocr_line' id='line_1_35' title="bbox 214 3327 2227 3417; baseline -0 -23"><span class='ocrx_word' id='word_1_521' title='bbox 214 3327 366 3417; x_wconf 80' lang='lat' dir='ltr'><strong><em>obtineat.</em></strong></span> <span class='ocrx_word' id='word_1_522' title='bbox 411 3328 508 3393; x_wconf 85' lang='lat' dir='ltr'><strong><em>Nune</em></strong></span> <span class='ocrx_word' id='word_1_523' title='bbox 530 3330 618 3394; x_wconf 84' lang='lat' dir='ltr'><strong><em>iustu</em></strong></span> <span class='ocrx_word' id='word_1_524' title='bbox 639 3329 716 3393; x_wconf 89' lang='lat' dir='ltr'><strong><em>tidoi</em></strong></span> <span class='ocrx_word' id='word_1_525' title='bbox 737 3329 883 3396; x_wconf 86' lang='lat' dir='ltr'><strong><em>definitio</em></strong></span> <span class='ocrx_word' id='word_1_526' title='bbox 906 3330 1001 3396; x_wconf 86' lang='lat' dir='ltr'><strong><em>nobis</em></strong></span> <span class='ocrx_word' id='word_1_527' title='bbox 1022 3332 1192 3408; x_wconf 76' lang='lat' dir='ltr'><strong><em>constabit,</em></strong></span> <span class='ocrx_word' id='word_1_528' title='bbox 1246 3330 1418 3405; x_wconf 88' lang='lat' dir='ltr'><strong><em>offeratur,</em></strong></span> <span class='ocrx_word' id='word_1_529' title='bbox 1447 3329 1505 3393; x_wconf 88' lang='lat' dir='ltr'><strong><em>sed</em></strong></span> <span class='ocrx_word' id='word_1_530' title='bbox 1527 3330 1560 3393; x_wconf 93' lang='lat' dir='ltr'><strong><em>in</em></strong></span> <span class='ocrx_word' id='word_1_531' title='bbox 1583 3331 1872 3395; x_wconf 84' lang='lat' dir='ltr'><strong><em>sanctificationem</em></strong></span> <span class='ocrx_word' id='word_1_532' title='bbox 1898 3351 2025 3413; x_wconf 87' lang='lat' dir='ltr'><strong><em>quoquo</em></strong></span> <span class='ocrx_word' id='word_1_533' title='bbox 2047 3339 2080 3393; x_wconf 85' lang='lat' dir='ltr'><strong><em>et</em></strong></span> <span class='ocrx_word' id='word_1_534' title='bbox 2102 3332 2227 3394; x_wconf 85' lang='lat' dir='ltr'><strong><em>fontem</em></strong></span> 
     </span>
     <span class='ocr_line' id='line_1_36' title="bbox 215 3413 2227 3499; baseline 0.001 -21"><span class='ocrx_word' id='word_1_535' title='bbox 215 3413 412 3478; x_wconf 88' lang='lat' dir='ltr'><strong><em>sidieumus</em></strong></span> <span class='ocrx_word' id='word_1_536' title='bbox 441 3434 512 3477; x_wconf 88' lang='lat' dir='ltr'><strong><em>osse</em></strong></span> <span class='ocrx_word' id='word_1_537' title='bbox 540 3414 669 3479; x_wconf 77' lang='lat' dir='ltr'><strong><em>divinae</em></strong></span> <span class='ocrx_word' id='word_1_538' title='bbox 691 3437 770 3497; x_wconf 83' lang='lat' dir='ltr'><strong><em>erga</em></strong></span> <span class='ocrx_word' id='word_1_539' title='bbox 791 3439 851 3482; x_wconf 85' lang='lat' dir='ltr'><strong><em>nos</em></strong></span> <span class='ocrx_word' id='word_1_540' title='bbox 872 3416 1117 3482; x_wconf 88' lang='lat' dir='ltr'><strong><em>benevolentiae</em></strong></span> <span class='ocrx_word' id='word_1_541' title='bbox 1137 3418 1194 3481; x_wconf 88' lang='lat' dir='ltr'><strong><em>fir·</em></strong></span> <span class='ocrx_word' id='word_1_542' title='bbox 1245 3416 1480 3498; x_wconf 76' lang='lat' dir='ltr'><strong><em>aquaevivae:</em></strong></span> <span class='ocrx_word' id='word_1_543' title='bbox 1510 3437 1586 3480; x_wconf 86' lang='lat' dir='ltr'><strong><em>euru</em></strong></span> <span class='ocrx_word' id='word_1_544' title='bbox 1609 3415 1698 3480; x_wconf 88' lang='lat' dir='ltr'><strong><em>haud</em></strong></span> <span class='ocrx_word' id='word_1_545' title='bbox 1721 3416 1819 3481; x_wconf 90' lang='lat' dir='ltr'><strong><em>dubie</em></strong></span> <span class='ocrx_word' id='word_1_546' title='bbox 1840 3417 1903 3481; x_wconf 89' lang='lat' dir='ltr'><strong><em>rite</em></strong></span> <span class='ocrx_word' id='word_1_547' title='bbox 1924 3436 2120 3499; x_wconf 82' lang='lat' dir='ltr'><strong><em>cognoscere</em></strong></span> <span class='ocrx_word' id='word_1_548' title='bbox 2141 3439 2227 3480; x_wconf 92' lang='lat' dir='ltr'><strong><em>nun-</em></strong></span> 
     </span>
     <span class='ocr_line' id='line_1_37' title="bbox 214 3502 2227 3585; baseline -0 -19"><span class='ocrx_word' id='word_1_549' title='bbox 214 3519 304 3566; x_wconf 87' lang='lat' dir='ltr'><strong><em>mam</em></strong></span> <span class='ocrx_word' id='word_1_550' title='bbox 343 3508 529 3581; x_wconf 86' lang='lat' dir='ltr'><strong><em>certumque</em></strong></span> <span class='ocrx_word' id='word_1_551' title='bbox 568 3502 802 3583; x_wconf 86' lang='lat' dir='ltr'><strong><em>cognitionem,</em></strong></span> <span class='ocrx_word' id='word_1_552' title='bbox 842 3524 925 3585; x_wconf 88' lang='lat' dir='ltr'><strong><em>quae</em></strong></span> <span class='ocrx_word' id='word_1_553' title='bbox 963 3503 1125 3585; x_wconf 82' lang='lat' dir='ltr'><strong><em>gratuitae</em></strong></span> <span class='ocrx_word' id='word_1_554' title='bbox 1158 3504 1194 3566; x_wconf 91' lang='lat' dir='ltr'><strong><em>in</em></strong></span> <span class='ocrx_word' id='word_1_555' title='bbox 1218 3504 1221 3517; x_wconf 93' lang='lat'>&#39;</span> <span class='ocrx_word' id='word_1_556' title='bbox 1246 3522 1344 3584; x_wconf 90' lang='lat' dir='ltr'><strong><em>quam</em></strong></span> <span class='ocrx_word' id='word_1_557' title='bbox 1361 3502 1481 3583; x_wconf 88' lang='lat' dir='ltr'><strong><em>poterit</em></strong></span> <span class='ocrx_word' id='word_1_558' title='bbox 1500 3503 1579 3584; x_wconf 91' lang='lat' dir='ltr'><strong><em>quin</em></strong></span> <span class='ocrx_word' id='word_1_559' title='bbox 1598 3503 1886 3567; x_wconf 84' lang='lat' dir='ltr'><strong><em>sanctificationem</em></strong></span> <span class='ocrx_word' id='word_1_560' title='bbox 1905 3502 2039 3585; x_wconf 90' lang='lat' dir='ltr'><strong><em>spiritus</em></strong></span> <span class='ocrx_word' id='word_1_561' title='bbox 2052 3502 2152 3566; x_wconf 91' lang='lat' dir='ltr'><strong><em>simul</em></strong></span> <span class='ocrx_word' id='word_1_562' title='bbox 2169 3524 2227 3584; x_wconf 85' lang='lat' dir='ltr'><strong><em>ap·</em></strong></span> 
     </span>
     <span class='ocr_line' id='line_1_38' title="bbox 217 3582 2224 3672; baseline 0 -23"><span class='ocrx_word' id='word_1_563' title='bbox 217 3582 352 3649; x_wconf 82' lang='lat' dir='ltr'><strong><em>Christo</em></strong></span> <span class='ocrx_word' id='word_1_564' title='bbox 378 3585 601 3665; x_wconf 87' lang='lat' dir='ltr'><strong><em>promissionis</em></strong></span> <span class='ocrx_word' id='word_1_565' title='bbox 624 3587 761 3651; x_wconf 86' lang='lat' dir='ltr'><strong><em>veritate</em></strong></span> <span class='ocrx_word' id='word_1_566' title='bbox 783 3588 933 3666; x_wconf 86' lang='lat' dir='ltr'><strong><em>fundata,</em></strong></span> <span class='ocrx_word' id='word_1_567' title='bbox 960 3610 1020 3672; x_wconf 90' lang='lat' dir='ltr'><strong><em>per</em></strong></span> <span class='ocrx_word' id='word_1_568' title='bbox 1041 3589 1194 3671; x_wconf 89' lang='lat' dir='ltr'><strong><em>spiritum</em></strong></span> <span class='ocrx_word' id='word_1_569' title='bbox 1246 3586 1435 3671; x_wconf 89' lang='lat' dir='ltr'><strong><em>prehendat.</em></strong></span> <span class='ocrx_word' id='word_1_570' title='bbox 1481 3589 1551 3651; x_wconf 76' lang='lat' dir='ltr'><strong><em>Aut</em></strong></span> <span class='ocrx_word' id='word_1_571' title='bbox 1578 3589 1606 3652; x_wconf 89' lang='lat' dir='ltr'><strong><em>si</em></strong></span> <span class='ocrx_word' id='word_1_572' title='bbox 1634 3589 1706 3669; x_wconf 90' lang='lat' dir='ltr'><strong><em>quis</em></strong></span> <span class='ocrx_word' id='word_1_573' title='bbox 1735 3590 1880 3670; x_wconf 83' lang='lat' dir='ltr'><strong><em>apertius</em></strong></span> <span class='ocrx_word' id='word_1_574' title='bbox 1901 3588 1935 3652; x_wconf 92' lang='lat' dir='ltr'><strong><em>id</em></strong></span> <span class='ocrx_word' id='word_1_575' title='bbox 1955 3588 2079 3652; x_wconf 87' lang='lat' dir='ltr'><strong><em>dietum</em></strong></span> <span class='ocrx_word' id='word_1_576' title='bbox 2103 3589 2224 3670; x_wconf 86' lang='lat' dir='ltr'><strong><em>cupiat,</em></strong></span> 
     </span>
     <span class='ocr_line' id='line_1_39' title="bbox 217 3656 2224 3765; baseline -0.001 -27"><span class='ocrx_word' id='word_1_577' title='bbox 217 3679 368 3738; x_wconf 73' lang='lat' dir='ltr'><strong><em>sanetum</em></strong></span> <span class='ocrx_word' id='word_1_578' title='bbox 395 3680 429 3733; x_wconf 92' lang='lat' dir='ltr'><strong><em>et</em></strong></span> <span class='ocrx_word' id='word_1_579' title='bbox 454 3670 621 3735; x_wconf 87' lang='lat' dir='ltr'><strong><em>revelatur</em></strong></span> <span class='ocrx_word' id='word_1_580' title='bbox 647 3672 814 3738; x_wconf 89' lang='lat' dir='ltr'><strong><em>mentibus</em></strong></span> <span class='ocrx_word' id='word_1_581' title='bbox 840 3675 960 3739; x_wconf 84' lang='lat' dir='ltr'><strong><em>nostris</em></strong></span> <span class='ocrx_word' id='word_1_582' title='bbox 987 3685 1021 3739; x_wconf 92' lang='lat' dir='ltr'><strong><em>et</em></strong></span> <span class='ocrx_word' id='word_1_583' title='bbox 1042 3674 1196 3740; x_wconf 90' lang='lat' dir='ltr'><strong><em>cordibus</em></strong></span> <span class='ocrx_word' id='word_1_584' title='bbox 1218 3656 1222 3765; x_wconf 78' lang='lat' dir='ltr'><strong><em>l</em></strong></span> <span class='ocrx_word' id='word_1_585' title='bbox 1245 3672 1328 3737; x_wconf 89' lang='lat' dir='ltr'><strong><em>fides</em></strong></span> <span class='ocrx_word' id='word_1_586' title='bbox 1356 3674 1392 3736; x_wconf 92' lang='lat' dir='ltr'><strong><em>in</em></strong></span> <span class='ocrx_word' id='word_1_587' title='bbox 1414 3671 1540 3737; x_wconf 76' lang='lat' dir='ltr'><strong><em>Christi</em></strong></span> <span class='ocrx_word' id='word_1_588' title='bbox 1565 3674 1682 3738; x_wconf 90' lang='lat' dir='ltr'><strong><em>notitia</em></strong></span> <span class='ocrx_word' id='word_1_589' title='bbox 1705 3675 1767 3739; x_wconf 87' lang='lat' dir='ltr'><strong><em>sita</em></strong></span> <span class='ocrx_word' id='word_1_590' title='bbox 1789 3682 1846 3740; x_wconf 87' lang='lat' dir='ltr'><strong><em>est.</em></strong></span> <span class='ocrx_word' id='word_1_591' title='bbox 1887 3673 2042 3739; x_wconf 73' lang='lat' dir='ltr'><strong><em>Christro</em></strong></span> <span class='ocrx_word' id='word_1_592' title='bbox 2063 3674 2128 3737; x_wconf 90' lang='lat' dir='ltr'><strong><em>nisi</em></strong></span> <span class='ocrx_word' id='word_1_593' title='bbox 2150 3693 2224 3736; x_wconf 89' lang='lat' dir='ltr'><strong><em>eum</em></strong></span> 
     </span>
     <span class='ocr_line' id='line_1_40' title="bbox 218 3755 2223 3853; baseline -0 -30"><span class='ocrx_word' id='word_1_594' title='bbox 218 3755 417 3839; x_wconf 83' lang='lat' dir='ltr'><strong><em>obsignatur.</em></strong></span> <span class='ocrx_word' id='word_1_595' title='bbox 1218 3780 1222 3853; x_wconf 61' lang='lat' dir='ltr'><strong><em>g</em></strong></span> <span class='ocrx_word' id='word_1_596' title='bbox 1247 3759 1382 3840; x_wconf 89' lang='lat' dir='ltr'><strong><em>spiritus</em></strong></span> <span class='ocrx_word' id='word_1_597' title='bbox 1409 3760 1460 3823; x_wconf 91' lang='lat' dir='ltr'><strong><em>sui</em></strong></span> <span class='ocrx_word' id='word_1_598' title='bbox 1483 3760 1739 3825; x_wconf 73' lang='lat' dir='ltr'><strong><em>sanobtieatione</em></strong></span> <span class='ocrx_word' id='word_1_599' title='bbox 1760 3761 1910 3844; x_wconf 89' lang='lat' dir='ltr'><strong><em>eognosoi</em></strong></span> <span class='ocrx_word' id='word_1_600' title='bbox 1932 3760 2052 3841; x_wconf 88' lang='lat' dir='ltr'><strong><em>nequit.</em></strong></span> <span class='ocrx_word' id='word_1_601' title='bbox 2099 3757 2223 3823; x_wconf 85' lang='lat' dir='ltr'><strong><em>Conse-</em></strong></span> 
     </span>
     <span class='ocr_line' id='line_1_41' title="bbox 303 3841 2221 3928; baseline 0.002 -24"><span class='ocrx_word' id='word_1_602' title='bbox 303 3846 334 3906; x_wconf 80' lang='grc'><strong><em>8.</em></strong></span> <span class='ocrx_word' id='word_1_603' title='bbox 372 3842 397 3925; x_wconf 89' lang='lat'><strong><em>¹)</em></strong></span> <span class='ocrx_word' id='word_1_604' title='bbox 408 3841 522 3906; x_wconf 88' lang='lat' dir='ltr'><strong><em>Verum</em></strong></span> <span class='ocrx_word' id='word_1_605' title='bbox 538 3848 704 3924; x_wconf 80' lang='lat' dir='ltr'><strong><em>aritequam</em></strong></span> <span class='ocrx_word' id='word_1_606' title='bbox 719 3844 805 3908; x_wconf 85' lang='lat' dir='ltr'><strong><em>ultra</em></strong></span> <span class='ocrx_word' id='word_1_607' title='bbox 820 3846 1018 3928; x_wconf 65' lang='lat' dir='ltr'><strong><em>promotior,</em></strong></span> <span class='ocrx_word' id='word_1_608' title='bbox 1041 3846 1195 3927; x_wconf 75' lang='lat' dir='ltr'><strong><em>quaedam</em></strong></span> <span class='ocrx_word' id='word_1_609' title='bbox 1247 3845 1371 3927; x_wconf 90' lang='lat' dir='ltr'><strong><em>quitur,</em></strong></span> <span class='ocrx_word' id='word_1_610' title='bbox 1399 3844 1499 3909; x_wconf 91' lang='lat' dir='ltr'><strong><em>fidem</em></strong></span> <span class='ocrx_word' id='word_1_611' title='bbox 1526 3847 1620 3928; x_wconf 86' lang='lat' dir='ltr'><strong><em>a‘pio</em></strong></span> <span class='ocrx_word' id='word_1_612' title='bbox 1643 3846 1762 3911; x_wconf 86' lang='lat' dir='ltr'><strong><em>affeetu</em></strong></span> <span class='ocrx_word' id='word_1_613' title='bbox 1779 3845 1988 3910; x_wconf 91' lang='lat' dir='ltr'><strong><em>nullomodo</em></strong></span> <span class='ocrx_word' id='word_1_614' title='bbox 2011 3865 2082 3909; x_wconf 85' lang='lat' dir='ltr'><strong><em>esse</em></strong></span> <span class='ocrx_word' id='word_1_615' title='bbox 2104 3843 2221 3907; x_wconf 89' lang='lat' dir='ltr'><strong><em>distra-</em></strong></span> 
     </span>
     <span class='ocr_line' id='line_1_42' title="bbox 212 3928 1400 4013; baseline 0.004 -23"><span class='ocrx_word' id='word_1_616' title='bbox 212 3928 373 4011; x_wconf 81' lang='lat' dir='ltr'><strong><em>prooemia</em></strong></span> <span class='ocrx_word' id='word_1_617' title='bbox 399 3929 575 3994; x_wconf 75' lang='lat' dir='ltr'><strong><em>necessaria</em></strong></span> <span class='ocrx_word' id='word_1_618' title='bbox 604 3935 695 3994; x_wconf 75' lang='lat' dir='ltr'><strong><em>eruit</em></strong></span> <span class='ocrx_word' id='word_1_619' title='bbox 719 3932 763 3996; x_wconf 84' lang='lat' dir='ltr'><strong><em>ad</em></strong></span> <span class='ocrx_word' id='word_1_620' title='bbox 782 3932 878 3996; x_wconf 84' lang='lat' dir='ltr'><strong><em>nodos</em></strong></span> <span class='ocrx_word' id='word_1_621' title='bbox 898 3932 1112 4013; x_wconf 78' lang='lat' dir='ltr'><strong><em>explicandos,</em></strong></span> <span class='ocrx_word' id='word_1_622' title='bbox 1139 3932 1196 4013; x_wconf 82' lang='lat' dir='ltr'><strong><em>qui</em></strong></span> <span class='ocrx_word' id='word_1_623' title='bbox 1248 3930 1400 3995; x_wconf 89' lang='lat' dir='ltr'><strong><em>hendam.</em></strong></span> 
     </span>
     <span class='ocr_line' id='line_1_43' title="bbox 217 4012 2225 4099; baseline -0 -20"><span class='ocrx_word' id='word_1_624' title='bbox 217 4012 408 4079; x_wconf 69' lang='lat' dir='ltr'><strong><em>obuoemum</em></strong></span> <span class='ocrx_word' id='word_1_625' title='bbox 446 4015 565 4094; x_wconf 75' lang='lat' dir='ltr'><strong><em>alioqui</em></strong></span> <span class='ocrx_word' id='word_1_626' title='bbox 603 4016 718 4097; x_wconf 63' lang='lat' dir='ltr'><strong><em>attere</em></strong></span> <span class='ocrx_word' id='word_1_627' title='bbox 749 4024 878 4098; x_wconf 70' lang='lat' dir='ltr'><strong><em>passast</em></strong></span> <span class='ocrx_word' id='word_1_628' title='bbox 916 4017 1084 4082; x_wconf 63' lang='lat' dir='ltr'><strong><em>lettoribm</em></strong></span> <span class='ocrx_word' id='word_1_629' title='bbox 1146 4016 1195 4081; x_wconf 85' lang='lat' dir='ltr'><strong><em>Ao</em></strong></span> <span class='ocrx_word' id='word_1_630' title='bbox 1333 4020 1361 4080; x_wconf 84' lang='lat'><strong><em>9.</em></strong></span> <span class='ocrx_word' id='word_1_631' title='bbox 1419 4017 1508 4097; x_wconf 74' lang='lat' dir='ltr'><strong><em>Quod</em></strong></span> <span class='ocrx_word' id='word_1_632' title='bbox 1542 4017 1650 4082; x_wconf 88' lang='lat' dir='ltr'><strong><em>solent</em></strong></span> <span class='ocrx_word' id='word_1_633' title='bbox 1688 4017 1862 4083; x_wconf 86' lang='lat' dir='ltr'><strong><em>obtrudere</em></strong></span> <span class='ocrx_word' id='word_1_634' title='bbox 1894 4016 1981 4099; x_wconf 88' lang='lat' dir='ltr'><strong><em>quod</em></strong></span> <span class='ocrx_word' id='word_1_635' title='bbox 2020 4015 2067 4078; x_wconf 87' lang='lat' dir='ltr'><strong><em>uit</em></strong></span> <span class='ocrx_word' id='word_1_636' title='bbox 2097 4014 2225 4080; x_wconf 81' lang='lat' dir='ltr'><strong><em>Paulus</em></strong></span> 
     </span>
     <span class='ocr_line' id='line_1_44' title="bbox 212 4099 2226 4187; baseline 0.001 -26"><span class='ocrx_word' id='word_1_637' title='bbox 212 4099 320 4184; x_wconf 77' lang='lat' dir='ltr'><strong><em>priato</em></strong></span> <span class='ocrx_word' id='word_1_638' title='bbox 343 4100 509 4180; x_wconf 71' lang='lat' dir='ltr'><strong><em>refutanda</em></strong></span> <span class='ocrx_word' id='word_1_639' title='bbox 530 4106 582 4181; x_wconf 82' lang='lat' dir='ltr'><strong><em>est,</em></strong></span> <span class='ocrx_word' id='word_1_640' title='bbox 604 4124 685 4183; x_wconf 80' lang='lat' dir='ltr'><strong><em>ptrue</em></strong></span> <span class='ocrx_word' id='word_1_641' title='bbox 705 4104 740 4167; x_wconf 84' lang='lat' dir='ltr'><strong><em>iu</em></strong></span> <span class='ocrx_word' id='word_1_642' title='bbox 760 4103 874 4169; x_wconf 83' lang='lat' dir='ltr'><strong><em>scholis</em></strong></span> <span class='ocrx_word' id='word_1_643' title='bbox 894 4104 1001 4168; x_wconf 80' lang='lat' dir='ltr'><strong><em>volitat</em></strong></span> <span class='ocrx_word' id='word_1_644' title='bbox 1022 4104 1197 4186; x_wconf 81' lang='lat' dir='ltr'><strong><em>nugatoria</em></strong></span> <span class='ocrx_word' id='word_1_645' title='bbox 1248 4102 1281 4187; x_wconf 88' lang='lat'><strong><em>(1</em></strong></span> <span class='ocrx_word' id='word_1_646' title='bbox 1302 4102 1376 4168; x_wconf 84' lang='lat' dir='ltr'><strong><em>Cor.</em></strong></span> <span class='ocrx_word' id='word_1_647' title='bbox 1399 4107 1447 4182; x_wconf 87' lang='lat'><strong><em>13,</em></strong></span> <span class='ocrx_word' id='word_1_648' title='bbox 1468 4103 1517 4187; x_wconf 85' lang='lat'><strong><em>2):</em></strong></span> <span class='ocrx_word' id='word_1_649' title='bbox 1542 4105 1571 4167; x_wconf 91' lang='lat' dir='ltr'><strong><em>si</em></strong></span> <span class='ocrx_word' id='word_1_650' title='bbox 1592 4104 1665 4185; x_wconf 92' lang='lat' dir='ltr'><strong><em>quis</em></strong></span> <span class='ocrx_word' id='word_1_651' title='bbox 1682 4103 1806 4169; x_wconf 87' lang='lat' dir='ltr'><strong><em>scilicet</em></strong></span> <span class='ocrx_word' id='word_1_652' title='bbox 1827 4125 1957 4168; x_wconf 91' lang='lat' dir='ltr'><strong><em>omnem</em></strong></span> <span class='ocrx_word' id='word_1_653' title='bbox 1977 4101 2076 4166; x_wconf 85' lang='lat' dir='ltr'><strong><em>fidem</em></strong></span> <span class='ocrx_word' id='word_1_654' title='bbox 2094 4101 2226 4177; x_wconf 87' lang='lat' dir='ltr'><strong><em>habeat,</em></strong></span> 
     </span>
     <span class='ocr_line' id='line_1_45' title="bbox 218 4183 2226 4272; baseline 0.002 -24"><span class='ocrx_word' id='word_1_655' title='bbox 218 4183 295 4249; x_wconf 90' lang='lat' dir='ltr'><strong><em>fidei</em></strong></span> <span class='ocrx_word' id='word_1_656' title='bbox 322 4185 480 4249; x_wconf 85' lang='lat' dir='ltr'><strong><em>formatae</em></strong></span> <span class='ocrx_word' id='word_1_657' title='bbox 507 4197 541 4250; x_wconf 88' lang='lat' dir='ltr'><strong><em>ot</em></strong></span> <span class='ocrx_word' id='word_1_658' title='bbox 567 4187 717 4253; x_wconf 83' lang='lat' dir='ltr'><strong><em>informis</em></strong></span> <span class='ocrx_word' id='word_1_659' title='bbox 745 4189 918 4254; x_wconf 84' lang='lat' dir='ltr'><strong><em>distinctio.</em></strong></span> <span class='ocrx_word' id='word_1_660' title='bbox 972 4189 1197 4272; x_wconf 79' lang='lat' dir='ltr'><strong><em>Imapiuaatur</em></strong></span> <span class='ocrx_word' id='word_1_661' title='bbox 1248 4197 1287 4254; x_wconf 92' lang='lat' dir='ltr'><strong><em>ut</em></strong></span> <span class='ocrx_word' id='word_1_662' title='bbox 1317 4200 1446 4253; x_wconf 88' lang='lat' dir='ltr'><strong><em>montes</em></strong></span> <span class='ocrx_word' id='word_1_663' title='bbox 1471 4189 1661 4264; x_wconf 83' lang='lat' dir='ltr'><strong><em>transferat,</em></strong></span> <span class='ocrx_word' id='word_1_664' title='bbox 1693 4190 1863 4255; x_wconf 82' lang='lat' dir='ltr'><strong><em>caritatem</em></strong></span> <span class='ocrx_word' id='word_1_665' title='bbox 1890 4210 1969 4255; x_wconf 86' lang='lat' dir='ltr'><strong><em>vero</em></strong></span> <span class='ocrx_word' id='word_1_666' title='bbox 1999 4208 2069 4252; x_wconf 92' lang='lat' dir='ltr'><strong><em>non</em></strong></span> <span class='ocrx_word' id='word_1_667' title='bbox 2095 4187 2226 4266; x_wconf 87' lang='lat' dir='ltr'><strong><em>habeat,</em></strong></span> 
     </span>
     <span class='ocr_line' id='line_1_46' title="bbox 218 4271 2228 4358; baseline 0.001 -21"><span class='ocrx_word' id='word_1_668' title='bbox 218 4271 301 4337; x_wconf 62' lang='lat' dir='ltr'><strong><em>aaut</em></strong></span> <span class='ocrx_word' id='word_1_669' title='bbox 328 4292 379 4336; x_wconf 89' lang='lat' dir='ltr'><strong><em>eos</em></strong></span> <span class='ocrx_word' id='word_1_670' title='bbox 399 4272 519 4336; x_wconf 79' lang='lat' dir='ltr'><strong><em>ereitere</em></strong></span> <span class='ocrx_word' id='word_1_671' title='bbox 543 4274 697 4354; x_wconf 76' lang='lat' dir='ltr'><strong><em>priidquirt</em></strong></span> <span class='ocrx_word' id='word_1_672' title='bbox 718 4277 840 4357; x_wconf 78' lang='lat' dir='ltr'><strong><em>capuita</em></strong></span> <span class='ocrx_word' id='word_1_673' title='bbox 859 4277 1070 4341; x_wconf 71' lang='lat' dir='ltr'><strong><em>mateteriam</em></strong></span> <span class='ocrx_word' id='word_1_674' title='bbox 1090 4276 1197 4340; x_wconf 78' lang='lat' dir='ltr'><strong><em>estad</em></strong></span> <span class='ocrx_word' id='word_1_675' title='bbox 1248 4296 1323 4340; x_wconf 90' lang='lat' dir='ltr'><strong><em>eum</em></strong></span> <span class='ocrx_word' id='word_1_676' title='bbox 1344 4274 1430 4338; x_wconf 93' lang='lat' dir='ltr'><strong><em>nihil</em></strong></span> <span class='ocrx_word' id='word_1_677' title='bbox 1450 4296 1536 4353; x_wconf 84' lang='lat' dir='ltr'><strong><em>esse,</em></strong></span> <span class='ocrx_word' id='word_1_678' title='bbox 1561 4296 1624 4357; x_wconf 89' lang='lat' dir='ltr'><strong><em>quo</em></strong></span> <span class='ocrx_word' id='word_1_679' title='bbox 1646 4276 1745 4341; x_wconf 89' lang='lat' dir='ltr'><strong><em>fidem</em></strong></span> <span class='ocrx_word' id='word_1_680' title='bbox 1766 4276 1902 4341; x_wconf 87' lang='lat' dir='ltr'><strong><em>caritate</em></strong></span> <span class='ocrx_word' id='word_1_681' title='bbox 1924 4275 2096 4358; x_wconf 84' lang='lat' dir='ltr'><strong><em>spoliatam</em></strong></span> <span class='ocrx_word' id='word_1_682' title='bbox 2119 4274 2228 4339; x_wconf 86' lang='lat' dir='ltr'><strong><em>defor-</em></strong></span> 
     </span>
     <span class='ocr_line' id='line_1_47' title="bbox 217 4357 2228 4444; baseline 0.002 -24"><span class='ocrx_word' id='word_1_683' title='bbox 217 4357 365 4435; x_wconf 82' lang='lat' dir='ltr'><strong><em>salutem,</em></strong></span> <span class='ocrx_word' id='word_1_684' title='bbox 398 4360 453 4440; x_wconf 79' lang='lat' dir='ltr'><strong><em>qui</em></strong></span> <span class='ocrx_word' id='word_1_685' title='bbox 481 4358 566 4423; x_wconf 78' lang='lat' dir='ltr'><strong><em>trullo</em></strong></span> <span class='ocrx_word' id='word_1_686' title='bbox 593 4362 703 4425; x_wconf 81' lang='lat' dir='ltr'><strong><em>tiatore</em></strong></span> <span class='ocrx_word' id='word_1_687' title='bbox 729 4362 807 4441; x_wconf 86' lang='lat' dir='ltr'><strong><em>Dei,</em></strong></span> <span class='ocrx_word' id='word_1_688' title='bbox 836 4363 922 4427; x_wconf 77' lang='lat' dir='ltr'><strong><em>trullo</em></strong></span> <span class='ocrx_word' id='word_1_689' title='bbox 948 4363 1080 4444; x_wconf 81' lang='lat' dir='ltr'><strong><em>pietatis</em></strong></span> <span class='ocrx_word' id='word_1_690' title='bbox 1103 4382 1197 4427; x_wconf 86' lang='lat' dir='ltr'><strong><em>seusu</em></strong></span> <span class='ocrx_word' id='word_1_691' title='bbox 1247 4368 1353 4438; x_wconf 89' lang='lat' dir='ltr'><strong><em>ment,</em></strong></span> <span class='ocrx_word' id='word_1_692' title='bbox 1382 4381 1450 4423; x_wconf 92' lang='lat' dir='ltr'><strong><em>non</em></strong></span> <span class='ocrx_word' id='word_1_693' title='bbox 1477 4361 1744 4427; x_wconf 86' lang='lat' dir='ltr'><strong><em>animadvertunt</em></strong></span> <span class='ocrx_word' id='word_1_694' title='bbox 1765 4361 1844 4444; x_wconf 93' lang='lat' dir='ltr'><strong><em>quid</em></strong></span> <span class='ocrx_word' id='word_1_695' title='bbox 1866 4382 1904 4426; x_wconf 90' lang='lat' dir='ltr'><strong><em>eo</em></strong></span> <span class='ocrx_word' id='word_1_696' title='bbox 1924 4361 1995 4426; x_wconf 87' lang='lat' dir='ltr'><strong><em>loeo</em></strong></span> <span class='ocrx_word' id='word_1_697' title='bbox 2015 4362 2059 4426; x_wconf 91' lang='lat' dir='ltr'><strong><em>sit</em></strong></span> <span class='ocrx_word' id='word_1_698' title='bbox 2080 4361 2228 4444; x_wconf 85' lang='lat' dir='ltr'><strong><em>apostolo</em></strong></span> 
     </span>
     <span class='ocr_line' id='line_1_48' title="bbox 217 4444 2227 4531; baseline 0 -21"><span class='ocrx_word' id='word_1_699' title='bbox 217 4448 396 4527; x_wconf 68' lang='lat' dir='ltr'><strong><em>torreantur.</em></strong></span> <span class='ocrx_word' id='word_1_700' title='bbox 444 4445 545 4526; x_wconf 74' lang='lat' dir='ltr'><strong><em>Quasi</em></strong></span> <span class='ocrx_word' id='word_1_701' title='bbox 570 4467 640 4510; x_wconf 84' lang='lat' dir='ltr'><strong><em>sero</em></strong></span> <span class='ocrx_word' id='word_1_702' title='bbox 666 4448 800 4528; x_wconf 70' lang='lat' dir='ltr'><strong><em>spriritus</em></strong></span> <span class='ocrx_word' id='word_1_703' title='bbox 826 4454 953 4513; x_wconf 68' lang='lat' dir='ltr'><strong><em>sardus</em></strong></span> <span class='ocrx_word' id='word_1_704' title='bbox 975 4449 1069 4512; x_wconf 85' lang='lat' dir='ltr'><strong><em>corda</em></strong></span> <span class='ocrx_word' id='word_1_705' title='bbox 1090 4454 1198 4513; x_wconf 81' lang='lat' dir='ltr'><strong><em>uestra</em></strong></span> <span class='ocrx_word' id='word_1_706' title='bbox 1249 4447 1339 4512; x_wconf 86' lang='lat' dir='ltr'><strong><em>fides.</em></strong></span> <span class='ocrx_word' id='word_1_707' title='bbox 1390 4444 1502 4526; x_wconf 88' lang='lat' dir='ltr'><strong><em>Quum</em></strong></span> <span class='ocrx_word' id='word_1_708' title='bbox 1535 4449 1625 4512; x_wconf 88' lang='lat' dir='ltr'><strong><em>euim</em></strong></span> <span class='ocrx_word' id='word_1_709' title='bbox 1656 4449 1806 4531; x_wconf 85' lang='lat' dir='ltr'><strong><em>proximo</em></strong></span> <span class='ocrx_word' id='word_1_710' title='bbox 1839 4449 1944 4529; x_wconf 88' lang='lat' dir='ltr'><strong><em>eapite</em></strong></span> <span class='ocrx_word' id='word_1_711' title='bbox 1976 4446 2067 4521; x_wconf 84' lang='lat' dir='ltr'><strong><em>(ibid.</em></strong></span> <span class='ocrx_word' id='word_1_712' title='bbox 2091 4452 2144 4525; x_wconf 84' lang='lat'><strong><em>12,</em></strong></span> <span class='ocrx_word' id='word_1_713' title='bbox 2172 4446 2227 4530; x_wconf 92' lang='grc'><strong><em>10)</em></strong></span> 
     </span>
     <span class='ocr_line' id='line_1_49' title="bbox 219 4530 2228 4616; baseline 0.001 -21"><span class='ocrx_word' id='word_1_714' title='bbox 219 4530 254 4596; x_wconf 81' lang='lat' dir='ltr'><strong><em>itt</em></strong></span> <span class='ocrx_word' id='word_1_715' title='bbox 271 4532 366 4611; x_wconf 75' lang='lat' dir='ltr'><strong><em>tidem</em></strong></span> <span class='ocrx_word' id='word_1_716' title='bbox 385 4531 604 4609; x_wconf 77' lang='lat' dir='ltr'><strong><em>illuminando,</em></strong></span> <span class='ocrx_word' id='word_1_717' title='bbox 626 4554 688 4596; x_wconf 84' lang='lat' dir='ltr'><strong><em>amr</em></strong></span> <span class='ocrx_word' id='word_1_718' title='bbox 710 4534 754 4598; x_wconf 88' lang='lat' dir='ltr'><strong><em>sit</em></strong></span> <span class='ocrx_word' id='word_1_719' title='bbox 774 4534 863 4600; x_wconf 82' lang='lat' dir='ltr'><strong><em>nobis</em></strong></span> <span class='ocrx_word' id='word_1_720' title='bbox 883 4535 1060 4615; x_wconf 80' lang='lat' dir='ltr'><strong><em>adoptionis</em></strong></span> <span class='ocrx_word' id='word_1_721' title='bbox 1076 4541 1199 4599; x_wconf 85' lang='lat' dir='ltr'><strong><em>uestrae</em></strong></span> <span class='ocrx_word' id='word_1_722' title='bbox 1250 4532 1457 4599; x_wconf 85' lang='lat' dir='ltr'><strong><em>disseruisset</em></strong></span> <span class='ocrx_word' id='word_1_723' title='bbox 1484 4533 1524 4598; x_wconf 91' lang='lat' dir='ltr'><strong><em>de</em></strong></span> <span class='ocrx_word' id='word_1_724' title='bbox 1552 4535 1651 4599; x_wconf 90' lang='lat' dir='ltr'><strong><em>variis</em></strong></span> <span class='ocrx_word' id='word_1_725' title='bbox 1677 4533 1771 4599; x_wconf 89' lang='lat' dir='ltr'><strong><em>donis</em></strong></span> <span class='ocrx_word' id='word_1_726' title='bbox 1797 4535 1946 4616; x_wconf 87' lang='lat' dir='ltr'><strong><em>spiritus,</em></strong></span> <span class='ocrx_word' id='word_1_727' title='bbox 1973 4533 2008 4596; x_wconf 92' lang='lat' dir='ltr'><strong><em>in</em></strong></span> <span class='ocrx_word' id='word_1_728' title='bbox 2030 4533 2148 4612; x_wconf 86' lang='lat' dir='ltr'><strong><em>quibus</em></strong></span> <span class='ocrx_word' id='word_1_729' title='bbox 2175 4554 2228 4598; x_wconf 89' lang='lat' dir='ltr'><strong><em>re·</em></strong></span> 
     </span>
     <span class='ocr_line' id='line_1_50' title="bbox 217 4617 2229 4703; baseline 0.001 -24"><span class='ocrx_word' id='word_1_730' title='bbox 217 4618 311 4683; x_wconf 80' lang='lat' dir='ltr'><strong><em>testis.</em></strong></span> <span class='ocrx_word' id='word_1_731' title='bbox 357 4617 565 4699; x_wconf 79' lang='lat' dir='ltr'><strong><em>Supereiliose</em></strong></span> <span class='ocrx_word' id='word_1_732' title='bbox 584 4623 695 4698; x_wconf 83' lang='lat' dir='ltr'><strong><em>tamen,</em></strong></span> <span class='ocrx_word' id='word_1_733' title='bbox 718 4626 786 4683; x_wconf 84' lang='lat' dir='ltr'><strong><em>tota</em></strong></span> <span class='ocrx_word' id='word_1_734' title='bbox 807 4621 971 4703; x_wconf 88' lang='lat' dir='ltr'><strong><em>scriptura</em></strong></span> <span class='ocrx_word' id='word_1_735' title='bbox 989 4621 1198 4699; x_wconf 85' lang='lat' dir='ltr'><strong><em>reclamante,</em></strong></span> <span class='ocrx_word' id='word_1_736' title='bbox 1222 4620 1226 4701; x_wconf 77' lang='grc' dir='ltr'>Ι</span> <span class='ocrx_word' id='word_1_737' title='bbox 1249 4628 1402 4702; x_wconf 86' lang='lat' dir='ltr'><strong><em>posuerat</em></strong></span> <span class='ocrx_word' id='word_1_738' title='bbox 1423 4641 1545 4703; x_wconf 86' lang='lat' dir='ltr'><strong><em>genera</em></strong></span> <span class='ocrx_word' id='word_1_739' title='bbox 1566 4621 1763 4703; x_wconf 87' lang='lat' dir='ltr'><strong><em>linguarum,</em></strong></span> <span class='ocrx_word' id='word_1_740' title='bbox 1785 4621 1933 4697; x_wconf 82' lang='lat' dir='ltr'><strong><em>virtutes,</em></strong></span> <span class='ocrx_word' id='word_1_741' title='bbox 1956 4619 2172 4702; x_wconf 86' lang='lat' dir='ltr'><strong><em>prophetiam,</em></strong></span> <span class='ocrx_word' id='word_1_742' title='bbox 2195 4630 2229 4683; x_wconf 88' lang='lat' dir='ltr'><strong><em>et</em></strong></span> 
     </span>
     <span class='ocr_line' id='line_1_51' title="bbox 220 4704 2228 4853; baseline 0 -86"><span class='ocrx_word' id='word_1_743' title='bbox 220 4705 462 4853; x_wconf 68' lang='lat' dir='ltr'><strong><em>pprsnasionem</em></strong></span> <span class='ocrx_word' id='word_1_744' title='bbox 480 4704 573 4769; x_wconf 88' lang='lat' dir='ltr'><strong><em>illam</em></strong></span> <span class='ocrx_word' id='word_1_745' title='bbox 590 4705 707 4770; x_wconf 83' lang='lat' dir='ltr'><strong><em>timore</em></strong></span> <span class='ocrx_word' id='word_1_746' title='bbox 720 4706 786 4770; x_wconf 90' lang='lat' dir='ltr'><strong><em>Dei</em></strong></span> <span class='ocrx_word' id='word_1_747' title='bbox 804 4727 950 4783; x_wconf 87' lang='lat' dir='ltr'><strong><em>vacuam,</em></strong></span> <span class='ocrx_word' id='word_1_748' title='bbox 972 4706 1049 4771; x_wconf 85' lang='lat' dir='ltr'><strong><em>fidei</em></strong></span> <span class='ocrx_word' id='word_1_749' title='bbox 1067 4707 1199 4771; x_wconf 91' lang='lat' dir='ltr'><strong><em>nomine</em></strong></span> <span class='ocrx_word' id='word_1_750' title='bbox 1222 4726 1225 4767; x_wconf 80' lang='grc' dir='ltr'>ε</span> <span class='ocrx_word' id='word_1_751' title='bbox 1251 4706 1400 4771; x_wconf 82' lang='lat' dir='ltr'><strong><em>hortatus</em></strong></span> <span class='ocrx_word' id='word_1_752' title='bbox 1426 4715 1512 4772; x_wconf 87' lang='lat' dir='ltr'><strong><em>esset</em></strong></span> <span class='ocrx_word' id='word_1_753' title='bbox 1533 4705 1721 4772; x_wconf 75' lang='lat' dir='ltr'><strong><em>Corinthios</em></strong></span> <span class='ocrx_word' id='word_1_754' title='bbox 1743 4705 1835 4787; x_wconf 88' lang='lat' dir='ltr'><strong><em>(ibid.</em></strong></span> <span class='ocrx_word' id='word_1_755' title='bbox 1855 4705 1911 4787; x_wconf 89' lang='lat'><strong><em>31)</em></strong></span> <span class='ocrx_word' id='word_1_756' title='bbox 1940 4704 1982 4768; x_wconf 90' lang='lat' dir='ltr'><strong><em>ad</em></strong></span> <span class='ocrx_word' id='word_1_757' title='bbox 2009 4705 2164 4770; x_wconf 83' lang='lat' dir='ltr'><strong><em>sectanda</em></strong></span> <span class='ocrx_word' id='word_1_758' title='bbox 2185 4726 2228 4768; x_wconf 84' lang='lat' dir='ltr'><strong><em>ex</em></strong></span> 
     </span>
     <span class='ocr_line' id='line_1_52' title="bbox 244 4788 2228 4876; baseline -0.001 -22"><span class='ocrx_word' id='word_1_759' title='bbox 244 4790 406 4872; x_wconf 79' lang='lat' dir='ltr'><strong><em>&#39;guantur</em></strong></span> <span class='ocrx_word' id='word_1_760' title='bbox 452 4789 539 4855; x_wconf 84' lang='lat' dir='ltr'><strong><em>Cum</em></strong></span> <span class='ocrx_word' id='word_1_761' title='bbox 566 4810 680 4855; x_wconf 90' lang='lat' dir='ltr'><strong><em>eorum</em></strong></span> <span class='ocrx_word' id='word_1_762' title='bbox 703 4791 889 4857; x_wconf 89' lang='lat' dir='ltr'><strong><em>definitione</em></strong></span> <span class='ocrx_word' id='word_1_763' title='bbox 916 4793 1047 4876; x_wconf 84' lang='lat' dir='ltr'><strong><em>longius</em></strong></span> <span class='ocrx_word' id='word_1_764' title='bbox 1069 4793 1199 4857; x_wconf 89' lang='lat' dir='ltr'><strong><em>conflio-</em></strong></span> <span class='ocrx_word' id='word_1_765' title='bbox 1222 4788 1226 4855; x_wconf 77' lang='grc' dir='ltr'><strong>ἑ</strong></span> <span class='ocrx_word' id='word_1_766' title='bbox 1250 4792 1291 4857; x_wconf 86' lang='lat' dir='ltr'><strong><em>iis</em></strong></span> <span class='ocrx_word' id='word_1_767' title='bbox 1319 4792 1468 4869; x_wconf 88' lang='lat' dir='ltr'><strong><em>meliora,</em></strong></span> <span class='ocrx_word' id='word_1_768' title='bbox 1499 4793 1560 4857; x_wconf 90' lang='lat' dir='ltr'><strong><em>hoc</em></strong></span> <span class='ocrx_word' id='word_1_769' title='bbox 1581 4800 1644 4869; x_wconf 84' lang='lat' dir='ltr'><strong><em>est,</em></strong></span> <span class='ocrx_word' id='word_1_770' title='bbox 1673 4790 1760 4856; x_wconf 88' lang='lat' dir='ltr'><strong><em>unde</em></strong></span> <span class='ocrx_word' id='word_1_771' title='bbox 1787 4791 1862 4872; x_wconf 88' lang='lat' dir='ltr'><strong><em>plus</em></strong></span> <span class='ocrx_word' id='word_1_772' title='bbox 1889 4792 2015 4857; x_wconf 80' lang='lat' dir='ltr'><strong><em>tructus</em></strong></span> <span class='ocrx_word' id='word_1_773' title='bbox 2043 4800 2077 4855; x_wconf 89' lang='lat' dir='ltr'><strong><em>et</em></strong></span> <span class='ocrx_word' id='word_1_774' title='bbox 2103 4790 2228 4855; x_wconf 90' lang='lat' dir='ltr'><strong><em>emolu-</em></strong></span> 
     </span>
     <span class='ocr_line' id='line_1_53' title="bbox 221 4874 2228 4963; baseline -0.001 -22"><span class='ocrx_word' id='word_1_775' title='bbox 221 4877 283 4941; x_wconf 78' lang='lat' dir='ltr'><strong><em>uri</em></strong></span> <span class='ocrx_word' id='word_1_776' title='bbox 312 4896 395 4957; x_wconf 86' lang='lat' dir='ltr'><strong><em>opus</em></strong></span> <span class='ocrx_word' id='word_1_777' title='bbox 422 4896 489 4939; x_wconf 90' lang='lat' dir='ltr'><strong><em>uon</em></strong></span> <span class='ocrx_word' id='word_1_778' title='bbox 518 4888 582 4954; x_wconf 77' lang='lat' dir='ltr'><strong><em>est,</em></strong></span> <span class='ocrx_word' id='word_1_779' title='bbox 610 4898 708 4959; x_wconf 80' lang='lat' dir='ltr'><strong><em>qrram</em></strong></span> <span class='ocrx_word' id='word_1_780' title='bbox 733 4877 811 4943; x_wconf 89' lang='lat' dir='ltr'><strong><em>fidei</em></strong></span> <span class='ocrx_word' id='word_1_781' title='bbox 832 4889 987 4944; x_wconf 88' lang='lat' dir='ltr'><strong><em>naturam</em></strong></span> <span class='ocrx_word' id='word_1_782' title='bbox 1008 4879 1200 4963; x_wconf 90' lang='lat' dir='ltr'><strong><em>simpliciter</em></strong></span> <span class='ocrx_word' id='word_1_783' title='bbox 1222 4874 1226 4951; x_wconf 70' lang='grc' dir='ltr'>ζ</span> <span class='ocrx_word' id='word_1_784' title='bbox 1250 4879 1353 4943; x_wconf 88' lang='lat' dir='ltr'><strong><em>monti</em></strong></span> <span class='ocrx_word' id='word_1_785' title='bbox 1386 4878 1508 4943; x_wconf 88' lang='lat' dir='ltr'><strong><em>rediret</em></strong></span> <span class='ocrx_word' id='word_1_786' title='bbox 1533 4877 1575 4942; x_wconf 87' lang='lat' dir='ltr'><strong><em>ad</em></strong></span> <span class='ocrx_word' id='word_1_787' title='bbox 1603 4885 1709 4941; x_wconf 87' lang='lat' dir='ltr'><strong><em>totum</em></strong></span> <span class='ocrx_word' id='word_1_788' title='bbox 1736 4876 1891 4942; x_wconf 86' lang='lat' dir='ltr'><strong><em>ecelesiae</em></strong></span> <span class='ocrx_word' id='word_1_789' title='bbox 1923 4898 2055 4960; x_wconf 88' lang='lat' dir='ltr'><strong><em>eorpus:</em></strong></span> <span class='ocrx_word' id='word_1_790' title='bbox 2089 4877 2228 4954; x_wconf 88' lang='lat' dir='ltr'><strong><em>subiicit,</em></strong></span> 
     </span>
     <span class='ocr_line' id='line_1_54' title="bbox 221 4956 2228 5048; baseline 0.001 -24"><span class='ocrx_word' id='word_1_791' title='bbox 221 4959 420 5037; x_wconf 79' lang='lat' dir='ltr'><strong><em>enarrando,</em></strong></span> <span class='ocrx_word' id='word_1_792' title='bbox 442 4961 547 5041; x_wconf 86' lang='lat' dir='ltr'><strong><em>qualis</em></strong></span> <span class='ocrx_word' id='word_1_793' title='bbox 570 4963 668 5027; x_wconf 89' lang='lat' dir='ltr'><strong><em>rorbo</em></strong></span> <span class='ocrx_word' id='word_1_794' title='bbox 688 4964 753 5028; x_wconf 88' lang='lat' dir='ltr'><strong><em>Dei</em></strong></span> <span class='ocrx_word' id='word_1_795' title='bbox 775 4965 924 5030; x_wconf 89' lang='lat' dir='ltr'><strong><em>traditur.</em></strong></span> <span class='ocrx_word' id='word_1_796' title='bbox 958 4965 1057 5031; x_wconf 87' lang='lat' dir='ltr'><strong><em>Unde</em></strong></span> <span class='ocrx_word' id='word_1_797' title='bbox 1077 4964 1200 5048; x_wconf 89' lang='lat' dir='ltr'><strong><em>liquido</em></strong></span> <span class='ocrx_word' id='word_1_798' title='bbox 1223 4956 1226 5039; x_wconf 61' lang='grc' dir='ltr'>ἶ</span> <span class='ocrx_word' id='word_1_799' title='bbox 1251 4964 1516 5029; x_wconf 82' lang='lat' dir='ltr'><strong><em>excellentiorem</em></strong></span> <span class='ocrx_word' id='word_1_800' title='bbox 1560 4961 1667 5027; x_wconf 86' lang='lat' dir='ltr'><strong><em>adhuc</em></strong></span> <span class='ocrx_word' id='word_1_801' title='bbox 1711 4984 1747 5027; x_wconf 87' lang='lat' dir='ltr'><strong><em>se</em></strong></span> <span class='ocrx_word' id='word_1_802' title='bbox 1787 4963 1877 5027; x_wconf 81' lang='lat' dir='ltr'><strong><em>riam</em></strong></span> <span class='ocrx_word' id='word_1_803' title='bbox 1915 4962 2228 5028; x_wconf 82' lang='lat' dir='ltr'><strong><em>demonstraturum</em></strong></span> 
     </span>
     <span class='ocr_line' id='line_1_55' title="bbox 1252 5048 2230 5131; baseline -0.003 -17"><span class='ocrx_word' id='word_1_804' title='bbox 1252 5048 1422 5116; x_wconf 83' lang='lat' dir='ltr'><strong><em>Eiusmodi</em></strong></span> <span class='ocrx_word' id='word_1_805' title='bbox 1449 5048 1535 5112; x_wconf 92' lang='lat' dir='ltr'><strong><em>dona</em></strong></span> <span class='ocrx_word' id='word_1_806' title='bbox 1561 5048 1671 5112; x_wconf 88' lang='lat' dir='ltr'><strong><em>omniu</em></strong></span> <span class='ocrx_word' id='word_1_807' title='bbox 1698 5055 1863 5131; x_wconf 84' lang='lat' dir='ltr'><strong><em>uteunque</em></strong></span> <span class='ocrx_word' id='word_1_808' title='bbox 1889 5070 1948 5131; x_wconf 92' lang='lat' dir='ltr'><strong><em>per</em></strong></span> <span class='ocrx_word' id='word_1_809' title='bbox 1976 5070 2012 5113; x_wconf 86' lang='lat' dir='ltr'><strong><em>se</em></strong></span> <span class='ocrx_word' id='word_1_810' title='bbox 2034 5048 2230 5114; x_wconf 81' lang='lat' dir='ltr'><strong><em>excellentia</em></strong></span> 
     </span>
     <span class='ocr_line' id='line_1_56' title="bbox 1223 5134 2230 5229; baseline -0.002 -29"><span class='ocrx_word' id='word_1_811' title='bbox 1223 5198 1227 5229; x_wconf 66' lang='lat' dir='ltr'><strong><em>r</em></strong></span> <span class='ocrx_word' id='word_1_812' title='bbox 1251 5137 1331 5212; x_wconf 90' lang='lat' dir='ltr'><strong><em>sint,</em></strong></span> <span class='ocrx_word' id='word_1_813' title='bbox 1361 5134 1455 5199; x_wconf 92' lang='lat' dir='ltr'><strong><em>nihili</em></strong></span> <span class='ocrx_word' id='word_1_814' title='bbox 1475 5141 1586 5198; x_wconf 85' lang='lat' dir='ltr'><strong><em>tamon</em></strong></span> <span class='ocrx_word' id='word_1_815' title='bbox 1609 5134 1813 5200; x_wconf 86' lang='lat' dir='ltr'><strong><em>aestimanda</em></strong></span> <span class='ocrx_word' id='word_1_816' title='bbox 1832 5156 1902 5200; x_wconf 88' lang='lat' dir='ltr'><strong><em>esso</em></strong></span> <span class='ocrx_word' id='word_1_817' title='bbox 1924 5135 1989 5200; x_wconf 89' lang='lat' dir='ltr'><strong><em>nisi</em></strong></span> <span class='ocrx_word' id='word_1_818' title='bbox 2010 5135 2138 5200; x_wconf 81' lang='lat' dir='ltr'><strong><em>caritati</em></strong></span> <span class='ocrx_word' id='word_1_819' title='bbox 2160 5156 2230 5198; x_wconf 87' lang='lat' dir='ltr'><strong><em>ser-</em></strong></span> 
     </span>
     <span class='ocr_line' id='line_1_57' title="bbox 293 5220 2229 5304; baseline -0.002 -17"><span class='ocrx_word' id='word_1_820' title='bbox 293 5234 322 5303; x_wconf 84' lang='lat'><strong><em>1)</em></strong></span> <span class='ocrx_word' id='word_1_821' title='bbox 340 5235 387 5287; x_wconf 74' lang='lat' dir='ltr'><strong><em>Ad</em></strong></span> <span class='ocrx_word' id='word_1_822' title='bbox 404 5237 427 5301; x_wconf 64' lang='grc' dir='ltr'><strong><em>ς.</em></strong></span> <span class='ocrx_word' id='word_1_823' title='bbox 444 5234 469 5287; x_wconf 82' lang='grc'><strong><em>8.</em></strong></span> <span class='ocrx_word' id='word_1_824' title='bbox 488 5234 512 5287; x_wconf 83' lang='grc'><strong><em>9.</em></strong></span> <span class='ocrx_word' id='word_1_825' title='bbox 531 5242 565 5299; x_wconf 75' lang='lat' dir='ltr'><strong><em>cr.</em></strong></span> <span class='ocrx_word' id='word_1_826' title='bbox 582 5237 668 5289; x_wconf 73' lang='lat' dir='ltr'><strong><em>erma.</em></strong></span> <span class='ocrx_word' id='word_1_827' title='bbox 688 5238 754 5304; x_wconf 70' lang='lat' dir='ltr'><strong><em>(up.</em></strong></span> <span class='ocrx_word' id='word_1_828' title='bbox 780 5238 809 5291; x_wconf 85' lang='grc' dir='ltr'><strong><em>ν,</em></strong></span> <span class='ocrx_word' id='word_1_829' title='bbox 828 5241 851 5304; x_wconf 65' lang='grc' dir='ltr'><strong><em>ς,</em></strong></span> <span class='ocrx_word' id='word_1_830' title='bbox 869 5238 893 5291; x_wconf 81' lang='lat'><strong><em>2.</em></strong></span> <span class='ocrx_word' id='word_1_831' title='bbox 911 5238 953 5292; x_wconf 75' lang='lat'><strong><em>32.</em></strong></span> <span class='ocrx_word' id='word_1_832' title='bbox 971 5237 1013 5292; x_wconf 77' lang='lat' dir='ltr'><strong><em>aa</em></strong></span> <span class='ocrx_word' id='word_1_833' title='bbox 1223 5223 1351 5286; x_wconf 74' lang='lat' dir='ltr'><strong><em>trient.</em></strong></span> <span class='ocrx_word' id='word_1_834' title='bbox 1396 5221 1480 5284; x_wconf 81' lang='lat' dir='ltr'><strong><em>Esse</em></strong></span> <span class='ocrx_word' id='word_1_835' title='bbox 1505 5220 1594 5284; x_wconf 89' lang='lat' dir='ltr'><strong><em>enim</em></strong></span> <span class='ocrx_word' id='word_1_836' title='bbox 1620 5220 1654 5283; x_wconf 91' lang='lat' dir='ltr'><strong><em>in</em></strong></span> <span class='ocrx_word' id='word_1_837' title='bbox 1682 5220 1836 5287; x_wconf 86' lang='lat' dir='ltr'><strong><em>ecelesiae</em></strong></span> <span class='ocrx_word' id='word_1_838' title='bbox 1858 5220 2116 5287; x_wconf 71' lang='lat' dir='ltr'><strong><em>mdifioadoncm</em></strong></span> <span class='ocrx_word' id='word_1_839' title='bbox 2138 5220 2229 5298; x_wconf 64' lang='lat' dir='ltr'><strong><em>datm</em></strong></span> 
     </span>
    </p>
   </div>
   <div class='ocr_carea' id='block_1_3' title="bbox 0 0 2340 5842">
    <p class='ocr_par' dir='ltr' id='par_1_3' title="bbox 0 0 2340 5842">
     <span class='ocr_line' id='line_1_58' title="bbox 0 0 2340 5842; baseline 0 3"><span class='ocrx_word' id='word_1_840' title='bbox 0 0 2340 5842; x_wconf 95' lang='lat' dir='ltr'><strong><em> </em></strong></span> 
     </span>
    </p>
   </div>
  </div>
 </body>
</html>
