4672 5842
99 335 161 396 689
265 329 355 395 nm.
379 330 443 396 m.
488 333 552 397 ΒΕ
572 331 709 398 MODO
731 332 1082 399 Pancfftuuusa
1103 332 1294 400 OHRIS'PI
1316 332 1537 413 casm.
1580 336 1680 403 GAP.
1702 337 1799 403 XXI.
1823 336 1940 406 XXII
2040 345 2104 407 690

97 520 268 586 electionem
299 540 338 583 en
365 522 576 600 praescientia
601 521 744 599 deducit·
776 522 900 601 qumidc
927 522 1076 587 reclornot
1212 527 1241 585 4.
1286 522 1360 586 Iam
1382 521 1424 585 ad
1444 524 1612 588 Romanos
1634 524 1744 609 (Rom.
1769 531 1798 605 9,
1823 530 1851 590 6.
1878 531 1942 611 11),
1970 527 2026 592 ubi
2048 551 2104 594 ar-

101 606 238 685 Pcnlus,
261 606 415 688 quidquid
436 608 562 671 antitis
582 607 618 670 in
638 606 815 673 lianinbus
835 612 981 688 apparet,
1003 607 1075 672 elea
1127 616 1320 690 gumentum
1348 608 1409 673 hoc
1436 616 1470 673 et
1497 611 1617 691 repetit
1639 611 1735 693 altius
1758 620 1791 676 et
1811 613 1914 677 fusius
1936 615 2103 696 prosequi-

97 693 190 756 tionis
212 713 277 756 esse
297 692 442 772 effectum.
477 692 551 758 Iam
571 693 601 756 si
623 713 719 758 coiea
741 694 885 774 superior
900 694 1073 773 quaeritr,
1126 701 1189 770 tur,
1211 699 1302 776 rapat
1322 713 1425 758 omnes
1444 715 1510 759 esse
1529 695 1695 761 israelitas
1716 699 1772 778 qui
1786 700 1946 780 propendi
1966 706 2041 763 sunt
2062 700 2102 765 ab

97 779 257 860 respondet
278 776 411 855 Paulus,
432 778 535 843 Deum
557 780 603 842 ita
618 779 879 859 praedestinasse,
902 785 930 843 et
950 779 1075 860 quidem
1128 778 1263 844 israele
1283 780 1361 860 quia
1378 781 1435 844 etsi
1456 781 1525 844 inere
1545 781 1754 847 Meeddario
1777 804 1880 848 annes
1899 791 1998 849 essent
2018 787 2102 850 nne

93 885 155 945 pro
175 863 343 929 nanae
362 884 439 928 suae
460 864 652 947 nanno.
701 864 819 945 Quibus
839 864 942 929 uerbis
969 864 1075 929 evertit
1127 865 1216 944 dieti,
1245 867 1397 930 successio
1418 871 1521 930 tarum
1543 889 1604 931 riori
1625 869 1668 932 ad
1690 889 1792 933 merres
1807 891 1963 952 peraeque
1984 872 2102 937 trausi-

99 970 297 1031 quaecunpue
318 950 354 1014 in
374 971 407 1014 se
427 950 510 1031 ipsr's
530 951 746 1033 inopinanter
766 951 903 1015 lmuiues
920 950 1074 1015 electionis
1127 949 1186 1015 bat.
1234 949 1329 1033 Oripo
1351 951 1448 1016 buius
1469 953 1695 1035 disputationis
1716 961 1783 1019 eret
1804 976 1843 1019 ea
1864 957 2012 1037 superbia
2038 958 2102 1039 fal·

98 1055 177 1101 suae
193 1035 306 1101 nodio.
340 1036 427 1100 Nam
443 1042 472 1100 et
489 1056 685 1118 quaecunque
702 1037 745 1101 ad
762 1036 958 1118 &triadem
977 1038 1074 1100 adum
1126 1036 1245 1117 lacque
1271 1037 1454 1119 ploriatione
1482 1039 1604 1104 ladani
1625 1040 1744 1120 populi.
1792 1040 1878 1104 Nam
1910 1063 2007 1121 muru
2039 1042 2102 1108 sibi

99 1120 244 1202 benefida
263 1122 379 1202 conten
394 1122 493 1200 Deus,
515 1143 552 1186 en
573 1122 626 1186 boc
647 1143 709 1187 uuo
729 1123 812 1203 fonte
832 1142 962 1186 motare
982 1123 1073 1200 docet,
1126 1122 1268 1187 ecciesiae
1300 1142 1409 1186 nuncu
1441 1129 1625 1202 assererent,
1658 1125 1796 1190 nomon
1828 1149 1849 1191 o
1881 1147 1938 1192 suc
1969 1129 2126 1213 arbitrio,

98 1209 176 1288 puio
197 1208 285 1290 clepit
306 1209 501 1288 quasscoluit
521 1208 620 1286 Deus,
643 1213 670 1272 et
690 1214 856 1288 nunquam
875 1208 944 1272 nati
965 1213 1073 1285 esent,
1122 1209 1257 1289 pendere
1271 1207 1365 1288 Μειη
1383 1209 1541 1292 ecanpelii.
1581 1207 1683 1274 Sicuti
1699 1209 1789 1276 bodie
1811 1213 1937 1277 libenter
1952 1216 2102 1295 popistac

97 1294 238 1375 protem
258 1314 322 1374 quo
342 1293 473 1376 dipnari
491 1315 542 1359 eos
563 1294 687 1373 colebat,
710 1314 849 1358 seorsum
871 1293 938 1357 iilis
959 1292 1075 1375 reposi-
1124 1294 1232 1374 fictitio
1253 1294 1307 1358 boc
1329 1294 1426 1358 colore
1446 1316 1480 1359 se
1501 1296 1537 1358 iu
1554 1296 1619 1362 Dei
1640 1296 1739 1360 locunt
1758 1297 1983 1363 substituerent.
2015 1299 2101 1364 Pau·

99 1384 164 1443 torn
185 1379 301 1444 babud.
1126 1379 1192 1458 lus,
1219 1380 1363 1460 pumen
1391 1382 1534 1445 mnedat
1561 1387 1701 1446 santoni
1727 1403 1792 1448 esse
1820 1383 1972 1449 Abrabae
1992 1406 2103 1470 prope·

186 1470 214 1528 3.
259 1465 454 1547 Ubicunque
481 1486 551 1531 cero
577 1475 695 1548 regnat
722 1465 783 1530 hoc
810 1466 875 1530 Dei
905 1465 1073 1546 placitum,
1127 1467 1209 1529 niem
1230 1467 1350 1529 ratione
1369 1466 1514 1546 foedam,
1543 1468 1692 1532 muniuit
1718 1473 1821 1533 tanuen
1848 1475 2009 1535 atraueos
2037 1492 2102 1537 esse

99 1551 191 1616 nulla
211 1552 246 1614 in
267 1550 560 1616 considerationem
584 1551 720 1616 veniunt
741 1571 847 1633 opera
882 1550 1075 1615 Antithcein
1127 1551 1163 1614 in
1189 1571 1227 1615 ea
1248 1551 1427 1633 plerosque·
1453 1572 1550 1632 neque
1576 1554 1611 1617 id
1637 1554 1725 1618 inodo
1746 1556 1824 1634 quia
1844 1554 2037 1637 depmnent,
2066 1563 2103 1622 ut
2146 1564 2148 1568 '

99 1637 230 1720 quidem
257 1637 311 1700 hic
338 1657 406 1700 non
432 1637 656 1719 prosequitur,
684 1637 742 1702 sed
768 1636 994 1701 subaudienda
1016 1645 1074 1716 est,
1125 1638 1204 1717 fiant
1221 1658 1259 1701 en
1275 1636 1423 1719 lepitirnis
1439 1638 1625 1718 adulnrini5
1645 1641 1699 1703 scd
1720 1641 1796 1721 quia
1816 1642 1851 1705 in
1873 1661 1992 1706 nmmo
2011 1643 2103 1723 fasti

100 1723 205 1806 qualis
226 1722 305 1788 alibi
327 1722 509 1806 explicatur
531 1723 571 1788 ab
593 1724 740 1805 ipsomet
775 1721 916 1787 Vocavit
932 1743 1001 1797 nce,
1024 1723 1074 1785 iu-
1125 1723 1177 1804 pio
1198 1724 1330 1788 nminat
1350 1743 1387 1786 aa
1408 1729 1512 1805 repnet
1531 1725 1678 1804 spmedis
1700 1725 1763 1790 Dei
1784 1726 1898 1806 electio,
1926 1747 2006 1808 quae
2034 1728 2103 1793 sola

99 1810 170 1892 quit
191 1807 225 1892 (2
245 1809 328 1872 Tim
351 1813 378 1885 l,
403 1808 447 1893 9),
469 1810 639 1875 nmatione
661 1817 783 1885 sancta
806 1829 873 1872 non
894 1807 1075 1873 secundum
1126 1812 1230 1872 ratam
1256 1808 1347 1873 illius
1375 1809 1569 1891 adoptiom
1595 1811 1681 1891 faed.
1727 1810 1764 1875 Si
1796 1813 1878 1876 alias
1909 1834 1971 1877 sico
1996 1815 2103 1894 pietas
2166 1829 2174 1845 ·

100 1916 199 1977 opera
225 1903 354 1971 nostra,
384 1893 441 1959 sed
468 1895 650 1961 secundum
675 1893 876 1977 propositum
901 1915 1013 1972 suum,
1042 1901 1076 1958 et
1126 1894 1278 1958 stabiliret
1304 1895 1339 1957 in
1365 1915 1419 1974 spe
1446 1895 1576 1974 solinu,
1605 1897 1685 1960 alios
1707 1897 1864 1962 abdicaret
1883 1899 1951 1963 sola
1972 1918 2033 1962 sua
2052 1899 2103 1963 de-

101 1981 241 2064 gratiam
270 1999 353 2063 quae
382 1980 460 2045 deta
487 1988 538 2046 est
563 1981 657 2046 nobis
684 1979 859 2045 aChristo
887 1989 964 2044 aute
991 1988 1074 2046 tem·
1124 1980 1227 2060 feda:
1253 1979 1343 2044 stulte
1363 1981 1501 2060 profecto
1527 1986 1555 2045 et
1583 1982 1716 2048 absurde
1739 1982 1863 2048 Paulus
1886 1985 1929 2049 ad
1951 2004 2102 2050 arcanam

99 2088 180 2149 pora
200 2065 388 2132 saecularia.
433 2067 566 2131 Etiam
586 2067 776 2132 ostendinus
796 2067 832 2129 iu
852 2087 886 2131 eo
913 2064 1001 2148 quod
1023 2086 1074 2131 se·
1126 2085 1224 2146 usque
1249 2065 1421 2130 doniam
1441 2067 1563 2131 tectores
1583 2067 1722 2132 eoeberet.
1767 2069 1841 2132 lori
1861 2070 1891 2132 si
1912 2069 1977 2134 Dei
1997 2070 2103 2135 colun

99 2152 218 2235 quitur,
241 2159 280 2216 ut
299 2172 446 2217 essemus
467 2153 571 2217 sancti
593 2160 626 2217 et
646 2151 856 2230 immaculati,
882 2151 1075 2233 scrupulum
1125 2156 1189 2229 tos,
1222 2152 1314 2214 cuius
1340 2171 1438 2216 causa
1465 2158 1554 2217 cetra
1582 2154 1689 2232 ipsum
1715 2175 1811 2235 nmue
1842 2160 1973 2236 apparet
2004 2176 2103 2237 neque

100 2259 231 2303 omnem
249 2236 358 2311 adimi
392 2238 456 2304 Dic
474 2240 570 2316 enim,
594 2238 747 2321 quoniam
765 2237 892 2302 futiiros
910 2237 1076 2320 praevidit
1125 2237 1305 2318 pucuenolo
1326 2242 1383 2316 est,
1405 2237 1487 2302 otios
1508 2237 1547 2302 ab
1569 2239 1645 2304 aliis
1667 2239 1829 2318 decurrit,
1858 2246 1893 2304 ut
1914 2262 1976 2306 non
1997 2261 2102 2307 annm

19 2362 27 2381 ,
100 2326 237 2401 sanctos,
258 2323 332 2388 ideo
356 2323 469 2407 elegit3
491 2332 525 2389 ct
546 2324 693 2388 ordinem
710 2322 810 2388 Pauli
831 2324 983 2388 invertas.
1017 2321 1074 2388 Sic
1124 2322 1189 2403 tilii
1211 2323 1314 2387 lsrad
1340 2325 1405 2387 sint
1426 2325 1490 2388 ceri
1514 2322 1693 2403 israelitae,
1720 2326 1843 2406 frustra
1862 2328 2013 2408 cuiusque
2033 2347 2102 2392 con·

100 2430 178 2493 ergo
205 2409 356 2493 colligere
385 2416 456 2475 tuto
485 2420 591 2492 potes:
625 2409 654 2475 si
686 2410 785 2492 elegit
815 2429 875 2474 uos
905 2418 944 2472 ut
970 2409 1075 2473 saneti
1124 2409 1202 2473 ditio
1239 2410 1274 2472 in
1309 2409 1379 2490 ipso
1399 2411 1423 2492 ¹)
1462 2411 1591 2474 initium
1620 2410 1731 2476 labere
1760 2411 1899 2495 drcpitur.
1958 2414 2100 2496 Loupius

102 2517 260 2572 essemus,
287 2516 353 2560 non
382 2495 483 2580 elegit
503 2496 581 2583 quia
600 2496 730 2560 futuros
751 2495 833 2559 tales
854 2494 1074 2576 praevidebat.
1124 2494 1233 2559 deinde
1253 2515 1320 2558 ran
1335 2496 1540 2576 prosequitur
1568 2497 1628 2562 sub
1650 2497 1800 2580 exemplo
1822 2496 1920 2563 Iacob
1942 2507 1976 2562 et
1996 2499 2097 2564 Esau

100 2582 258 2664 Pugnant
282 2582 371 2646 enim
398 2582 485 2646 inter
512 2602 549 2649 se
578 2582 659 2647 haec
686 2581 764 2646 duo:
792 2580 914 2645 habere
940 2581 1010 2663 pios
1033 2581 1074 2646 ab
1127 2579 1214 2644 Nam
1233 2600 1331 2661 quum
1352 2580 1440 2645 ambo
1461 2587 1560 2646 essent
1578 2582 1642 2662 ficti
1663 2581 1820 2661 Abralcoe,
1838 2584 1963 2665 pariter
1984 2585 2100 2650 inclusi

100 2668 257 2733 electione
278 2674 316 2731 ut
337 2669 442 2734 sancti
470 2669 551 2745 sint,
579 2677 613 2732 et
634 2666 676 2731 ad
697 2687 770 2732 eam
791 2668 917 2732 ratione
938 2687 1074 2749 operum
1124 2667 1160 2729 in
1177 2672 1263 2731 utero
1279 2669 1400 2746 antris
1416 2669 1685 2751 primoperiitnroe
1703 2669 2035 2751 nannetensium
2056 2670 2100 2735 ad

50 2787 58 2809 ι
99 2754 278 2836 pervenire.
323 2754 437 2836 Neque
463 2754 552 2819 valet
580 2754 634 2819 hio
662 2752 818 2819 cavillum
844 2774 909 2835 quo
936 2751 1074 2817 subinde
1126 2750 1228 2830 Iacob,
1243 2757 1385 2832 patente
1401 2753 1518 2817 ancilis
1533 2753 1599 2834 fuit
1614 2756 1753 2834 mnan,
1774 2775 1837 2836 qua
1853 2760 1957 2820 minen
1975 2755 2101 2822 Paulus
2188 2752 2191 2759 ’

100 2840 305 2922 confugiumt,
334 2840 434 2905 nullis
455 2839 726 2924 praecedentibus
745 2840 872 2904 meritis
892 2837 1075 2902 Dominum
1125 2838 1276 2902 mandit
1294 2842 1437 2903 talaiam
1455 2839 1558 2922 fuisse
1578 2841 1749 2906 elediomm
1775 2842 1886 2919 unus,
1914 2846 1941 2906 et
1967 2843 2100 2907 abenas

99 2925 279 3008 rependere
300 2924 468 2991 electionis
490 2925 645 3008 gratiam,
674 2925 796 2990 bituris
822 2931 934 2989 nmen
960 2943 1074 3005 conce-
1124 2923 1374 3005 reprrobationern.
1423 2925 1590 3006 Quande
1611 2927 1697 3009 oripo
1718 2932 1746 2991 et
1765 2941 1871 3005 causa
1893 2948 1990 3008 quani
2004 2948 2100 3009 prae·

100 3011 184 3076 dere.
230 3010 343 3092 Quum
365 3013 455 3076 euim
476 3010 871 3089 dicitur,eleotosfi1isse
897 3010 1010 3075 fideles
1036 3018 1075 3074 ut
1125 3010 1270 3075 scientiae
1296 3011 1431 3075 dodorus
1458 3011 1494 3074 in
1519 3009 1679 3075 Mutuum
1704 3013 1873 3077 uirtutibus
1893 3019 1921 3078 et
1940 3014 2029 3078 vitiis
2049 3034 2101 3078 en-

100 3098 205 3162 saucti
226 3104 350 3175 essem,
380 3098 478 3162 simul
505 3098 673 3175 innuitiu,
701 3117 785 3179 quae
804 3097 841 3161 in
861 3096 942 3180 ipsis
962 3097 1076 3160 futura
1120 3097 1258 3177 positam
1275 3116 1340 3160 esse
1356 3096 1470 3161 actura.
1503 3095 1572 3161 Hoc
1588 3099 1671 3162 enim
1688 3097 1755 3162 illis
1774 3099 1868 3180 imile
1887 3100 2101 3179 compendium

101 3191 172 3246 erat
192 3183 364 3261 sancitas,
387 3184 429 3247 ab
450 3183 608 3250 electione
629 3182 781 3248 habuisse
803 3182 984 3248 exordium.
1029 3182 1075 3246 ut
1125 3187 1178 3261 est,
1201 3182 1307 3247 Deum
1323 3187 1511 3247 membrosa
1530 3184 1565 3246 in
1580 3203 1719 3264 persora
1737 3182 1837 3263 Iacob,
1859 3205 1893 3249 se
1912 3186 2019 3268 pratia
2040 3205 2102 3250 sua

101 3267 260 3347 quomodo
281 3268 454 3350 quadrabit
473 3269 562 3334 istud
580 3268 727 3348 verbum,
749 3289 833 3350 quae
854 3270 895 3333 ab
916 3267 1075 3333 electione
1126 3269 1237 3350 dipnos
1263 3269 1390 3350 elipere,·
1417 3269 1451 3332 iu
1472 3288 1612 3348 persora
1633 3268 1740 3349 Esau,
1768 3290 1801 3333 se
1826 3271 1996 3350 repudiare
2024 3291 2103 3352 quos

102 3352 310 3429 derivantur,
347 3354 497 3420 electioni
529 3375 662 3421 causam
694 3353 848 3420 dedum?
892 3353 933 3419 Id
965 3354 1075 3437 ipsmn
1120 3354 1284 3434 panca
1303 3355 1463 3438 indipnos:
1489 3353 1681 3439 siquidem2)
1703 3355 1851 3419 andamr
1872 3356 1930 3420 illi.
1977 3356 2102 3423 Paulus

100 3438 186 3520 quod
207 3437 335 3502 dixerit
355 3439 486 3505 videtur
510 3441 617 3525 magis
643 3447 756 3522 postea
782 3442 990 3517 confirmare,
1019 3439 1075 3504 ubi
1126 3444 1227 3504 autem
1247 3440 1351 3521 quid?
1377 3460 1479 3522 quum
1498 3440 1646 3505 nondum
1667 3442 1739 3505 nati
1766 3448 1889 3519 essent,
1917 3464 1978 3509 nec
2006 3443 2102 3526 quid·

100 3525 155 3601 ait,
179 3523 356 3588 secundum
373 3527 576 3608 propositum
592 3526 772 3591 voluntatis
789 3548 877 3605 suae,
895 3524 982 3609 quod
999 3546 1074 3608 pro-
1125 3526 1214 3608 piam
1235 3525 1312 3589 boni
1334 3534 1393 3590 eut
1413 3525 1493 3590 mali
1514 3526 1680 3604 secusent,
1709 3534 1748 3592 ut
1768 3526 1949 3593 secundum
1970 3528 2101 3595 eloctio-

99 3616 255 3694 posuerat
275 3609 310 3673 in
332 3612 506 3693 semetipso
529 3612 629 3695 (Eph.
657 3617 683 3690 l,
708 3613 757 3696 5);
779 3612 941 3695 siquidem
962 3612 1075 3676 Deum
1126 3631 1204 3674 nem
1225 3612 1429 3694 propositum
1446 3612 1511 3676 Dei
1529 3620 1686 3690 maneret,
1709 3635 1776 3677 non
1797 3614 2020 3695 exoperibus,
2043 3614 2101 3679 sed

98 3699 134 3760 in
162 3696 336 3778 semetipso
362 3699 582 3779 proposuisse,
611 3697 747 3780 perinde
768 3698 858 3763 valet
879 3719 917 3763 ac
939 3699 967 3762 si
988 3695 1074 3761 dice-
1126 3719 1168 3762 ex
1187 3704 1333 3776 vocante,
1357 3697 1481 3762 dictum
1502 3704 1565 3762 est:
1588 3698 1695 3763 maior
1716 3700 1839 3764 seruet
1859 3700 1980 3762 minori
1985 3723 1993 3779 ;
2016 3699 2101 3764 sicut

98 3790 198 3861 renis,
218 3781 303 3845 nihil
320 3789 415 3846 extra
435 3805 470 3848 sc
492 3783 722 3863 considerasse,
744 3785 839 3850 cuius
855 3783 1018 3848 rationem
1039 3783 1074 3847 in
1126 3784 1284 3866 scriptum
1306 3791 1370 3848 est:
1390 3782 1489 3850 Iacob
1512 3783 1628 3862 dilexi,
1651 3785 1742 3849 Esau
1763 3792 1874 3848 autem
1895 3784 1967 3848 odio
1989 3783 2098 3849 habui.

99 3868 304 3934 decernendo
331 3868 475 3933 haberet.
519 3870 636 3952 Itaque
662 3872 815 3952 protinus
842 3868 981 3947 subiicit,
1009 3868 1075 3934 huo
1128 3867 1167 3933 Si
1182 3869 1261 3951 qaid
1277 3870 1392 3934 valna
1403 3871 1614 3951 praescientia
1631 3869 1667 3932 in
1683 3869 1737 3934 boc
1753 3871 1892 3951 irotrrun
1908 3870 2099 3950 deciman,

99 3954 264 4038 pertinere
291 3960 395 4018 totam
419 3954 585 4021 electionis
609 3964 738 4022 nostrae
761 3975 941 4034 summam,
969 3962 1008 4019 ut
1029 3955 1074 4019 si-
1125 3957 1306 4038 irnportuna
1326 3961 1402 4021 certe
1421 3954 1507 4035 fiere
1528 3956 1674 4034 empore
1699 3957 1819 4018 maan.
1861 3953 1983 4020 Dauus
2005 3954 2100 4022 Iacob

98 4062 173 4105 mus
201 4041 237 4104 iu
263 4040 395 4104 laudem
422 4039 553 4106 annae
580 4043 713 4124 gratiae.
758 4042 858 4108 Oerte
879 4042 944 4107 Dei
967 4041 1075 4124 gratia
1124 4041 1225 4124 fuisse
1251 4042 1390 4120 nnn,
1418 4041 1496 4121 quia
1518 4040 1641 4120 inuris
1666 4040 1833 4103 mutnus
1854 4046 1952 4121 parta
1981 4042 2010 4106 ei
2035 4042 2101 4125 fuit

98 4148 166 4192 uon
183 4126 252 4191 sola
268 4125 452 4208 praedicari
472 4127 509 4188 in
529 4126 685 4192 electione
704 4135 817 4194 nostra
837 4136 991 4206 meretur,
1009 4127 1075 4191 nisi
1125 4127 1278 4210 dipndcs:
1305 4146 1453 4209 quorsum
1481 4125 1593 4190 diceret
1616 4125 1739 4189 Paulus
1765 4125 1903 4190 nondum
1921 4127 2023 4210 fuisse
2043 4149 2101 4193 na-
2210 4168 2212 4172 .

98 4213 179 4278 haec
201 4212 347 4296 gratuita
367 4212 418 4276 sit.
462 4212 567 4276 Porro
586 4210 668 4277 baec
689 4215 833 4297 gratim
852 4215 1017 4291 nouerit,
1045 4211 1073 4278 si
1125 4213 1214 4277 tune?
1247 4213 1321 4277 Iarn
1337 4213 1391 4278 boo
1408 4211 1631 4276 incenante
1648 4211 1793 4309 additum
1812 4211 1898 4292 foret,
1920 4213 2002 4278 nibil
2022 4214 2100 4278 dum

99 4298 135 4361 iu
152 4299 220 4363 suis
239 4298 399 4381 eligendis
417 4298 509 4363 Deus
532 4299 599 4397 ipse
620 4298 728 4380 qualia
749 4300 817 4363 sint
837 4301 949 4400 tritura
966 4300 1074 4398 cuiue
1125 4298 1197 4363 boni
1211 4299 1334 4380 fecisse:
1350 4300 1428 4397 quia
1444 4299 1480 4395 in
1492 4301 1642 4378 woman
1658 4303 1718 4361 erit
1736 4299 1877 4396 exceptio,
1895 4298 1977 4397 nibil
1994 4299 2100 4364 Deum

99 4391 478 4535 sciscianus
507 4382 1073 4537 tessauriciate
1124 4383 1792 4552 nuent
1808 4385 2101 4550 intritae

98 4555 211 4620 fideles
239 4521 455 4639 comperitiir:
485 4577 553 4620 non
581 4576 640 4621 vos
661 4577 714 4620 me
742 4556 899 4640 elegistis;
927 4556 985 4622 sed
1012 4577 1073 4640 ego
1124 4557 1205 4620 tiurn
1230 4558 1340 4621 merito
1362 4558 1429 4621 nm
1449 4561 1521 4621 tunc
1541 4561 1678 4621 wuston
1698 4520 1803 4620 debuit
1823 4562 1894 4620 ante
1913 4560 2023 4619 natum
2045 4555 2101 4622 Ia-

99 4641 265 4725 elegiace
287 4640 417 4727 (Ioann.
445 4647 491 4722 15,
519 4643 582 4726 16).
627 4641 693 4708 Ubi
715 4663 781 4706 nou
801 4644 979 4724 praeterita
1000 4650 1074 4706 tan-
1125 4642 1188 4721 cob,
1209 4643 1344 4724 perinde
1371 4665 1409 4708 oc
1435 4644 1466 4708 si
1492 4641 1681 4707 ambcnset.
1710 4642 1825 4723 Atqui
1851 4642 1887 4706 in
1913 4642 2100 4721 medardo

98 4733 171 4790 tum
192 4728 312 4792 merita
333 4727 491 4807 excludit,
521 4727 579 4793 sed
600 4727 683 4792 nihil
705 4728 859 4794 habuisse
879 4729 915 4793 in
937 4750 972 4793 se
993 4728 1073 4811 ipsis
1124 4729 1203 4794 uodo
1220 4749 1279 4810 por
1304 4730 1310 4741 '
1343 4729 1516 4810 apostolus,
1538 4729 1679 4808 decenn
1700 4728 1893 4808 adoptionum
1915 4727 2008 4792 Iacob
2037 4749 2101 4792 uon

99 4813 263 4895 significat
284 4836 343 4879 cur
364 4813 577 4896 eligerentur,
606 4813 671 4879 nisi
691 4835 752 4879 sua
772 4813 994 4880 misericordia
1014 4835 1073 4880 an·
1124 4834 1163 4879 ea
1264 4816 1270 4826 ”
1342 4816 1515 4897 patenam
1535 4832 1608 4892 esse,
1630 4814 1684 4878 sed
1704 4834 1744 4878 ea
1765 4814 1918 4880 comune
1939 4812 2011 4877 Dei.
2057 4813 2102 4879 Iu

98 4900 291 4964 tevmmeet.
326 4898 400 4979 Quo
422 4900 517 4965 modo
539 4907 573 4964 et
593 4899 675 4964 illud
697 4899 796 4965 Pauli
818 4899 928 4985 (Rom.
954 4904 1002 4980 ll,
1016 4901 1074 4982 35)
2176 4905 2178 4910 ’

97 4984 363 5068 intelligendum:
386 4986 457 5067 quis
478 4987 568 5069 prior
588 4986 679 5051 dedit
695 4986 752 5066 illi,
775 4993 810 5051 et
825 4987 1072 5052 retributionem

98 5070 259 5171 accipiet?
284 5069 455 5170 Siquidem
469 5073 640 5173 comodere
657 5072 729 5139 vuli
746 5073 797 5172 sic·
809 5073 875 5138 Dei
891 5072 1073 5137 bonitatem
1193 5121 1223 5191 1)
1255 5122 1334 5178 Rem
1357 5139 1386 5174 ⁸⁰
1412 5122 1479 5193 ipso.
1549 5118 1581 5188 2)
1605 5119 1653 5174 ,m
1676 5120 1741 5176 ,Μ
1763 5123 1872 5193 ΜΨ,
1891 5129 1916 5178 a
1942 5123 2100 5180 am

97 5157 246 5256 h⁰¹J¹¹n⁶³
268 5178 475 5239 mmmm*
502 5165 540 5222 ut
566 5159 652 5224 mhll
680 5158 877 5260 alludstllfl‘lss
899 5180 962 5259 ¹¹⁰⁰,
981 5179 1075 5260 lim·
1130 5190 1198 5247 Vide
1225 5198 1316 5247 tanen
1336 5207 1374 5246 an
1391 5206 1448 5245 uon
1464 5189 1487 5244 te
1506 5188 1605 5243 endum
1622 5190 1674 5243 sit.-
1698 5191 1738 5244 sio
1755 5192 1876 5261 quidem
1899 5198 1930 5246 ut
1950 5193 2050 5248 babeat
2066 5208 2102 5247 ea

96 5243 667 5413 wutufflffifflmssfiim
689 5267 753 5329 quo
772 5268 853 5329 ipsis
874 5245 1073 5313 cononem.
1127 5262 1271 5317 comm
1286 5259 1470 5316 maduere
1457 5274 1459 5279 ·
1477 5206 1676 5331 iniciam
1690 5262 1926 5401 poameraffo.
1936 5259 2012 5317 1607.
2022 5258 2101 5316 1617.
