4672 5842
120 302 160 363 69
465 298 554 363 LIB.
579 298 607 363 Ι.
651 298 714 364 DE
736 296 1025 365 COGNIrIONa
1046 301 1129 365 DEI
1151 300 1425 369 OREATORIS.
1469 301 1569 369 etr.
1591 304 1688 370 Vm
1712 306 1774 372 IX.
1812 335 1814 339 ⁷
1877 248 1881 263 Ι
2084 312 2128 376 te

116 488 339 553 testimoninm
357 488 540 571 oppetiisse,
558 508 625 551 non
642 487 784 551 fanatica
802 486 1005 569 intemperie,
1018 509 1097 569 qua·
1147 495 1275 555 canem
1301 490 1457 571 populum
1489 494 1631 555 externae
1663 493 1819 559 doctrinae
1850 496 1997 578 astringit
2028 517 2065 562 ac
2093 501 2125 563 a·

117 574 191 638 liter
223 573 392 638 interdum
425 573 557 638 erratici
591 573 725 655 spiritus
757 572 878 650 solent,
913 572 971 637 sed
1002 574 1096 637 firmo
1148 576 1365 640 elementarius
1386 582 1476 656 emet,-
1501 578 1577 655 quin
1594 579 1703 659 polias
1723 600 1829 643 aeram
1849 580 1930 645 banc
1951 585 2125 663 etpkream

116 659 359 743 constantique,
393 660 500 724 sobrio
526 669 652 735 tamen,
687 659 750 722 Dei
778 658 856 722 celo.
902 658 997 723 Aliae
1019 667 1097 724 stmt
1147 662 1204 725 sub
1229 660 1346 726 Christi
1372 683 1464 744 regno
1490 662 1669 743 felicitatem
1696 686 1791 730 remae
1815 668 1958 731 ecclesia
1983 670 2051 750 fore
2072 671 2125 734 aa

115 767 176 811 nce
197 767 322 828 paucae
342 766 403 810 nec
424 744 589 811 invalidae
602 745 753 822 rationes,
777 744 893 827 quibus
916 764 975 807 sua
994 744 1096 826 scrip·
1148 753 1205 825 eet,
1237 751 1272 811 at
1304 768 1365 810 aon
1391 749 1498 810 minus
1526 768 1593 812 ecee
1620 748 1684 813 Dei
1716 771 1810 831 qaam
1842 754 1960 832 spiritu
1988 762 2124 836 reputem.

116 841 209 895 turae
231 831 375 915 dignitas
402 853 440 896 ac
462 833 615 896 maiestas
643 853 708 895 non
730 830 826 894 mode
847 839 1011 894 asseratur
1033 830 1096 912 piis
1156 832 1242 898 Unde
1268 834 1457 915 coll-ipimus
1491 835 1623 914 amando
1649 837 1813 918 sacrilegio
1841 839 1949 903 diuelli
1981 840 2020 904 ab
2052 841 2125 905 istis

115 918 316 1001 pectoribus,
357 917 414 982 sed
454 916 610 982 adversus
649 916 924 980 calumniatorum
960 916 1095 981 technas
1147 919 1347 983 nebulonibus
1376 940 1455 999 quae
1481 920 1658 984 inviolabili
1686 943 1768 986 reeca
1783 923 1935 1003 propbeta
1956 926 2123 990 maturauit

116 1004 247 1087 egregie
275 1003 474 1079 vindicetur,
504 1002 560 1067 sed
588 1023 672 1084 quac
700 1024 767 1065 non
794 1003 874 1066 satis
900 1023 959 1083 per
981 1023 1015 1066 se
1038 1023 1095 1065 va·
1149 1004 1221 1068 Huc
1241 1005 1320 1068 adde
1342 1005 1424 1084 quael
1445 1003 1569 1069 Paulae
1591 1005 1626 1069 in
1647 1009 1780 1071 tertium
1794 1028 1891 1089 usque
1912 1011 2026 1074 marim
2048 1032 2123 1094 rap

115 1089 205 1154 leant
237 1089 279 1153 ad
311 1092 441 1153 firmam
473 1088 519 1150 illi
553 1088 652 1152 fidem
685 1087 952 1169 comparandam,
994 1087 1095 1152 donee
1147 1095 1210 1168 tus,
1237 1110 1299 1152 arm
1328 1091 1441 1155 destitit
1467 1094 1570 1154 tamen
1591 1092 1743 1172 praticae
1773 1095 1807 1156 iu
1833 1094 1974 1159 doctriua
1998 1097 2124 1178 lepiset
2235 1095 2239 1103 ‘

114 1176 186 1241 eius
215 1175 434 1239 reverentiam
461 1174 608 1260 eoelestis
637 1182 745 1256 pater,
779 1195 838 1237 sno
864 1173 931 1238 illic
959 1175 1094 1236 numine
1142 1175 1383 1257 propbetarum5
1415 1178 1508 1240 sicuti
1541 1181 1568 1240 et
1603 1177 1795 1242 Timotheum
1828 1182 2003 1263 singularis
2029 1203 2124 1261 prae-

112 1262 288 1344 petesacto,
322 1260 412 1324 omni
445 1260 667 1325 controversia
700 1259 823 1324 eximit.
880 1257 990 1338 Quare
1023 1270 1095 1321 tum
1145 1263 1279 1325 siuilliae
1300 1262 1448 1326 electorem
1469 1262 1610 1325 muctar
1631 1268 1665 1326 at
1686 1264 1806 1329 lectioni
1827 1267 1964 1330 atenelat
1985 1267 2018 1350 (l
2039 1269 2121 1333 Tim

113 1368 191 1411 vere
221 1346 355 1411 demum
384 1345 426 1411 ad
454 1346 632 1411 salvificam
653 1345 716 1409 Dci
745 1345 963 1428 cognitionem
993 1344 1094 1426 serip-
1147 1354 1175 1424 t,
1200 1347 1261 1431 13).
1307 1347 1355 1410 Ac
1382 1353 1552 1411 numerata
1581 1349 1709 1430 diarium
1738 1356 1782 1414 cst
1805 1351 1938 1433 alipium
1959 1352 2042 1417 illud
2063 1374 2123 1434 qua

114 1440 192 1496 tura
213 1432 404 1508 satisfaciet,
429 1432 485 1496 ubi
506 1431 654 1495 interiori
676 1431 811 1514 spiritus
834 1431 938 1495 sancti
960 1451 1094 1513 persua·
1145 1434 1336 1514 scripturam
1365 1438 1456 1497 ornat
1478 1434 1512 1517 (2
1532 1435 1613 1497 rim.
1636 1439 1663 1511 3,
1688 1435 1757 1518 le):
1779 1437 1893 1518 ,utilem
1913 1459 1979 1502 esse
2006 1439 2049 1503 ad
2075 1440 2126 1504 da

113 1519 206 1583 sione
234 1518 371 1582 fundata
399 1518 497 1582 bierit
525 1518 597 1582 eius
620 1517 789 1582 certitudo.
836 1514 929 1596 Quae
951 1536 1031 1581 vero
1053 1515 1094 1579 ad
1146 1519 1282 1597 mudum,
1305 1520 1496 1597 maturrime,
1515 1519 1716 1602 arquerulum,
1735 1542 1795 1600 quo
1806 1524 1936 1603 perfecti
1954 1525 2126 1590 reddantur

114 1626 188 1669 eam
210 1602 467 1669 confirmandam
498 1604 642 1667 humana
664 1613 797 1667 exstant
819 1603 1020 1678 testimonia,
1049 1603 1094 1665 sic
1146 1606 1228 1668 serui
1250 1604 1321 1667 Dei.
1371 1606 1471 1684 Quam
1499 1605 1646 1669 diabolici
1672 1606 1793 1687 furoris
1820 1613 1864 1671 est
1891 1609 2042 1673 caducam
2076 1608 2123 1676 vel

113 1691 227 1758 inania
248 1712 315 1754 non
338 1699 450 1765 erunt,
480 1690 507 1754 si
531 1690 742 1771 praecipuum
764 1687 847 1751 illud
869 1697 902 1752 ct
920 1709 1093 1765 summum,
1145 1691 1344 1769 temporales
1365 1692 1539 1771 scripturae
1560 1711 1653 1755 usum
1668 1692 1791 1773 fingere,
1819 1714 1898 1773 quae
1920 1695 1963 1758 acl
1978 1697 2124 1761 ultimam

113 1775 205 1841 velut
234 1775 427 1840 secundaria
461 1784 591 1840 nostrae
627 1773 858 1839 imbecillitatis
886 1773 1093 1850 adminicula,
1145 1796 1242 1855 usqae
1263 1781 1375 1839 nimam
1396 1776 1481 1855 filios
1498 1776 1563 1840 Dei
1584 1776 1728 1841 deducu?
1757 1777 1886 1842 Deinde
1905 1787 1938 1843 et
1960 1780 2022 1846 hoc
2040 1782 2124 1846 mihi

113 1861 366 1945 subsequantur.
401 1859 468 1927 Sed
490 1863 601 1944 inepte
622 1862 745 1925 faciunt
760 1861 816 1941 qui
832 1861 964 1942 probari
979 1859 1095 1923 volunt
1146 1861 1334 1942 responderi
1364 1862 1404 1925 ab
1426 1862 1505 1942 ipsis
1533 1862 1640 1939 velim,
1671 1864 1836 1927 analium
1865 1865 2036 1929 hauserint
2058 1869 2124 1950 spi-

112 1947 310 2024 infidelibus,
333 1949 530 2030 scripturam
553 1968 623 2011 esse
645 1945 782 2010 verbum
803 1944 883 2024 Doi3
906 1945 1008 2027 quod,
1031 1945 1093 2009 nisi
1146 1948 1248 2010 ritum
1277 1948 1377 2011 abeo
1405 1968 1502 2029 quem
1524 1946 1690 2030 discipulis
1713 1951 1780 2013 suis
1802 1950 1964 2015 Dominus
1986 1953 2124 2034 promit·

113 2033 193 2111 fide,
222 2034 374 2117 cognosci
396 2034 518 2115 nequit
564 2033 685 2097 Merito
705 2033 814 2113 itaque
836 2032 1055 2114 Augustinus,
1069 2030 1093 2113 ¹)
1146 2032 1255 2097 tabat?
1301 2034 1445 2098 Tametsi
1467 2043 1615 2098 extrema
1635 2035 1764 2121 insania
1785 2046 1961 2113 vexantur,
1985 2059 2051 2101 non
2074 2046 2124 2101 ta·

114 2120 172 2202 qui
192 2120 347 2203 pietatem
367 2127 400 2183 et
417 2140 530 2201 pacem
549 2120 668 2182 mentis
687 2116 803 2182 debere
820 2116 1014 2200 praecedere
1036 2116 1094 2181 ad·
1145 2141 1221 2182 men
1250 2140 1304 2184 eos
1332 2127 1424 2182 tanta
1450 2120 1613 2203 vertigine
1635 2133 1712 2201 puto
1734 2121 1858 2201 raptari
1888 2129 1925 2185 ut
1946 2122 1979 2185 id
2001 2124 2124 2188 iactare

114 2213 236 2283 monet,
259 2213 298 2270 ut
320 2205 359 2269 de
382 2207 483 2270 tantis
506 2205 603 2269 rebus
625 2202 748 2286 aliquid
769 2203 865 2268 homo
886 2204 1059 2287 intelligat.
1147 2206 1264 2269 ausint.
1322 2203 1462 2284 Qualem
1503 2215 1612 2269 autem
1645 2206 1712 2270 fore
1745 2207 1961 2287 promittendo
1995 2208 2122 2272 denun-

1147 2290 1269 2354 tiabat?
1304 2312 1421 2373 nempe
1450 2292 1503 2372 qui
1531 2312 1599 2355 non
1629 2313 1648 2356 a
1675 2313 1710 2356 se
1737 2293 1808 2375 ipso
1836 2293 2029 2375 loqueretur,
2064 2294 2122 2359 sed
2215 2354 2217 2358 ,

1146 2387 1337 2459 suggereret
1369 2398 1481 2440 eorum
1514 2378 1630 2441 animis
1664 2387 1697 2441 et
1729 2378 1905 2442 instillaret
1938 2400 2020 2461 quae
2052 2380 2122 2461 ipse

1146 2484 1204 2544 per
1237 2464 1374 2526 verbum
1407 2462 1594 2527 tradidisset
1621 2462 1749 2546 (loann.
1775 2468 1822 2540 16,
1846 2465 1908 2548 13).
1944 2464 2021 2529 Non
2043 2486 2120 2549 ergo

1145 2549 1298 2631 promissi
1329 2549 1422 2612 nobis
1450 2549 1583 2630 spiritus
1611 2549 1754 2613 officium
1781 2557 1846 2626 est,
1880 2572 1982 2615 novas
2010 2559 2043 2614 et
2071 2552 2121 2615 in·
2157 2558 2162 2567 '

1146 2634 1273 2699 auditas
1295 2633 1510 2699 revelationes
1531 2637 1726 2717 contingere,
1749 2635 2121 2702 autnovumdoctrinae

1146 2741 1250 2803 genus
1271 2719 1464 2803 procudere,
1493 2741 1556 2801 quo
1585 2741 1604 2782 a
1630 2727 1762 2804 recepta
1788 2721 1951 2804 evangelii
1975 2721 2122 2786 doctrina

1146 2805 1360 2884 abducamur3
1387 2805 1444 2870 sed
1465 2806 1556 2869 illam
1582 2807 1695 2887 ipsam,
1722 2828 1805 2887 quae
1826 2828 1885 2888 per
1913 2808 2120 2890 evangelium

1145 2892 1400 2969 commendatur,
1424 2891 1604 2956 doctrinam
1626 2893 1792 2957 mentibus
1803 2893 1924 2956 nostris
1939 2892 2119 2976 obsignare.

1232 2982 1260 3041 2.
1306 2977 1402 3043 Unde
1427 2977 1521 3041 facile
1548 2978 1761 3061 intelligimus
1792 2980 1972 3060 scripturae
2000 2988 2034 3043 et
2052 2979 2120 3043 lee-

204 3069 230 3127 l.
275 3064 380 3128 Porro
403 3064 458 3145 qui
480 3061 652 3145 repudiata
672 3063 835 3145 scriptura
858 3062 1091 3144 nescioquam
1145 3063 1226 3128 tioni
1248 3070 1281 3127 et
1303 3064 1532 3128 auscultationi
1555 3085 1625 3128 esse
1646 3064 1789 3128 studiose
1807 3063 2068 3142 incumbendum,
2092 3066 2120 3130 si

113 3149 155 3214 ad
184 3149 295 3214 Deum
322 3148 515 3231 penetrandi
543 3149 631 3212 viam
661 3149 898 3232 imaginantur,
928 3168 997 3211 non
1023 3157 1092 3212 tam
1145 3171 1242 3230 quem
1263 3170 1283 3211 a
1300 3150 1417 3232 spiritu
1434 3149 1500 3213 Dei
1522 3171 1617 3213 usum
1636 3171 1673 3214 ae
1689 3151 1833 3215 fructum
1850 3151 2015 3232 percipere
2033 3149 2121 3230 libet,

112 3257 224 3301 errore
257 3236 361 3300 teneri
392 3257 491 3318 quam
524 3235 613 3300 rabie
646 3235 805 3318 exagitari
837 3233 974 3315 putandi
1006 3242 1091 3298 sunt.
1144 3236 1238 3298 siculi
1259 3237 1353 3299 aiam
1376 3236 1485 3300 laudat
1509 3234 1622 3299 Petrus
1643 3237 1677 3319 (2
1695 3236 1785 3301 Petr.
1809 3241 1835 3314 l,
1859 3235 1912 3319 19)
1933 3256 2038 3300 eorum
2059 3241 2122 3301 stu-

464 2513 616 2578 earur
639 2512 746 2596 111)

114 2655 271 2740 Omnia
300 2631 473 2765 pietatis
512 2654 714 2767 principia
754 2666 944 2736 evertere
975 2656 1093 2738 fana-

113 2777 241 2882 ticos,
273 2775 366 2885 qui,
397 2776 643 2886 posthabita
674 2775 901 2885 scriptura,
941 2775 995 2857 ad
1024 2804 1092 2864 re-

320 2896 575 2978 velationem
611 2895 886 2977 transvolant.

111 3322 332 3387 Emerserrmt
363 3323 452 3385 enim
486 3342 593 3403 nuper
625 3321 816 3404 vertiginosi
849 3319 997 3401 quidam,
1037 3321 1092 3402 qui

111 3408 251 3491 spiritus
273 3408 499 3489 magisterium
520 3408 755 3471 fructuosissime
777 3404 1005 3481 obtendentes,
1027 3406 1093 3471 lec·

1140 3321 1233 3394 ⁴alr'um
1253 3323 1309 3402 qui
1329 3323 1437 3386 aurai
1453 3325 1526 3385 sunt
1544 3322 1587 3385 ael
1602 3322 1815 3403 prapbaieam
1831 3322 2018 3400 doctrinam,
2041 3342 2122 3402 quae

1144 3412 1246 3471 tamen
1273 3407 1375 3472 videri
1397 3412 1520 3488 poterat
1546 3409 1609 3471 loco
1635 3410 1762 3476 cessisse
1776 3413 1850 3487 post
1871 3413 2008 3471 eecrtam
2029 3429 2121 3472 evam

108 3495 241 3558 tionem
261 3491 323 3573 ipsi
342 3513 472 3558 omnem
490 3502 658 3574 respuunt,
678 3503 842 3557 eteorum
859 3490 997 3555 irrident
1014 3493 1092 3556 sim·
1143 3494 1219 3576 aelii
1240 3494 1355 3572 lucem;
1377 3502 1491 3558 contra
1512 3514 1607 3571 vero,
1631 3493 1658 3556 si
1673 3495 1749 3642 quis
1771 3494 1920 3574 spiritus,
1943 3494 2121 3575 praeterita

109 3579 295 3664 plicitatem
315 3579 370 3659 qui
392 3588 573 3643 emortuam
596 3588 630 3643 et
651 3578 865 3653 occidentem,
893 3585 930 3640 ut
950 3578 1013 3659 ipsi
1035 3599 1093 3642 vo-

111 3673 206 3743 cant,
239 3663 369 3727 literam
398 3663 505 3730 adhuc
533 3672 772 3730 consectantur.
825 3661 894 3727 Sed
923 3664 1024 3727 velim
1052 3664 1092 3727 ab

110 3752 194 3834 ipsis
220 3750 304 3814 sciro
327 3751 475 3831 quisnam
498 3751 541 3815 sit
562 3752 623 3815 iste
646 3752 780 3834 spiritus
803 3750 896 3814 cuius
919 3750 1032 3813 afflatu
1055 3770 1093 3813 eo

1145 3577 1237 3642 verbi
1259 3578 1323 3642 Dei
1347 3579 1518 3661 sapientia,
1547 3579 1645 3643 aliam
1696 3580 1855 3643 octrinam
1876 3579 1969 3643 nobis
1988 3579 2119 3662 ingerit,

1145 3686 1220 3728 enm
1248 3666 1364 3729 merite
1391 3665 1547 3729 vanitatis
1580 3686 1617 3729 ac
1645 3665 1806 3729 mendacii
1833 3672 2020 3746 suspectum
2048 3686 2119 3730 esse

1146 3750 1272 3814 debere.
1318 3749 1408 3831 Quid
1439 3750 1547 3815 enim?
1581 3772 1682 3831 quum
1716 3772 1751 3815 se
1780 3760 1875 3815 satan
1902 3752 1937 3814 in
1965 3751 2119 3833 angelum
2148 3813 2157 3828 ,

111 3835 327 3903 sublimitatis
349 3836 541 3913 evehuntur,
566 3847 604 3900 ut
626 3839 806 3920 scripturae
829 3834 1010 3899 doctrinam
1032 3856 1092 3899 ceu
1143 3836 1226 3901 lucis
1256 3838 1483 3919 transfiguret,
1511 3858 1610 3919 quam
1638 3837 1845 3900 autoritatem
1873 3835 2006 3899 habebit
2033 3834 2121 3918 apud

111 3922 273 4006 puerilem
307 3929 341 3984 et
373 3922 532 3986 humilem
565 3920 729 4004 despicere
763 3921 893 3986 ausint?
946 3921 1032 3984 Nam
1065 3921 1093 3986 si

112 4006 239 4074 Christi
260 4008 413 4090 spiritum
439 4030 511 4073 esse
533 4008 745 4090 respondent,
770 4029 929 4090 perquam
957 4006 1094 4071 ridicula

111 4106 164 4159 est
188 4092 350 4159 eiusmodi
377 4095 548 4159 securitas:
583 4094 740 4176 siqnidem
769 4093 929 4176 apostolos
957 4091 1091 4171 Christi,

113 4180 256 4262 aliosque
283 4180 319 4243 in
348 4181 455 4263 prima
483 4179 620 4245 ecelesia
646 4180 758 4245 fideles
785 4202 851 4245 non
879 4180 942 4244 alio
975 4179 1092 4262 spiritu

112 4265 313 4331 illuminatos
333 4266 442 4344 fuisse,
466 4273 504 4329 ut
526 4266 649 4347 opiner,
673 4266 858 4330 concedent.
892 4265 996 4348 Atqui
1017 4264 1092 4328 nnl-

112 4351 165 4416 lus
191 4372 306 4416 eorum
328 4352 418 4416 verbi
440 4352 505 4417 Dei
528 4360 752 4432 contemptum
774 4351 851 4415 inde
874 4351 1001 4427 didicit,
1035 4349 1092 4415 sed

112 4438 336 4520 unusquisque
358 4437 467 4520 pot-ius
489 4439 611 4501 maiore
634 4438 817 4501 reverentia
844 4438 990 4502 imbutus
1017 4437 1092 4515 fuit;

112 4521 388 4605 quemadmodum
408 4545 523 4588 eorum
545 4523 666 4604 scripta
689 4523 947 4587 luculentissime
970 4530 1093 4587 testan-

112 4618 176 4673 tur.
223 4608 267 4672 Et
286 4629 363 4673 sarie
384 4609 430 4673 sic
446 4631 507 4691 per
528 4630 563 4673 os
585 4608 711 4673 lesaiae
734 4610 800 4692 (59,
821 4609 876 4692 21)
894 4610 1094 4688 praedictum

109 4696 223 4776 fuerat.
272 4694 379 4775 Neque
407 4697 491 4759 arim
517 4696 571 4760 ubi
599 4696 691 4760 aaa:
719 4696 854 4776 spiritus
874 4715 961 4758 meus
983 4695 1037 4774 qui
1059 4695 1095 4758 in

112 4786 141 4844 te
169 4786 214 4846 est
244 4785 272 4844 et
297 4781 390 4845 acrba
416 4801 496 4862 quae
516 4784 614 4863 posui
640 4783 673 4844 iu
703 4801 755 4844 ονε
776 4786 827 4844 luo
853 4801 913 4843 aare
943 4780 1095 4844 demea

114 4867 152 4937 ab
180 4888 233 4931 ore
258 4872 311 4931 rao
336 4887 431 4949 neque
458 4868 496 4931 ab
525 4888 576 4931 are
604 4868 734 4932 seminis
760 4867 808 4930 tui
839 4867 874 4929 in
901 4870 1093 4947 perpetuam,

183 5157 212 5225 1)
231 5159 306 5212 tior.
324 5158 359 5212 a
376 5159 496 5212 uinea
513 5136 655 5212 sedena
706 5156 736 5226 a)
756 5155 856 5223 aare
872 5156 1002 5211 aalma
1015 5174 1095 5228 prae-

112 5227 232 5282 cedentis
252 5226 318 5296 Cap.
338 5227 363 5281 1.
382 5228 405 5294 §.
422 5225 537 5282 34-86.

1146 3944 1206 3987 noe
1236 3923 1378 4005 spiritus,
1407 3922 1470 3986 nisi
1491 3923 1673 3987 certissima
1700 3930 1778 3986 nota
1806 3921 2031 3985 discernatur?
2075 3922 2123 3985 Et

1145 4030 1223 4072 sane
1251 4010 1420 4091 perspicue
1448 4009 1542 4073 nobis
1570 4007 1758 4091 designatus
1786 4015 1836 4070 est
1863 4028 1943 4072 voce
1970 4005 2120 4071 Domini:

1145 4095 1209 4158 nisi
1237 4095 1313 4176 quia
1339 4104 1455 4178 sponte
1481 4095 1517 4157 in
1545 4115 1640 4158 snum
1669 4094 1806 4158 exitium
1834 4113 1944 4156 errare
1968 4094 2123 4157 affectant

1145 4181 1257 4245 miseri
1276 4180 1339 4259 isti,
1364 4180 1441 4245 dum
1463 4181 1613 4262 spiritum
1635 4201 1654 4242 a
1676 4201 1711 4244 se
1733 4180 1811 4261 ipsis
1832 4180 2061 4261 potiusquam
2083 4179 2122 4243 ab

1145 4267 1215 4348 ipso
1237 4273 1406 4348 quaerunt
1452 4267 1499 4330 At
1528 4287 1605 4329 vcro
1634 4265 1807 4348 indignum
1836 4286 1906 4329 csse
1935 4272 2120 4339 causantur,

1145 4353 1296 4434 spiritum
1314 4352 1387 4430 Dei,
1410 4353 1462 4417 cui
1482 4349 1681 4416 subiicienda
1702 4360 1779 4415 sunt
1800 4351 1917 4426 omnia,
1942 4350 2121 4430 scripturae

1148 4438 1325 4503 subiacere.
1370 4437 1474 4518 Quasi
1503 4458 1581 4502 vero
1606 4439 1648 4501 sit
1670 4437 1731 4502 hoc
1752 4437 2005 4518 ignominiosum
2027 4433 2122 4515 spiri-

1146 4523 1196 4587 tui
1226 4534 1351 4602 sancto,
1380 4524 1442 4588 sibi
1470 4545 1540 4587 csse
1567 4525 1685 4605 ubique
1712 4543 1824 4604 parem
1854 4530 1887 4584 et
1912 4521 2121 4599 conformem,

1146 4608 1207 4673 sibi
1229 4630 1288 4693 per
1310 4610 1419 4673 omnia
1436 4617 1592 4688 constare,
1615 4629 1776 4690 nusquam
1795 4607 1930 4670 variare.
1960 4604 2123 4687 Equidem

1146 4695 1174 4759 si
1197 4693 1239 4759 ad
1260 4695 1448 4773 humanam,
1471 4694 1525 4759 vel
1539 4694 1729 4779 angelicam,
1753 4693 1805 4757 vel
1819 4692 1959 4756 alienam
1973 4692 2124 4774 quamvis

1146 4782 1294 4864 regulam
1318 4781 1519 4864 exigeretur,
1550 4778 1730 4846 censendus
1757 4790 1829 4842 tum
1850 4786 1952 4855 esset,
1981 4779 2015 4840 in
2038 4777 2124 4842 ordi-

1145 4889 1237 4946 nem,
1272 4866 1354 4931 adde
1387 4867 1485 4930 etiam
1512 4867 1540 4931 si
1568 4867 1689 4948 placet,
1722 4866 1758 4928 in
1791 4866 1982 4930 servitutem
2009 4863 2123 4948 redigi.

1147 4951 1214 5018 Sed
1235 4953 1313 5017 dum
1335 4953 1480 5035 sibiipsi
1503 4960 1718 5034 comparatur,
1742 4950 1820 5015 dum
1842 4951 1878 5014 in
1900 4973 1934 5016 se
1957 4952 2026 5032 ipso
2049 4972 2125 5016 con-

1147 5038 1319 5116 sideratur,
1342 5040 1414 5121 quis
1437 5037 1509 5103 ideo
1532 5037 1617 5102 dicet
1637 5039 1777 5122 irrogari
1799 5038 1827 5102 ei
1850 5035 2028 5101 iniuriam?
2063 5037 2125 5099 At·

1147 5125 1269 5206 quista
1291 5124 1332 5189 ad
1355 5146 1493 5189 examen
1512 5132 1691 5189 revocatur.
1721 5125 1857 5202 Fateor;
1874 5122 1931 5187 sed
1949 5142 2012 5204 qno
2031 5140 2125 5185 suam

1146 5208 1236 5292 apud
1257 5231 1316 5274 nos
1338 5210 1544 5275 maiestatem
1572 5211 1692 5277 sanciri
1714 5210 1824 5275 voluit
1869 5208 1971 5272 Nobis
1996 5202 2124 5271 abunde

1882 5308 1920 5361 δ’
2108 5342 2220 5506 ν’
