<?xml version="1.0" encoding="UTF-8"?>
<!DOCTYPE html PUBLIC "-//W3C//DTD XHTML 1.0 Transitional//EN"
    "http://www.w3.org/TR/xhtml1/DTD/xhtml1-transitional.dtd">
<html xmlns="http://www.w3.org/1999/xhtml" xml:lang="en" lang="en">
 <head>
  <title>
</title>
<meta http-equiv="Content-Type" content="text/html;charset=utf-8" />
  <meta name='ocr-system' content='tesseract 3.04.00' />
  <meta name='ocr-capabilities' content='ocr_page ocr_carea ocr_par ocr_line ocrx_word'/>
</head>
<body>
  <div class='ocr_page' id='page_1' title='image "./ioanniscalvinii00cunigoog_0374.png"; bbox 0 0 4672 5842; ppageno 0'>
   <div class='ocr_carea' id='block_1_1' title="bbox 85 282 2098 410">
    <p class='ocr_par' dir='ltr' id='par_1_1' title="bbox 85 282 2098 410">
     <span class='ocr_line' id='line_1_1' title="bbox 85 282 2098 410; baseline 0.004 -9"><span class='ocrx_word' id='word_1_1' title='bbox 85 341 146 402; x_wconf 81' lang='lat' dir='ltr'><strong>ni</strong></span> <span class='ocrx_word' id='word_1_2' title='bbox 264 288 393 403; x_wconf 60' lang='lat' dir='ltr'><strong>&#39;mn</strong></span> <span class='ocrx_word' id='word_1_3' title='bbox 416 336 480 402; x_wconf 77' lang='lat' dir='ltr'><strong>ns</strong></span> <span class='ocrx_word' id='word_1_4' title='bbox 526 334 591 402; x_wconf 88' lang='lat' dir='ltr'><strong>nn</strong></span> <span class='ocrx_word' id='word_1_5' title='bbox 613 333 751 402; x_wconf 85' lang='lat' dir='ltr'><strong>nono</strong></span> <span class='ocrx_word' id='word_1_6' title='bbox 771 282 1122 404; x_wconf 76' lang='lat' dir='ltr'><strong>rsacmmnoiu</strong></span> <span class='ocrx_word' id='word_1_7' title='bbox 1143 335 1335 405; x_wconf 73' lang='lat' dir='ltr'><strong>annun</strong></span> <span class='ocrx_word' id='word_1_8' title='bbox 1357 337 1576 406; x_wconf 77' lang='lat' dir='ltr'><strong>caurus.</strong></span> <span class='ocrx_word' id='word_1_9' title='bbox 1622 337 1721 405; x_wconf 73' lang='lat' dir='ltr'><strong>ose.</strong></span> <span class='ocrx_word' id='word_1_10' title='bbox 1744 339 1877 410; x_wconf 71' lang='lat' dir='ltr'><strong>xxm.</strong></span> <span class='ocrx_word' id='word_1_11' title='bbox 2035 347 2098 410; x_wconf 81' lang='lat' dir='ltr'><strong>iii</strong></span> 
     </span>
    </p>
   </div>
   <div class='ocr_carea' id='block_1_2' title="bbox 73 524 2099 5072">
    <p class='ocr_par' dir='ltr' id='par_1_2' title="bbox 81 524 2097 1040">
     <span class='ocr_line' id='line_1_2' title="bbox 82 524 2095 612; baseline 0.002 -20"><span class='ocrx_word' id='word_1_12' title='bbox 82 526 227 593; x_wconf 77' lang='lat' dir='ltr'><strong>minibus</strong></span> <span class='ocrx_word' id='word_1_13' title='bbox 236 525 302 591; x_wconf 90' lang='lat' dir='ltr'><strong>Dei</strong></span> <span class='ocrx_word' id='word_1_14' title='bbox 316 526 473 592; x_wconf 82' lang='lat' dir='ltr'><strong>tribunali</strong></span> <span class='ocrx_word' id='word_1_15' title='bbox 491 525 650 591; x_wconf 89' lang='lat' dir='ltr'><strong>obnoxios</strong></span> <span class='ocrx_word' id='word_1_16' title='bbox 668 524 831 603; x_wconf 84' lang='lat' dir='ltr'><strong>novimus,</strong></span> <span class='ocrx_word' id='word_1_17' title='bbox 854 532 892 590; x_wconf 90' lang='lat' dir='ltr'><strong>ut</strong></span> <span class='ocrx_word' id='word_1_18' title='bbox 913 525 954 590; x_wconf 86' lang='lat' dir='ltr'><strong>dc</strong></span> <span class='ocrx_word' id='word_1_19' title='bbox 975 525 1066 593; x_wconf 90' lang='lat' dir='ltr'><strong>mille</strong></span> <span class='ocrx_word' id='word_1_20' title='bbox 1105 527 1230 605; x_wconf 76' lang='lat' dir='ltr'><strong>,uenire</strong></span> <span class='ocrx_word' id='word_1_21' title='bbox 1265 525 1304 592; x_wconf 76' lang='lat' dir='ltr'><strong>Si</strong></span> <span class='ocrx_word' id='word_1_22' title='bbox 1324 526 1379 591; x_wconf 81' lang='lat' dir='ltr'><strong>boc</strong></span> <span class='ocrx_word' id='word_1_23' title='bbox 1400 532 1521 592; x_wconf 84' lang='lat' dir='ltr'><strong>adernc</strong></span> <span class='ocrx_word' id='word_1_24' title='bbox 1540 525 1606 591; x_wconf 91' lang='lat' dir='ltr'><strong>Dei</strong></span> <span class='ocrx_word' id='word_1_25' title='bbox 1625 527 1754 593; x_wconf 87' lang='lat' dir='ltr'><strong>consilio</strong></span> <span class='ocrx_word' id='word_1_26' title='bbox 1773 528 1876 608; x_wconf 72' lang='lat' dir='ltr'><strong>damn</strong></span> <span class='ocrx_word' id='word_1_27' title='bbox 1897 549 1962 594; x_wconf 87' lang='lat' dir='ltr'><strong>esse</strong></span> <span class='ocrx_word' id='word_1_28' title='bbox 1982 531 2095 612; x_wconf 81' lang='lat' dir='ltr'><strong>iciant,</strong></span> 
     </span>
     <span class='ocr_line' id='line_1_3' title="bbox 81 611 2097 696; baseline 0.002 -19"><span class='ocrx_word' id='word_1_29' title='bbox 81 613 276 696; x_wconf 81' lang='lat' dir='ltr'><strong>interrogati</strong></span> <span class='ocrx_word' id='word_1_30' title='bbox 305 634 348 677; x_wconf 91' lang='lat' dir='ltr'><strong>ne</strong></span> <span class='ocrx_word' id='word_1_31' title='bbox 381 612 417 676; x_wconf 92' lang='lat' dir='ltr'><strong>in</strong></span> <span class='ocrx_word' id='word_1_32' title='bbox 448 633 515 676; x_wconf 92' lang='lat' dir='ltr'><strong>uno</strong></span> <span class='ocrx_word' id='word_1_33' title='bbox 548 611 679 694; x_wconf 89' lang='lat' dir='ltr'><strong>quidem</strong></span> <span class='ocrx_word' id='word_1_34' title='bbox 712 611 900 677; x_wconf 73' lang='lat' dir='ltr'><strong>satisfacere</strong></span> <span class='ocrx_word' id='word_1_35' title='bbox 933 619 1063 694; x_wconf 71' lang='lat' dir='ltr'><strong>queant</strong></span> <span class='ocrx_word' id='word_1_36' title='bbox 1115 619 1150 677; x_wconf 87' lang='lat' dir='ltr'><strong>nt</strong></span> <span class='ocrx_word' id='word_1_37' title='bbox 1171 613 1287 679; x_wconf 81' lang='lat' dir='ltr'><strong>solid-is</strong></span> <span class='ocrx_word' id='word_1_38' title='bbox 1308 612 1482 678; x_wconf 87' lang='lat' dir='ltr'><strong>doctrinam</strong></span> <span class='ocrx_word' id='word_1_39' title='bbox 1503 613 1700 692; x_wconf 69' lang='lat' dir='ltr'><strong><em>percipiant,</em></strong></span> <span class='ocrx_word' id='word_1_40' title='bbox 1730 614 1809 694; x_wconf 84' lang='lat' dir='ltr'><strong>quid</strong></span> <span class='ocrx_word' id='word_1_41' title='bbox 1835 614 1896 678; x_wconf 87' lang='lat' dir='ltr'><strong>sibi</strong></span> <span class='ocrx_word' id='word_1_42' title='bbox 1923 615 1988 680; x_wconf 84' lang='lat' dir='ltr'><strong>vait</strong></span> <span class='ocrx_word' id='word_1_43' title='bbox 2014 617 2097 682; x_wconf 86' lang='lat' dir='ltr'><strong>iliud</strong></span> 
     </span>
     <span class='ocr_line' id='line_1_4' title="bbox 82 695 2096 782; baseline 0.001 -17"><span class='ocrx_word' id='word_1_44' title='bbox 82 701 279 765; x_wconf 83' lang='lat' dir='ltr'><strong>confitemur</strong></span> <span class='ocrx_word' id='word_1_45' title='bbox 305 698 390 763; x_wconf 89' lang='lat' dir='ltr'>nihil</span> <span class='ocrx_word' id='word_1_46' title='bbox 417 698 485 781; x_wconf 85' lang='lat' dir='ltr'><strong>pati</strong></span> <span class='ocrx_word' id='word_1_47' title='bbox 512 695 668 780; x_wconf 89' lang='lat' dir='ltr'><strong>reprobos</strong></span> <span class='ocrx_word' id='word_1_48' title='bbox 689 696 775 779; x_wconf 87' lang='lat' dir='ltr'><strong>quod</strong></span> <span class='ocrx_word' id='word_1_49' title='bbox 796 717 863 761; x_wconf 92' lang='lat' dir='ltr'><strong>non</strong></span> <span class='ocrx_word' id='word_1_50' title='bbox 885 697 1064 763; x_wconf 87' lang='lat' dir='ltr'><strong>iustissimo</strong></span> <span class='ocrx_word' id='word_1_51' title='bbox 1118 698 1236 765; x_wconf 80' lang='lat' dir='ltr'><strong>Masis:</strong></span> <span class='ocrx_word' id='word_1_52' title='bbox 1262 718 1341 779; x_wconf 86' lang='lat' dir='ltr'><strong>quae</strong></span> <span class='ocrx_word' id='word_1_53' title='bbox 1369 717 1445 782; x_wconf 79' lang='lat' dir='ltr'><strong>pens</strong></span> <span class='ocrx_word' id='word_1_54' title='bbox 1466 704 1510 763; x_wconf 86' lang='lat' dir='ltr'><strong>est</strong></span> <span class='ocrx_word' id='word_1_55' title='bbox 1530 699 1746 780; x_wconf 65' lang='lat' dir='ltr'><strong>taminatus,</strong></span> <span class='ocrx_word' id='word_1_56' title='bbox 1773 703 1808 763; x_wconf 86' lang='lat' dir='ltr'><strong>ut</strong></span> <span class='ocrx_word' id='word_1_57' title='bbox 1829 700 1872 765; x_wconf 94' lang='lat' dir='ltr'><strong>ad</strong></span> <span class='ocrx_word' id='word_1_58' title='bbox 1893 722 1962 765; x_wconf 88' lang='lat' dir='ltr'><strong>eam</strong></span> <span class='ocrx_word' id='word_1_59' title='bbox 1983 723 2096 782; x_wconf 88' lang='lat' dir='ltr'><strong>appro-</strong></span> 
     </span>
     <span class='ocr_line' id='line_1_5' title="bbox 81 780 2096 868; baseline 0.001 -18"><span class='ocrx_word' id='word_1_60' title='bbox 81 785 145 851; x_wconf 88' lang='lat' dir='ltr'><strong>Dei</strong></span> <span class='ocrx_word' id='word_1_61' title='bbox 167 782 289 849; x_wconf 87' lang='lat' dir='ltr'><strong>iudicio</strong></span> <span class='ocrx_word' id='word_1_62' title='bbox 310 780 493 850; x_wconf 73' lang='lat' dir='ltr'><strong>conveniat.</strong></span> <span class='ocrx_word' id='word_1_63' title='bbox 539 781 636 864; x_wconf 78' lang='lat' dir='ltr'><strong>Quod</strong></span> <span class='ocrx_word' id='word_1_64' title='bbox 657 784 818 847; x_wconf 88' lang='lat' dir='ltr'><strong>rationem</strong></span> <span class='ocrx_word' id='word_1_65' title='bbox 841 782 883 847; x_wconf 80' lang='lat' dir='ltr'><strong>ad</strong></span> <span class='ocrx_word' id='word_1_66' title='bbox 904 782 1064 866; x_wconf 91' lang='lat' dir='ltr'><strong>liquidum</strong></span> <span class='ocrx_word' id='word_1_67' title='bbox 1110 787 1243 866; x_wconf 82' lang='lat' dir='ltr'><strong>pinquet</strong></span> <span class='ocrx_word' id='word_1_68' title='bbox 1265 783 1354 849; x_wconf 88' lang='lat' dir='ltr'><strong>Deus</strong></span> <span class='ocrx_word' id='word_1_69' title='bbox 1375 785 1456 848; x_wconf 81' lang='lat' dir='ltr'><strong>siaid</strong></span> <span class='ocrx_word' id='word_1_70' title='bbox 1478 784 1521 849; x_wconf 90' lang='lat' dir='ltr'><strong>ad</strong></span> <span class='ocrx_word' id='word_1_71' title='bbox 1543 789 1571 848; x_wconf 87' lang='lat' dir='ltr'><strong>te</strong></span> <span class='ocrx_word' id='word_1_72' title='bbox 1592 782 1706 867; x_wconf 90' lang='lat' dir='ltr'><strong>(Dent.</strong></span> <span class='ocrx_word' id='word_1_73' title='bbox 1731 790 1761 863; x_wconf 89' lang='lat'><strong>4,</strong></span> <span class='ocrx_word' id='word_1_74' title='bbox 1787 785 1847 868; x_wconf 70' lang='lat' dir='ltr'><strong>il?</strong></span> <span class='ocrx_word' id='word_1_75' title='bbox 1887 786 1950 867; x_wconf 78' lang='lat' dir='ltr'><strong>Qui</strong></span> <span class='ocrx_word' id='word_1_76' title='bbox 1976 788 2096 868; x_wconf 76' lang='lat' dir='ltr'><strong>factum</strong></span> 
     </span>
     <span class='ocr_line' id='line_1_6' title="bbox 81 867 2096 954; baseline 0.002 -19"><span class='ocrx_word' id='word_1_77' title='bbox 81 892 148 936; x_wconf 91' lang='lat' dir='ltr'><strong>non</strong></span> <span class='ocrx_word' id='word_1_78' title='bbox 170 871 384 953; x_wconf 74' lang='lat' dir='ltr'>assequimur,</span> <span class='ocrx_word' id='word_1_79' title='bbox 407 870 533 952; x_wconf 88' lang='lat' dir='ltr'><strong>aliquid</strong></span> <span class='ocrx_word' id='word_1_80' title='bbox 554 870 680 934; x_wconf 89' lang='lat' dir='ltr'><strong>nescire</strong></span> <span class='ocrx_word' id='word_1_81' title='bbox 700 889 768 933; x_wconf 90' lang='lat' dir='ltr'><strong>non</strong></span> <span class='ocrx_word' id='word_1_82' title='bbox 787 889 983 948; x_wconf 89' lang='lat' dir='ltr'><strong>recusemus,</strong></span> <span class='ocrx_word' id='word_1_83' title='bbox 1007 869 1064 934; x_wconf 93' lang='lat' dir='ltr'><strong>ubi</strong></span> <span class='ocrx_word' id='word_1_84' title='bbox 1116 877 1160 936; x_wconf 91' lang='lat' dir='ltr'><strong>est</strong></span> <span class='ocrx_word' id='word_1_85' title='bbox 1180 877 1216 936; x_wconf 87' lang='lat' dir='ltr'><strong>nt</strong></span> <span class='ocrx_word' id='word_1_86' title='bbox 1232 870 1409 952; x_wconf 74' lang='lat' dir='ltr'><strong><em>privaverit</em></strong></span> <span class='ocrx_word' id='word_1_87' title='bbox 1431 867 1520 934; x_wconf 87' lang='lat' dir='ltr'><strong>Deus</strong></span> <span class='ocrx_word' id='word_1_88' title='bbox 1540 870 1693 952; x_wconf 81' lang='lat' dir='ltr'><strong>ecanpelii</strong></span> <span class='ocrx_word' id='word_1_89' title='bbox 1720 871 1786 936; x_wconf 87' lang='lat' dir='ltr'><strong>luce</strong></span> <span class='ocrx_word' id='word_1_90' title='bbox 1812 871 1925 937; x_wconf 81' lang='lat' dir='ltr'><strong>inultm</strong></span> <span class='ocrx_word' id='word_1_91' title='bbox 1949 874 2096 954; x_wconf 84' lang='lat' dir='ltr'><strong>populos,</strong></span> 
     </span>
     <span class='ocr_line' id='line_1_7' title="bbox 82 954 2093 1040; baseline 0 -17"><span class='ocrx_word' id='word_1_92' title='bbox 82 978 117 1023; x_wconf 89' lang='lat' dir='ltr'><strong>se</strong></span> <span class='ocrx_word' id='word_1_93' title='bbox 138 957 204 1022; x_wconf 89' lang='lat' dir='ltr'><strong>Dei</strong></span> <span class='ocrx_word' id='word_1_94' title='bbox 226 956 390 1038; x_wconf 80' lang='lat' dir='ltr'><strong>sapientia</strong></span> <span class='ocrx_word' id='word_1_95' title='bbox 410 957 446 1020; x_wconf 93' lang='lat' dir='ltr'><strong>in</strong></span> <span class='ocrx_word' id='word_1_96' title='bbox 467 976 561 1021; x_wconf 87' lang='lat' dir='ltr'><strong>suam</strong></span> <span class='ocrx_word' id='word_1_97' title='bbox 583 954 817 1020; x_wconf 79' lang='lat' dir='ltr'><strong>sublimitatem</strong></span> <span class='ocrx_word' id='word_1_98' title='bbox 840 955 968 1020; x_wconf 87' lang='lat' dir='ltr'><strong>attollit.</strong></span> <span class='ocrx_word' id='word_1_99' title='bbox 1115 978 1179 1038; x_wconf 89' lang='lat' dir='ltr'><strong>qua</strong></span> <span class='ocrx_word' id='word_1_100' title='bbox 1206 956 1266 1022; x_wconf 86' lang='lat' dir='ltr'><strong>aiii</strong></span> <span class='ocrx_word' id='word_1_101' title='bbox 1292 955 1504 1037; x_wconf 75' lang='lat' dir='ltr'><strong>fruebantur?</strong></span> <span class='ocrx_word' id='word_1_102' title='bbox 1549 955 1611 1037; x_wconf 78' lang='lat' dir='ltr'><strong>Qui</strong></span> <span class='ocrx_word' id='word_1_103' title='bbox 1635 957 1757 1036; x_wconf 79' lang='lat' dir='ltr'><strong>sactum</strong></span> <span class='ocrx_word' id='word_1_104' title='bbox 1783 963 1827 1021; x_wconf 89' lang='lat' dir='ltr'><strong>est</strong></span> <span class='ocrx_word' id='word_1_105' title='bbox 1861 962 1897 1022; x_wconf 84' lang='lat' dir='ltr'><strong>ut</strong></span> <span class='ocrx_word' id='word_1_106' title='bbox 1928 979 2093 1040; x_wconf 87' lang='lat' dir='ltr'><strong>nunquam</strong></span> 
     </span>
    </p>

    <p class='ocr_par' dir='ltr' id='par_1_3' title="bbox 73 1040 2099 4384">
     <span class='ocr_line' id='line_1_8' title="bbox 173 1040 2095 1126; baseline 0.002 -21"><span class='ocrx_word' id='word_1_107' title='bbox 173 1047 219 1106; x_wconf 88' lang='lat'><strong>15.</strong></span> <span class='ocrx_word' id='word_1_108' title='bbox 264 1043 312 1107; x_wconf 86' lang='lat' dir='ltr'><strong>At</strong></span> <span class='ocrx_word' id='word_1_109' title='bbox 336 1042 489 1124; x_wconf 88' lang='lat' dir='ltr'><strong>quoniam</strong></span> <span class='ocrx_word' id='word_1_110' title='bbox 517 1041 612 1106; x_wconf 91' lang='lat' dir='ltr'><strong>obiici</strong></span> <span class='ocrx_word' id='word_1_111' title='bbox 639 1041 736 1105; x_wconf 78' lang='lat' dir='ltr'><strong>solim</strong></span> <span class='ocrx_word' id='word_1_112' title='bbox 763 1042 859 1123; x_wconf 87' lang='lat' dir='ltr'><strong>pauci</strong></span> <span class='ocrx_word' id='word_1_113' title='bbox 881 1042 1063 1125; x_wconf 87' lang='lat' dir='ltr'><strong>scripturae</strong></span> <span class='ocrx_word' id='word_1_114' title='bbox 1109 1063 1197 1124; x_wconf 88' lang='lat' dir='ltr'><strong>pura</strong></span> <span class='ocrx_word' id='word_1_115' title='bbox 1218 1042 1376 1107; x_wconf 88' lang='lat' dir='ltr'><strong>doetrinae</strong></span> <span class='ocrx_word' id='word_1_116' title='bbox 1391 1041 1522 1122; x_wconf 85' lang='lat' dir='ltr'><strong>pictatis</strong></span> <span class='ocrx_word' id='word_1_117' title='bbox 1539 1040 1670 1124; x_wconf 86' lang='lat' dir='ltr'><strong>capnitic</strong></span> <span class='ocrx_word' id='word_1_118' title='bbox 1686 1043 1728 1107; x_wconf 91' lang='lat' dir='ltr'><strong>ad</strong></span> <span class='ocrx_word' id='word_1_119' title='bbox 1745 1044 1896 1123; x_wconf 86' lang='lat' dir='ltr'><strong>quosdam</strong></span> <span class='ocrx_word' id='word_1_120' title='bbox 1907 1045 2095 1126; x_wconf 72' lang='lat' dir='ltr'><strong>pertenui,</strong></span> 
     </span>
     <span class='ocr_line' id='line_1_9' title="bbox 83 1125 2096 1213; baseline 0.001 -21"><span class='ocrx_word' id='word_1_121' title='bbox 83 1129 144 1194; x_wconf 89' lang='lat' dir='ltr'><strong>loci</strong></span> <span class='ocrx_word' id='word_1_122' title='bbox 177 1126 295 1210; x_wconf 89' lang='lat' dir='ltr'><strong>quibus</strong></span> <span class='ocrx_word' id='word_1_123' title='bbox 327 1128 458 1192; x_wconf 85' lang='lat' dir='ltr'><strong>videtur</strong></span> <span class='ocrx_word' id='word_1_124' title='bbox 489 1148 611 1211; x_wconf 80' lang='lat' dir='ltr'><strong>negare</strong></span> <span class='ocrx_word' id='word_1_125' title='bbox 638 1125 731 1191; x_wconf 90' lang='lat' dir='ltr'><strong>Deus</strong></span> <span class='ocrx_word' id='word_1_126' title='bbox 764 1148 825 1191; x_wconf 88' lang='lat' dir='ltr'><strong>sua</strong></span> <span class='ocrx_word' id='word_1_127' title='bbox 856 1126 1063 1192; x_wconf 86' lang='lat' dir='ltr'><strong>ordinatione</strong></span> <span class='ocrx_word' id='word_1_128' title='bbox 1115 1128 1176 1193; x_wconf 84' lang='lat' dir='ltr'><strong>alii</strong></span> <span class='ocrx_word' id='word_1_129' title='bbox 1213 1129 1269 1193; x_wconf 81' lang='lat' dir='ltr'><strong>rie</strong></span> <span class='ocrx_word' id='word_1_130' title='bbox 1312 1126 1442 1192; x_wconf 87' lang='lat' dir='ltr'><strong>obscura</strong></span> <span class='ocrx_word' id='word_1_131' title='bbox 1473 1128 1629 1208; x_wconf 77' lang='lat' dir='ltr'><strong>quaedam</strong></span> <span class='ocrx_word' id='word_1_132' title='bbox 1662 1127 1841 1193; x_wconf 89' lang='lat' dir='ltr'><strong>rudimenta</strong></span> <span class='ocrx_word' id='word_1_133' title='bbox 1871 1130 2096 1213; x_wconf 70' lang='lat' dir='ltr'><strong>mutaverint?</strong></span> 
     </span>
     <span class='ocr_line' id='line_1_10' title="bbox 82 1212 2096 1297; baseline 0 -18"><span class='ocrx_word' id='word_1_134' title='bbox 82 1215 154 1279; x_wconf 89' lang='lat' dir='ltr'><strong>fieri</strong></span> <span class='ocrx_word' id='word_1_135' title='bbox 176 1223 215 1278; x_wconf 91' lang='lat' dir='ltr'><strong>ut</strong></span> <span class='ocrx_word' id='word_1_136' title='bbox 239 1215 344 1297; x_wconf 91' lang='lat' dir='ltr'><strong>iniqui</strong></span> <span class='ocrx_word' id='word_1_137' title='bbox 366 1220 519 1296; x_wconf 86' lang='lat' dir='ltr'><strong>pereant,</strong></span> <span class='ocrx_word' id='word_1_138' title='bbox 553 1213 619 1277; x_wconf 90' lang='lat' dir='ltr'><strong>nisi</strong></span> <span class='ocrx_word' id='word_1_139' title='bbox 640 1212 761 1295; x_wconf 90' lang='lat' dir='ltr'><strong>quoad,</strong></span> <span class='ocrx_word' id='word_1_140' title='bbox 790 1234 825 1277; x_wconf 89' lang='lat' dir='ltr'><strong>se</strong></span> <span class='ocrx_word' id='word_1_141' title='bbox 852 1213 1062 1292; x_wconf 87' lang='lat' dir='ltr'><strong>reclamante,</strong></span> <span class='ocrx_word' id='word_1_142' title='bbox 1116 1213 1201 1279; x_wconf 88' lang='lat' dir='ltr'><strong>Hine</strong></span> <span class='ocrx_word' id='word_1_143' title='bbox 1220 1214 1288 1278; x_wconf 90' lang='lat' dir='ltr'><strong>iam</strong></span> <span class='ocrx_word' id='word_1_144' title='bbox 1309 1213 1417 1278; x_wconf 90' lang='lat' dir='ltr'><strong>eiicere</strong></span> <span class='ocrx_word' id='word_1_145' title='bbox 1432 1217 1615 1294; x_wconf 88' lang='lat' dir='ltr'><strong>promptum</strong></span> <span class='ocrx_word' id='word_1_146' title='bbox 1636 1214 1696 1278; x_wconf 88' lang='lat' dir='ltr'><strong>crit</strong></span> <span class='ocrx_word' id='word_1_147' title='bbox 1716 1235 1863 1294; x_wconf 85' lang='lat' dir='ltr'><strong>quorsum</strong></span> <span class='ocrx_word' id='word_1_148' title='bbox 1884 1215 1990 1280; x_wconf 73' lang='lat' dir='ltr'><strong>maidat</strong></span> <span class='ocrx_word' id='word_1_149' title='bbox 2008 1214 2096 1280; x_wconf 90' lang='lat' dir='ltr'><strong>Pau·</strong></span> 
     </span>
     <span class='ocr_line' id='line_1_11' title="bbox 82 1297 2094 1384; baseline 0.001 -20"><span class='ocrx_word' id='word_1_150' title='bbox 82 1300 145 1384; x_wconf 90' lang='lat' dir='ltr'><strong>ipsi</strong></span> <span class='ocrx_word' id='word_1_151' title='bbox 168 1307 309 1364; x_wconf 87' lang='lat' dir='ltr'><strong>mortem</strong></span> <span class='ocrx_word' id='word_1_152' title='bbox 332 1308 449 1382; x_wconf 87' lang='lat' dir='ltr'><strong>sponte</strong></span> <span class='ocrx_word' id='word_1_153' title='bbox 470 1299 533 1364; x_wconf 89' lang='lat' dir='ltr'><strong>sibi</strong></span> <span class='ocrx_word' id='word_1_154' title='bbox 554 1305 741 1378; x_wconf 87' lang='lat' dir='ltr'><strong>accersunt,</strong></span> <span class='ocrx_word' id='word_1_155' title='bbox 765 1319 819 1363; x_wconf 90' lang='lat' dir='ltr'><strong>eos</strong></span> <span class='ocrx_word' id='word_1_156' title='bbox 840 1298 985 1363; x_wconf 83' lang='lat' dir='ltr'><strong>breviter</strong></span> <span class='ocrx_word' id='word_1_157' title='bbox 1004 1320 1063 1362; x_wconf 82' lang='lat' dir='ltr'><strong>ex·</strong></span> <span class='ocrx_word' id='word_1_158' title='bbox 1115 1300 1174 1365; x_wconf 85' lang='lat' dir='ltr'><strong>ius.</strong></span> <span class='ocrx_word' id='word_1_159' title='bbox 1207 1300 1426 1380; x_wconf 86' lang='lat' dir='ltr'><strong>Praeceperat</strong></span> <span class='ocrx_word' id='word_1_160' title='bbox 1443 1297 1614 1363; x_wconf 76' lang='lat' dir='ltr'><strong>&#39;timotheo</strong></span> <span class='ocrx_word' id='word_1_161' title='bbox 1632 1299 1782 1364; x_wconf 80' lang='lat' dir='ltr'><strong>solennes</strong></span> <span class='ocrx_word' id='word_1_162' title='bbox 1804 1300 1841 1363; x_wconf 90' lang='lat' dir='ltr'><strong>in</strong></span> <span class='ocrx_word' id='word_1_163' title='bbox 1862 1302 1998 1366; x_wconf 85' lang='lat' dir='ltr'><strong>eeclesia</strong></span> <span class='ocrx_word' id='word_1_164' title='bbox 2019 1322 2094 1384; x_wconf 88' lang='lat' dir='ltr'><strong>pre-</strong></span> 
     </span>
     <span class='ocr_line' id='line_1_12' title="bbox 80 1384 2095 1470; baseline 0.001 -20"><span class='ocrx_word' id='word_1_165' title='bbox 80 1385 234 1470; x_wconf 82' lang='lat' dir='ltr'><strong>plicando</strong></span> <span class='ocrx_word' id='word_1_166' title='bbox 273 1385 534 1469; x_wconf 78' lang='lat' dir='ltr'><strong>demonstremus</strong></span> <span class='ocrx_word' id='word_1_167' title='bbox 566 1384 652 1449; x_wconf 91' lang='lat' dir='ltr'><strong>nihil</strong></span> <span class='ocrx_word' id='word_1_168' title='bbox 685 1385 845 1467; x_wconf 86' lang='lat' dir='ltr'><strong>superiori</strong></span> <span class='ocrx_word' id='word_1_169' title='bbox 879 1385 1062 1449; x_wconf 89' lang='lat' dir='ltr'><strong>sententiae</strong></span> <span class='ocrx_word' id='word_1_170' title='bbox 1113 1387 1256 1452; x_wconf 86' lang='lat' dir='ltr'><strong>cationes</strong></span> <span class='ocrx_word' id='word_1_171' title='bbox 1277 1406 1336 1469; x_wconf 89' lang='lat' dir='ltr'><strong>pro</strong></span> <span class='ocrx_word' id='word_1_172' title='bbox 1358 1384 1492 1468; x_wconf 82' lang='lat' dir='ltr'><strong>regibus</strong></span> <span class='ocrx_word' id='word_1_173' title='bbox 1515 1394 1549 1448; x_wconf 86' lang='lat' dir='ltr'><strong>et</strong></span> <span class='ocrx_word' id='word_1_174' title='bbox 1571 1385 1771 1468; x_wconf 89' lang='lat' dir='ltr'><strong>principibus</strong></span> <span class='ocrx_word' id='word_1_175' title='bbox 1780 1386 1968 1470; x_wconf 80' lang='lat' dir='ltr'><strong>concipere3</strong></span> <span class='ocrx_word' id='word_1_176' title='bbox 1990 1407 2095 1468; x_wconf 91' lang='lat' dir='ltr'><strong>quum</strong></span> 
     </span>
     <span class='ocr_line' id='line_1_13' title="bbox 81 1469 2094 1556; baseline 0 -19"><span class='ocrx_word' id='word_1_177' title='bbox 81 1472 258 1537; x_wconf 82' lang='lat' dir='ltr'><strong>adversari.</strong></span> <span class='ocrx_word' id='word_1_178' title='bbox 292 1470 490 1556; x_wconf 46' lang='lat' dir='ltr'><strong>Profertur&amp;</strong></span> <span class='ocrx_word' id='word_1_179' title='bbox 509 1471 683 1537; x_wconf 81' lang='lat' dir='ltr'><strong>Erecbi&#39;dis</strong></span> <span class='ocrx_word' id='word_1_180' title='bbox 700 1471 785 1535; x_wconf 70' lang='lat' dir='ltr'><strong>maia</strong></span> <span class='ocrx_word' id='word_1_181' title='bbox 805 1471 872 1554; x_wconf 85' lang='grc'><strong>(34,</strong></span> <span class='ocrx_word' id='word_1_182' title='bbox 895 1469 959 1555; x_wconf 85' lang='lat'>11),</span> <span class='ocrx_word' id='word_1_183' title='bbox 982 1470 1063 1549; x_wconf 87' lang='lat' dir='ltr'><strong>quod</strong></span> <span class='ocrx_word' id='word_1_184' title='bbox 1115 1481 1226 1537; x_wconf 84' lang='lat' dir='ltr'><strong>nutem</strong></span> <span class='ocrx_word' id='word_1_185' title='bbox 1259 1470 1438 1535; x_wconf 87' lang='lat' dir='ltr'><strong>absurdum</strong></span> <span class='ocrx_word' id='word_1_186' title='bbox 1470 1470 1623 1535; x_wconf 88' lang='lat' dir='ltr'><strong>nonnihil</strong></span> <span class='ocrx_word' id='word_1_187' title='bbox 1655 1471 1823 1536; x_wconf 81' lang='lat' dir='ltr'><strong>videretur</strong></span> <span class='ocrx_word' id='word_1_188' title='bbox 1854 1474 2017 1538; x_wconf 89' lang='lat' dir='ltr'><strong>orationes</strong></span> <span class='ocrx_word' id='word_1_189' title='bbox 2050 1472 2094 1538; x_wconf 83' lang='lat' dir='ltr'><strong>ad</strong></span> 
     </span>
     <span class='ocr_line' id='line_1_14' title="bbox 80 1556 2093 1640; baseline 0 -17"><span class='ocrx_word' id='word_1_190' title='bbox 80 1557 170 1624; x_wconf 85' lang='lat' dir='ltr'><strong>Deua</strong></span> <span class='ocrx_word' id='word_1_191' title='bbox 185 1558 265 1623; x_wconf 86' lang='lat' dir='ltr'><strong>nolit</strong></span> <span class='ocrx_word' id='word_1_192' title='bbox 280 1563 409 1622; x_wconf 78' lang='lat' dir='ltr'><strong>moion</strong></span> <span class='ocrx_word' id='word_1_193' title='bbox 424 1558 600 1639; x_wconf 84' lang='lat' dir='ltr'><strong>peccatoris,</strong></span> <span class='ocrx_word' id='word_1_194' title='bbox 623 1556 679 1621; x_wconf 89' lang='lat' dir='ltr'><strong>sed</strong></span> <span class='ocrx_word' id='word_1_195' title='bbox 698 1558 802 1639; x_wconf 85' lang='lat' dir='ltr'><strong>mapis</strong></span> <span class='ocrx_word' id='word_1_196' title='bbox 819 1562 855 1621; x_wconf 86' lang='lat' dir='ltr'><strong>ut</strong></span> <span class='ocrx_word' id='word_1_197' title='bbox 870 1561 1063 1620; x_wconf 82' lang='lat' dir='ltr'><strong>concedatur</strong></span> <span class='ocrx_word' id='word_1_198' title='bbox 1114 1557 1225 1622; x_wconf 91' lang='lat' dir='ltr'><strong>Deum</strong></span> <span class='ocrx_word' id='word_1_199' title='bbox 1250 1556 1345 1621; x_wconf 86' lang='lat' dir='ltr'><strong>fundi</strong></span> <span class='ocrx_word' id='word_1_200' title='bbox 1371 1577 1431 1637; x_wconf 92' lang='lat' dir='ltr'><strong>pro</strong></span> <span class='ocrx_word' id='word_1_201' title='bbox 1458 1576 1577 1640; x_wconf 84' lang='lat' dir='ltr'><strong>genere</strong></span> <span class='ocrx_word' id='word_1_202' title='bbox 1605 1556 1775 1621; x_wconf 90' lang='lat' dir='ltr'><strong>hominum</strong></span> <span class='ocrx_word' id='word_1_203' title='bbox 1802 1578 1903 1640; x_wconf 86' lang='lat' dir='ltr'><strong>prope</strong></span> <span class='ocrx_word' id='word_1_204' title='bbox 1926 1557 2093 1639; x_wconf 89' lang='lat' dir='ltr'><strong>deplorato</strong></span> 
     </span>
     <span class='ocr_line' id='line_1_15' title="bbox 80 1640 2094 1728; baseline 0 -19"><span class='ocrx_word' id='word_1_205' title='bbox 80 1645 223 1709; x_wconf 86' lang='lat' dir='ltr'><strong>etcicat.</strong></span> <span class='ocrx_word' id='word_1_206' title='bbox 271 1641 310 1708; x_wconf 83' lang='lat' dir='ltr'><strong>Si</strong></span> <span class='ocrx_word' id='word_1_207' title='bbox 330 1643 385 1708; x_wconf 82' lang='lat' dir='ltr'><strong>boe</strong></span> <span class='ocrx_word' id='word_1_208' title='bbox 406 1644 449 1709; x_wconf 88' lang='lat' dir='ltr'><strong>ad</strong></span> <span class='ocrx_word' id='word_1_209' title='bbox 471 1648 567 1708; x_wconf 83' lang='lat' dir='ltr'><strong>totum</strong></span> <span class='ocrx_word' id='word_1_210' title='bbox 588 1642 761 1706; x_wconf 78' lang='lat' dir='ltr'><strong>humanum</strong></span> <span class='ocrx_word' id='word_1_211' title='bbox 780 1662 879 1724; x_wconf 81' lang='lat' dir='ltr'><strong>penus</strong></span> <span class='ocrx_word' id='word_1_212' title='bbox 900 1642 1061 1707; x_wconf 70' lang='lat' dir='ltr'><strong>emendm</strong></span> <span class='ocrx_word' id='word_1_213' title='bbox 1113 1643 1205 1728; x_wconf 85' lang='lat' dir='ltr'><strong>(quin</strong></span> <span class='ocrx_word' id='word_1_214' title='bbox 1230 1663 1296 1707; x_wconf 92' lang='lat' dir='ltr'><strong>non</strong></span> <span class='ocrx_word' id='word_1_215' title='bbox 1324 1648 1456 1706; x_wconf 90' lang='lat' dir='ltr'><strong>tantum</strong></span> <span class='ocrx_word' id='word_1_216' title='bbox 1485 1663 1504 1706; x_wconf 88' lang='lat' dir='ltr'><strong>a</strong></span> <span class='ocrx_word' id='word_1_217' title='bbox 1533 1640 1660 1706; x_wconf 82' lang='lat' dir='ltr'><strong>Christi</strong></span> <span class='ocrx_word' id='word_1_218' title='bbox 1687 1663 1820 1725; x_wconf 90' lang='lat' dir='ltr'><strong>corpore</strong></span> <span class='ocrx_word' id='word_1_219' title='bbox 1849 1642 1946 1708; x_wconf 88' lang='lat' dir='ltr'><strong>alieni</strong></span> <span class='ocrx_word' id='word_1_220' title='bbox 1980 1664 2094 1710; x_wconf 90' lang='lat' dir='ltr'><strong>omnes</strong></span> 
     </span>
     <span class='ocr_line' id='line_1_16' title="bbox 73 1727 2092 1811; baseline 0 -18"><span class='ocrx_word' id='word_1_221' title='bbox 73 1729 192 1811; x_wconf 68' lang='lat' dir='ltr'><strong>puiset,</strong></span> <span class='ocrx_word' id='word_1_222' title='bbox 219 1749 277 1794; x_wconf 70' lang='grc' dir='ltr'><strong>ραν</strong></span> <span class='ocrx_word' id='word_1_223' title='bbox 299 1730 459 1808; x_wconf 87' lang='lat' dir='ltr'><strong>plurimos</strong></span> <span class='ocrx_word' id='word_1_224' title='bbox 487 1728 530 1793; x_wconf 88' lang='lat' dir='ltr'><strong>ad</strong></span> <span class='ocrx_word' id='word_1_225' title='bbox 555 1728 805 1808; x_wconf 76' lang='lat' dir='ltr'><strong>resipiscentiam</strong></span> <span class='ocrx_word' id='word_1_226' title='bbox 825 1748 886 1792; x_wconf 88' lang='lat' dir='ltr'><strong>non</strong></span> <span class='ocrx_word' id='word_1_227' title='bbox 907 1727 1060 1807; x_wconf 84' lang='lat' dir='ltr'><strong>sollicitat,</strong></span> <span class='ocrx_word' id='word_1_228' title='bbox 1112 1737 1215 1808; x_wconf 87' lang='lat' dir='ltr'><strong>erant,</strong></span> <span class='ocrx_word' id='word_1_229' title='bbox 1238 1728 1296 1794; x_wconf 90' lang='lat' dir='ltr'><strong>sed</strong></span> <span class='ocrx_word' id='word_1_230' title='bbox 1319 1727 1361 1793; x_wconf 90' lang='lat' dir='ltr'><strong>ad</strong></span> <span class='ocrx_word' id='word_1_231' title='bbox 1383 1748 1525 1811; x_wconf 81' lang='lat' dir='ltr'><strong>regnum</strong></span> <span class='ocrx_word' id='word_1_232' title='bbox 1546 1727 1616 1794; x_wconf 89' lang='lat' dir='ltr'><strong>sius</strong></span> <span class='ocrx_word' id='word_1_233' title='bbox 1639 1728 1889 1810; x_wconf 89' lang='lat' dir='ltr'><strong>opprimendum</strong></span> <span class='ocrx_word' id='word_1_234' title='bbox 1911 1729 1989 1793; x_wconf 87' lang='lat' dir='ltr'><strong>totis</strong></span> <span class='ocrx_word' id='word_1_235' title='bbox 2010 1729 2092 1794; x_wconf 84' lang='lat' dir='ltr'><strong>viri·</strong></span> 
     </span>
     <span class='ocr_line' id='line_1_17' title="bbox 80 1813 2092 1897; baseline -0 -16"><span class='ocrx_word' id='word_1_236' title='bbox 80 1835 213 1896; x_wconf 76' lang='lat' dir='ltr'><strong>quorsum</strong></span> <span class='ocrx_word' id='word_1_237' title='bbox 240 1816 342 1879; x_wconf 89' lang='lat' dir='ltr'><strong>animi</strong></span> <span class='ocrx_word' id='word_1_238' title='bbox 369 1815 413 1879; x_wconf 88' lang='lat' dir='ltr'><strong>ad</strong></span> <span class='ocrx_word' id='word_1_239' title='bbox 442 1815 657 1879; x_wconf 79' lang='lat' dir='ltr'><strong>obedientiam·</strong></span> <span class='ocrx_word' id='word_1_240' title='bbox 672 1814 775 1896; x_wconf 81' lang='lat' dir='ltr'><strong>mapis</strong></span> <span class='ocrx_word' id='word_1_241' title='bbox 806 1818 879 1878; x_wconf 86' lang='lat' dir='ltr'><strong>sunt</strong></span> <span class='ocrx_word' id='word_1_242' title='bbox 907 1814 1061 1892; x_wconf 74' lang='lat' dir='ltr'><strong>decibiles</strong></span> <span class='ocrx_word' id='word_1_243' title='bbox 1112 1814 1173 1879; x_wconf 90' lang='lat' dir='ltr'><strong>bus</strong></span> <span class='ocrx_word' id='word_1_244' title='bbox 1195 1813 1418 1897; x_wconf 85' lang='lat' dir='ltr'><strong>enitebantur)</strong></span> <span class='ocrx_word' id='word_1_245' title='bbox 1440 1813 1580 1890; x_wconf 72' lang='lat' dir='ltr'><strong>subiicit</strong></span> <span class='ocrx_word' id='word_1_246' title='bbox 1603 1822 1773 1896; x_wconf 86' lang='lat' dir='ltr'><strong>acceptum</strong></span> <span class='ocrx_word' id='word_1_247' title='bbox 1790 1814 1825 1878; x_wconf 91' lang='lat' dir='ltr'><strong>id</strong></span> <span class='ocrx_word' id='word_1_248' title='bbox 1843 1835 1913 1880; x_wconf 88' lang='lat' dir='ltr'><strong>osse</strong></span> <span class='ocrx_word' id='word_1_249' title='bbox 1930 1814 2012 1893; x_wconf 84' lang='lat' dir='ltr'><strong>Deo,</strong></span> <span class='ocrx_word' id='word_1_250' title='bbox 2036 1816 2092 1897; x_wconf 91' lang='lat' dir='ltr'><strong>qui</strong></span> 
     </span>
     <span class='ocr_line' id='line_1_18' title="bbox 80 1898 2093 2033; baseline 0 -68"><span class='ocrx_word' id='word_1_251' title='bbox 80 1922 176 1982; x_wconf 90' lang='lat' dir='ltr'><strong>quam</strong></span> <span class='ocrx_word' id='word_1_252' title='bbox 192 1921 299 1999; x_wconf 81' lang='lat' dir='ltr'><strong>eorum</strong></span> <span class='ocrx_word' id='word_1_253' title='bbox 321 1901 377 1982; x_wconf 86' lang='lat' dir='ltr'><strong>qui</strong></span> <span class='ocrx_word' id='word_1_254' title='bbox 401 1901 444 1965; x_wconf 91' lang='lat' dir='ltr'><strong>ad</strong></span> <span class='ocrx_word' id='word_1_255' title='bbox 465 1900 668 2033; x_wconf 46' lang='lat' dir='ltr'><strong>quotigiiauas</strong></span> <span class='ocrx_word' id='word_1_256' title='bbox 688 1900 757 1964; x_wconf 90' lang='lat' dir='ltr'><strong>eius</strong></span> <span class='ocrx_word' id='word_1_257' title='bbox 770 1899 974 1997; x_wconf 64' lang='lat' dir='ltr'><strong>⁴incitationes</strong></span> <span class='ocrx_word' id='word_1_258' title='bbox 995 1920 1061 1964; x_wconf 78' lang='lat' dir='ltr'><strong>ma-</strong></span> <span class='ocrx_word' id='word_1_259' title='bbox 1112 1901 1192 1966; x_wconf 84' lang='lat' dir='ltr'><strong>velit</strong></span> <span class='ocrx_word' id='word_1_260' title='bbox 1213 1921 1326 1965; x_wconf 89' lang='lat' dir='ltr'><strong>omnes</strong></span> <span class='ocrx_word' id='word_1_261' title='bbox 1349 1899 1499 1999; x_wconf 84' lang='lat' dir='ltr'><strong>homines</strong></span> <span class='ocrx_word' id='word_1_262' title='bbox 1528 1901 1635 1965; x_wconf 83' lang='lat' dir='ltr'><strong>salvos</strong></span> <span class='ocrx_word' id='word_1_263' title='bbox 1655 1900 1745 1999; x_wconf 35' lang='lat' dir='ltr'><strong>&#39;fieri</strong></span> <span class='ocrx_word' id='word_1_264' title='bbox 1768 1985 1774 1997; x_wconf 28' lang='grc' dir='ltr'><strong><em>ι</em></strong></span> <span class='ocrx_word' id='word_1_265' title='bbox 1791 1898 1867 1980; x_wconf 81' lang='lat' dir='ltr'><strong>Quo</strong></span> <span class='ocrx_word' id='word_1_266' title='bbox 1895 1900 1978 1965; x_wconf 92' lang='lat' dir='ltr'><strong>nihil</strong></span> <span class='ocrx_word' id='word_1_267' title='bbox 2002 1898 2093 1965; x_wconf 88' lang='lat' dir='ltr'><strong>aliud</strong></span> 
     </span>
     <span class='ocr_line' id='line_1_19' title="bbox 77 1984 2093 2155; baseline 0 -19"><span class='ocrx_word' id='word_1_268' title='bbox 77 2005 190 2151; x_wconf 66' lang='lat' dir='ltr'><strong>td</strong></span> <span class='ocrx_word' id='word_1_269' title='bbox 207 1986 584 2155; x_wconf 49' lang='lat' dir='ltr'><strong>diffidi-{iiiiii</strong></span> <span class='ocrx_word' id='word_1_270' title='bbox 607 1984 1061 2155; x_wconf 60' lang='lat' dir='ltr'><strong>tttdttttttddt</strong></span> <span class='ocrx_word' id='word_1_271' title='bbox 1111 1986 1567 2154; x_wconf 59' lang='lat' dir='ltr'><strong>tttttittfidtttt</strong></span> <span class='ocrx_word' id='word_1_272' title='bbox 1582 1985 1675 2154; x_wconf 66' lang='lat' dir='ltr'><strong>lit</strong></span> <span class='ocrx_word' id='word_1_273' title='bbox 1687 1985 2093 2153; x_wconf 58' lang='lat' dir='ltr'><strong>tithsszttttt</strong></span> 
     </span>
     <span class='ocr_line' id='line_1_20' title="bbox 80 2157 2091 2240; baseline -0 -16"><span class='ocrx_word' id='word_1_274' title='bbox 80 2160 160 2224; x_wconf 76' lang='lat' dir='ltr'><strong>nuo</strong></span> <span class='ocrx_word' id='word_1_275' title='bbox 187 2164 216 2224; x_wconf 86' lang='lat' dir='ltr'><strong>et</strong></span> <span class='ocrx_word' id='word_1_276' title='bbox 241 2159 400 2224; x_wconf 78' lang='lat' dir='ltr'><strong>miranda</strong></span> <span class='ocrx_word' id='word_1_277' title='bbox 428 2158 506 2240; x_wconf 83' lang='lat' dir='ltr'><strong>pius</strong></span> <span class='ocrx_word' id='word_1_278' title='bbox 535 2159 658 2239; x_wconf 81' lang='lat' dir='ltr'><strong>fructus</strong></span> <span class='ocrx_word' id='word_1_279' title='bbox 692 2157 865 2222; x_wconf 83' lang='lat' dir='ltr'><strong>nduiissent</strong></span> <span class='ocrx_word' id='word_1_280' title='bbox 901 2177 997 2238; x_wconf 86' lang='lat' dir='ltr'><strong>quam</strong></span> <span class='ocrx_word' id='word_1_281' title='bbox 1024 2157 1061 2221; x_wconf 89' lang='lat' dir='ltr'><strong>in</strong></span> <span class='ocrx_word' id='word_1_282' title='bbox 1112 2179 1207 2223; x_wconf 86' lang='lat' dir='ltr'><strong>suam</strong></span> <span class='ocrx_word' id='word_1_283' title='bbox 1233 2158 1280 2223; x_wconf 92' lang='lat' dir='ltr'><strong>sic</strong></span> <span class='ocrx_word' id='word_1_284' title='bbox 1307 2157 1461 2223; x_wconf 86' lang='lat' dir='ltr'><strong>effudisse</strong></span> <span class='ocrx_word' id='word_1_285' title='bbox 1487 2166 1523 2222; x_wconf 88' lang='lat' dir='ltr'><strong>ut</strong></span> <span class='ocrx_word' id='word_1_286' title='bbox 1551 2157 1681 2221; x_wconf 91' lang='lat' dir='ltr'><strong>nullum</strong></span> <span class='ocrx_word' id='word_1_287' title='bbox 1714 2157 1784 2221; x_wconf 88' lang='lat' dir='ltr'><strong>eius</strong></span> <span class='ocrx_word' id='word_1_288' title='bbox 1816 2165 1986 2239; x_wconf 83' lang='lat' dir='ltr'><strong>expertem</strong></span> <span class='ocrx_word' id='word_1_289' title='bbox 2019 2178 2091 2223; x_wconf 90' lang='lat' dir='ltr'><strong>csse</strong></span> 
     </span>
     <span class='ocr_line' id='line_1_21' title="bbox 81 2241 2091 2327; baseline -0.001 -18"><span class='ocrx_word' id='word_1_290' title='bbox 81 2244 216 2310; x_wconf 90' lang='lat' dir='ltr'><strong>Iudaea.</strong></span> <span class='ocrx_word' id='word_1_291' title='bbox 253 2245 315 2326; x_wconf 76' lang='lat' dir='ltr'><strong>Qui</strong></span> <span class='ocrx_word' id='word_1_292' title='bbox 334 2244 372 2325; x_wconf 70' lang='lat' dir='ltr'><strong>pit</strong></span> <span class='ocrx_word' id='word_1_293' title='bbox 391 2263 471 2327; x_wconf 80' lang='lat' dir='ltr'><strong>erpo,</strong></span> <span class='ocrx_word' id='word_1_294' title='bbox 493 2244 524 2308; x_wconf 87' lang='lat' dir='ltr'><strong>si</strong></span> <span class='ocrx_word' id='word_1_295' title='bbox 540 2245 608 2308; x_wconf 86' lang='lat' dir='ltr'><strong>cult</strong></span> <span class='ocrx_word' id='word_1_296' title='bbox 623 2242 714 2307; x_wconf 89' lang='lat' dir='ltr'><strong>Deus</strong></span> <span class='ocrx_word' id='word_1_297' title='bbox 730 2263 834 2308; x_wconf 72' lang='lat' dir='ltr'><strong>unum</strong></span> <span class='ocrx_word' id='word_1_298' title='bbox 855 2242 958 2307; x_wconf 85' lang='lat' dir='ltr'><strong>salios</strong></span> <span class='ocrx_word' id='word_1_299' title='bbox 978 2241 1058 2322; x_wconf 74' lang='lat' dir='ltr'><strong>fieri,</strong></span> <span class='ocrx_word' id='word_1_300' title='bbox 1111 2245 1200 2310; x_wconf 79' lang='lat' dir='ltr'><strong>velit.</strong></span> <span class='ocrx_word' id='word_1_301' title='bbox 1245 2243 1340 2310; x_wconf 87' lang='lat' dir='ltr'><strong>Aliae</strong></span> <span class='ocrx_word' id='word_1_302' title='bbox 1369 2244 1551 2308; x_wconf 88' lang='lat' dir='ltr'><strong>sententiae</strong></span> <span class='ocrx_word' id='word_1_303' title='bbox 1578 2263 1646 2307; x_wconf 91' lang='lat' dir='ltr'><strong>non</strong></span> <span class='ocrx_word' id='word_1_304' title='bbox 1668 2242 1836 2308; x_wconf 85' lang='lat' dir='ltr'><strong>declarant</strong></span> <span class='ocrx_word' id='word_1_305' title='bbox 1858 2243 1935 2325; x_wconf 91' lang='lat' dir='ltr'><strong>quid</strong></span> <span class='ocrx_word' id='word_1_306' title='bbox 1958 2241 1998 2307; x_wconf 93' lang='lat' dir='ltr'><strong>dc</strong></span> <span class='ocrx_word' id='word_1_307' title='bbox 2020 2265 2091 2308; x_wconf 92' lang='lat' dir='ltr'><strong>om·</strong></span> 
     </span>
     <span class='ocr_line' id='line_1_22' title="bbox 80 2328 2090 2413; baseline -0 -18"><span class='ocrx_word' id='word_1_308' title='bbox 80 2335 116 2395; x_wconf 85' lang='lat' dir='ltr'><strong>nt</strong></span> <span class='ocrx_word' id='word_1_309' title='bbox 142 2331 285 2409; x_wconf 71' lang='lat' dir='ltr'><strong>mismii,</strong></span> <span class='ocrx_word' id='word_1_310' title='bbox 306 2331 374 2411; x_wconf 74' lang='lat' dir='ltr'><strong>,qui</strong></span> <span class='ocrx_word' id='word_1_311' title='bbox 402 2332 445 2396; x_wconf 89' lang='lat' dir='ltr'><strong>ad</strong></span> <span class='ocrx_word' id='word_1_312' title='bbox 471 2330 611 2413; x_wconf 84' lang='lat' dir='ltr'><strong>pretinm</strong></span> <span class='ocrx_word' id='word_1_313' title='bbox 639 2329 853 2410; x_wconf 86' lang='lat' dir='ltr'><strong>recipiendam</strong></span> <span class='ocrx_word' id='word_1_314' title='bbox 878 2329 1060 2409; x_wconf 79' lang='lat' dir='ltr'><strong>paratiores</strong></span> <span class='ocrx_word' id='word_1_315' title='bbox 1112 2331 1208 2395; x_wconf 89' lang='lat' dir='ltr'><strong>nibus</strong></span> <span class='ocrx_word' id='word_1_316' title='bbox 1240 2329 1366 2395; x_wconf 85' lang='lat' dir='ltr'><strong>occulto</strong></span> <span class='ocrx_word' id='word_1_317' title='bbox 1398 2350 1457 2392; x_wconf 90' lang='lat' dir='ltr'><strong>suo</strong></span> <span class='ocrx_word' id='word_1_318' title='bbox 1490 2329 1608 2396; x_wconf 86' lang='lat' dir='ltr'><strong>iudicio</strong></span> <span class='ocrx_word' id='word_1_319' title='bbox 1635 2328 1800 2394; x_wconf 89' lang='lat' dir='ltr'><strong>Dominus</strong></span> <span class='ocrx_word' id='word_1_320' title='bbox 1833 2330 1998 2408; x_wconf 85' lang='lat' dir='ltr'><strong>statuerit,</strong></span> <span class='ocrx_word' id='word_1_321' title='bbox 2032 2328 2090 2394; x_wconf 85' lang='lat' dir='ltr'><strong>sed</strong></span> 
     </span>
     <span class='ocr_line' id='line_1_23' title="bbox 81 2413 2088 2499; baseline -0.002 -17"><span class='ocrx_word' id='word_1_322' title='bbox 81 2420 189 2493; x_wconf 84' lang='lat' dir='ltr'><strong>essent,</strong></span> <span class='ocrx_word' id='word_1_323' title='bbox 211 2415 347 2481; x_wconf 73' lang='lat' dir='ltr'><strong>menam</strong></span> <span class='ocrx_word' id='word_1_324' title='bbox 360 2417 571 2496; x_wconf 86' lang='lat' dir='ltr'><strong>poenitentiae</strong></span> <span class='ocrx_word' id='word_1_325' title='bbox 592 2435 654 2480; x_wconf 87' lang='lat' dir='ltr'><strong>neu</strong></span> <span class='ocrx_word' id='word_1_326' title='bbox 674 2414 823 2496; x_wconf 78' lang='lat' dir='ltr'><strong>aperiat?</strong></span> <span class='ocrx_word' id='word_1_327' title='bbox 869 2413 955 2479; x_wconf 87' lang='lat' dir='ltr'><strong>Hine</strong></span> <span class='ocrx_word' id='word_1_328' title='bbox 976 2415 1059 2480; x_wconf 76' lang='lat' dir='ltr'><strong>cide</strong></span> <span class='ocrx_word' id='word_1_329' title='bbox 1110 2424 1261 2499; x_wconf 87' lang='lat' dir='ltr'><strong>paratam</strong></span> <span class='ocrx_word' id='word_1_330' title='bbox 1287 2414 1485 2479; x_wconf 89' lang='lat' dir='ltr'><strong>denuntiant</strong></span> <span class='ocrx_word' id='word_1_331' title='bbox 1511 2415 1663 2480; x_wconf 90' lang='lat' dir='ltr'><strong>omnibus</strong></span> <span class='ocrx_word' id='word_1_332' title='bbox 1695 2415 1921 2497; x_wconf 87' lang='lat' dir='ltr'><strong>peccatoribus</strong></span> <span class='ocrx_word' id='word_1_333' title='bbox 1948 2414 2088 2492; x_wconf 87' lang='lat' dir='ltr'><strong>veniam,</strong></span> 
     </span>
     <span class='ocr_line' id='line_1_24' title="bbox 80 2499 2090 2585; baseline -0.001 -18"><span class='ocrx_word' id='word_1_334' title='bbox 80 2522 154 2567; x_wconf 88' lang='lat' dir='ltr'><strong>mus</strong></span> <span class='ocrx_word' id='word_1_335' title='bbox 174 2502 319 2567; x_wconf 69' lang='lat' dir='ltr'><strong>uniente</strong></span> <span class='ocrx_word' id='word_1_336' title='bbox 341 2503 479 2584; x_wconf 75' lang='lat' dir='ltr'><strong>torqueri</strong></span> <span class='ocrx_word' id='word_1_337' title='bbox 499 2502 613 2581; x_wconf 74' lang='lat' dir='ltr'><strong>mama,</strong></span> <span class='ocrx_word' id='word_1_338' title='bbox 640 2500 757 2565; x_wconf 81' lang='lat' dir='ltr'><strong>silici</strong></span> <span class='ocrx_word' id='word_1_339' title='bbox 784 2501 939 2578; x_wconf 75' lang='lat' dir='ltr'><strong>columns,</strong></span> <span class='ocrx_word' id='word_1_340' title='bbox 967 2501 1060 2565; x_wconf 85' lang='lat' dir='ltr'><strong>euius</strong></span> <span class='ocrx_word' id='word_1_341' title='bbox 1110 2503 1165 2585; x_wconf 92' lang='lat' dir='ltr'><strong>qui</strong></span> <span class='ocrx_word' id='word_1_342' title='bbox 1187 2500 1283 2567; x_wconf 91' lang='lat' dir='ltr'><strong>modo</strong></span> <span class='ocrx_word' id='word_1_343' title='bbox 1306 2522 1341 2566; x_wconf 89' lang='lat' dir='ltr'><strong>se</strong></span> <span class='ocrx_word' id='word_1_344' title='bbox 1363 2499 1405 2564; x_wconf 89' lang='lat' dir='ltr'><strong>ad</strong></span> <span class='ocrx_word' id='word_1_345' title='bbox 1427 2515 1498 2565; x_wconf 87' lang='lat' dir='ltr'><strong>eam</strong></span> <span class='ocrx_word' id='word_1_346' title='bbox 1517 2500 1748 2583; x_wconf 79' lang='lat' dir='ltr'><strong>requirendam</strong></span> <span class='ocrx_word' id='word_1_347' title='bbox 1764 2508 1967 2567; x_wconf 84' lang='lat' dir='ltr'><strong>convertunt.</strong></span> <span class='ocrx_word' id='word_1_348' title='bbox 2002 2501 2090 2565; x_wconf 86' lang='lat' dir='ltr'><strong>Nam</strong></span> 
     </span>
     <span class='ocr_line' id='line_1_25' title="bbox 80 2584 2090 2670; baseline -0.001 -18"><span class='ocrx_word' id='word_1_349' title='bbox 80 2588 222 2653; x_wconf 77' lang='lat' dir='ltr'><strong>meminit</strong></span> <span class='ocrx_word' id='word_1_350' title='bbox 236 2587 397 2670; x_wconf 80' lang='lat' dir='ltr'><strong>propbeta,</strong></span> <span class='ocrx_word' id='word_1_351' title='bbox 418 2589 586 2669; x_wconf 74' lang='lat' dir='ltr'><strong>oppmimr</strong></span> <span class='ocrx_word' id='word_1_352' title='bbox 607 2592 729 2652; x_wconf 90' lang='lat' dir='ltr'><strong>aeterno</strong></span> <span class='ocrx_word' id='word_1_353' title='bbox 750 2587 819 2651; x_wconf 87' lang='lat' dir='ltr'><strong>eius</strong></span> <span class='ocrx_word' id='word_1_354' title='bbox 839 2585 976 2665; x_wconf 80' lang='lat' dir='ltr'><strong>mnsdio,</strong></span> <span class='ocrx_word' id='word_1_355' title='bbox 998 2605 1059 2666; x_wconf 87' lang='lat' dir='ltr'><strong>quc</strong></span> <span class='ocrx_word' id='word_1_356' title='bbox 1111 2589 1139 2654; x_wconf 91' lang='lat' dir='ltr'><strong>si</strong></span> <span class='ocrx_word' id='word_1_357' title='bbox 1160 2587 1307 2653; x_wconf 79' lang='lat' dir='ltr'><strong>tenacius</strong></span> <span class='ocrx_word' id='word_1_358' title='bbox 1329 2595 1469 2670; x_wconf 85' lang='lat' dir='ltr'><strong>urguent</strong></span> <span class='ocrx_word' id='word_1_359' title='bbox 1490 2586 1576 2670; x_wconf 86' lang='lat' dir='ltr'><strong>quod</strong></span> <span class='ocrx_word' id='word_1_360' title='bbox 1601 2584 1720 2651; x_wconf 80' lang='lat' dir='ltr'><strong>dicitirr</strong></span> <span class='ocrx_word' id='word_1_361' title='bbox 1742 2586 1825 2652; x_wconf 88' lang='lat' dir='ltr'><strong>velle</strong></span> <span class='ocrx_word' id='word_1_362' title='bbox 1847 2587 1998 2652; x_wconf 88' lang='lat' dir='ltr'><strong>misereri</strong></span> <span class='ocrx_word' id='word_1_363' title='bbox 2019 2607 2090 2651; x_wconf 93' lang='lat' dir='ltr'><strong>cm·</strong></span> 
     </span>
     <span class='ocr_line' id='line_1_26' title="bbox 80 2672 2088 2755; baseline -0.001 -16"><span class='ocrx_word' id='word_1_364' title='bbox 80 2674 186 2739; x_wconf 70' lang='lat' dir='ltr'><strong>eamn</strong></span> <span class='ocrx_word' id='word_1_365' title='bbox 206 2674 354 2739; x_wconf 74' lang='lat' dir='ltr'><strong>cimmerii</strong></span> <span class='ocrx_word' id='word_1_366' title='bbox 374 2696 395 2739; x_wconf 90' lang='lat' dir='ltr'><strong>a</strong></span> <span class='ocrx_word' id='word_1_367' title='bbox 416 2674 564 2754; x_wconf 83' lang='lat' dir='ltr'><strong>reprobis</strong></span> <span class='ocrx_word' id='word_1_368' title='bbox 602 2672 697 2737; x_wconf 88' lang='lat' dir='ltr'><strong>Nune</strong></span> <span class='ocrx_word' id='word_1_369' title='bbox 717 2673 747 2736; x_wconf 91' lang='lat' dir='ltr'><strong>si</strong></span> <span class='ocrx_word' id='word_1_370' title='bbox 769 2673 932 2754; x_wconf 87' lang='lat' dir='ltr'><strong>quaeritur</strong></span> <span class='ocrx_word' id='word_1_371' title='bbox 951 2672 1059 2755; x_wconf 75' lang='lat' dir='ltr'><strong>penid-</strong></span> <span class='ocrx_word' id='word_1_372' title='bbox 1110 2675 1222 2751; x_wconf 89' lang='lat' dir='ltr'><strong>nium,</strong></span> <span class='ocrx_word' id='word_1_373' title='bbox 1256 2693 1317 2755; x_wconf 84' lang='lat' dir='ltr'><strong>ego</strong></span> <span class='ocrx_word' id='word_1_374' title='bbox 1349 2680 1464 2737; x_wconf 70' lang='lat' dir='ltr'><strong>cenna</strong></span> <span class='ocrx_word' id='word_1_375' title='bbox 1497 2672 1659 2755; x_wconf 82' lang='lat' dir='ltr'><strong>excipiam</strong></span> <span class='ocrx_word' id='word_1_376' title='bbox 1691 2672 1776 2754; x_wconf 86' lang='lat' dir='ltr'><strong>quod</strong></span> <span class='ocrx_word' id='word_1_377' title='bbox 1809 2672 1886 2737; x_wconf 91' lang='lat' dir='ltr'><strong>alibi</strong></span> <span class='ocrx_word' id='word_1_378' title='bbox 1924 2672 2088 2751; x_wconf 88' lang='lat' dir='ltr'><strong>scribitur,</strong></span> 
     </span>
     <span class='ocr_line' id='line_1_27' title="bbox 79 2757 2089 2929; baseline -0.001 -17"><span class='ocrx_word' id='word_1_379' title='bbox 79 2759 607 2929; x_wconf 45' lang='lat' dir='ltr'><strong>&amp;mmmmm</strong></span> <span class='ocrx_word' id='word_1_380' title='bbox 614 2758 1059 2910; x_wconf 48' lang='lat' dir='ltr'><strong>dddtffltttttt</strong></span> <span class='ocrx_word' id='word_1_381' title='bbox 1109 2760 1397 2928; x_wconf 44' lang='lat' dir='ltr'><strong>{ibiibi}</strong></span> <span class='ocrx_word' id='word_1_382' title='bbox 1414 2779 1485 2928; x_wconf 69' lang='lat'><strong>⁰33⁰</strong></span> <span class='ocrx_word' id='word_1_383' title='bbox 1506 2758 1668 2927; x_wconf 60' lang='lat' dir='ltr'><strong>utta</strong></span> <span class='ocrx_word' id='word_1_384' title='bbox 1686 2757 2089 2926; x_wconf 61' lang='lat' dir='ltr'><strong>tiitttttttttlt</strong></span> 
     </span>
     <span class='ocr_line' id='line_1_28' title="bbox 79 2929 2088 3014; baseline -0.001 -17"><span class='ocrx_word' id='word_1_385' title='bbox 79 2931 242 2998; x_wconf 88' lang='lat' dir='ltr'><strong>bitandum</strong></span> <span class='ocrx_word' id='word_1_386' title='bbox 268 2933 346 3013; x_wconf 89' lang='lat' dir='ltr'><strong>quin</strong></span> <span class='ocrx_word' id='word_1_387' title='bbox 373 2931 464 2997; x_wconf 88' lang='lat' dir='ltr'><strong>Deus</strong></span> <span class='ocrx_word' id='word_1_388' title='bbox 489 2934 629 3012; x_wconf 81' lang='lat' dir='ltr'><strong>pmatus</strong></span> <span class='ocrx_word' id='word_1_389' title='bbox 656 2932 699 2996; x_wconf 85' lang='lat' dir='ltr'><strong>sit</strong></span> <span class='ocrx_word' id='word_1_390' title='bbox 725 2931 892 3014; x_wconf 82' lang='lat' dir='ltr'><strong>ipmscere,</strong></span> <span class='ocrx_word' id='word_1_391' title='bbox 924 2930 1059 2994; x_wconf 85' lang='lat' dir='ltr'><strong>simuiae</strong></span> <span class='ocrx_word' id='word_1_392' title='bbox 1108 2931 1263 3009; x_wconf 79' lang='lat' dir='ltr'><strong>verbum,</strong></span> <span class='ocrx_word' id='word_1_393' title='bbox 1289 2937 1327 2994; x_wconf 86' lang='lat' dir='ltr'><strong>ut</strong></span> <span class='ocrx_word' id='word_1_394' title='bbox 1353 2952 1428 2996; x_wconf 91' lang='lat' dir='ltr'><strong>cum</strong></span> <span class='ocrx_word' id='word_1_395' title='bbox 1455 2930 1557 2996; x_wconf 85' lang='lat' dir='ltr'><strong>altero</strong></span> <span class='ocrx_word' id='word_1_396' title='bbox 1579 2929 1766 2996; x_wconf 87' lang='lat' dir='ltr'><strong>conveniat:</strong></span> <span class='ocrx_word' id='word_1_397' title='bbox 1795 2929 1973 2994; x_wconf 89' lang='lat' dir='ltr'><strong>miserebor</strong></span> <span class='ocrx_word' id='word_1_398' title='bbox 1994 2930 2088 2996; x_wconf 87' lang='lat' dir='ltr'><strong>cuius</strong></span> 
     </span>
     <span class='ocr_line' id='line_1_29' title="bbox 79 3014 2087 3100; baseline -0.001 -17"><span class='ocrx_word' id='word_1_399' title='bbox 79 3037 242 3084; x_wconf 73' lang='lat' dir='ltr'><strong>concmmis</strong></span> <span class='ocrx_word' id='word_1_400' title='bbox 261 3018 361 3099; x_wconf 80' lang='lat' dir='ltr'><strong>fuerit</strong></span> <span class='ocrx_word' id='word_1_401' title='bbox 375 3022 528 3098; x_wconf 76' lang='lat' dir='ltr'><strong>pecemm.</strong></span> <span class='ocrx_word' id='word_1_402' title='bbox 561 3014 649 3100; x_wconf 79' lang='lat' dir='ltr'><strong>Erpa</strong></span> <span class='ocrx_word' id='word_1_403' title='bbox 669 3017 737 3082; x_wconf 75' lang='lat' dir='ltr'><strong>das</strong></span> <span class='ocrx_word' id='word_1_404' title='bbox 758 3022 886 3082; x_wconf 86' lang='lat' dir='ltr'><strong>mortem</strong></span> <span class='ocrx_word' id='word_1_405' title='bbox 902 3036 965 3080; x_wconf 90' lang='lat' dir='ltr'><strong>non</strong></span> <span class='ocrx_word' id='word_1_406' title='bbox 981 3015 1056 3093; x_wconf 85' lang='lat' dir='ltr'><strong>cuit,</strong></span> <span class='ocrx_word' id='word_1_407' title='bbox 1108 3017 1302 3096; x_wconf 81' lang='lat' dir='ltr'><strong>miserebor,</strong></span> <span class='ocrx_word' id='word_1_408' title='bbox 1330 3023 1363 3081; x_wconf 91' lang='lat' dir='ltr'><strong>et</strong></span> <span class='ocrx_word' id='word_1_409' title='bbox 1390 3015 1643 3083; x_wconf 86' lang='lat' dir='ltr'><strong>commiserabor</strong></span> <span class='ocrx_word' id='word_1_410' title='bbox 1669 3035 1769 3097; x_wconf 89' lang='lat' dir='ltr'><strong>quem</strong></span> <span class='ocrx_word' id='word_1_411' title='bbox 1793 3014 1886 3079; x_wconf 80' lang='lat' dir='ltr'><strong>hiero</strong></span> <span class='ocrx_word' id='word_1_412' title='bbox 1912 3015 2087 3081; x_wconf 68' lang='lat' dir='ltr'><strong>misimus</strong></span> 
     </span>
     <span class='ocr_line' id='line_1_30' title="bbox 79 3099 2088 3189; baseline -0.002 -20"><span class='ocrx_word' id='word_1_413' title='bbox 79 3109 232 3185; x_wconf 84' lang='lat' dir='ltr'><strong>quatenus</strong></span> <span class='ocrx_word' id='word_1_414' title='bbox 252 3104 318 3169; x_wconf 83' lang='lat' dir='ltr'><strong>uuit</strong></span> <span class='ocrx_word' id='word_1_415' title='bbox 332 3103 566 3183; x_wconf 77' lang='lat' dir='ltr'><strong>poenitemiam.</strong></span> <span class='ocrx_word' id='word_1_416' title='bbox 609 3101 819 3184; x_wconf 59' lang='lat' dir='ltr'><strong>tripertiens</strong></span> <span class='ocrx_word' id='word_1_417' title='bbox 839 3107 943 3167; x_wconf 72' lang='lat' dir='ltr'><strong>numm</strong></span> <span class='ocrx_word' id='word_1_418' title='bbox 963 3103 1056 3181; x_wconf 86' lang='lat' dir='ltr'><strong>docet,</strong></span> <span class='ocrx_word' id='word_1_419' title='bbox 1109 3102 1231 3189; x_wconf 78' lang='lat' dir='ltr'><strong>(Exod.</strong></span> <span class='ocrx_word' id='word_1_420' title='bbox 1255 3105 1305 3181; x_wconf 82' lang='lat'><strong>33,</strong></span> <span class='ocrx_word' id='word_1_421' title='bbox 1332 3101 1395 3186; x_wconf 87' lang='grc'><strong>19).</strong></span> <span class='ocrx_word' id='word_1_422' title='bbox 1441 3100 1508 3182; x_wconf 82' lang='lat' dir='ltr'><strong>Qui</strong></span> <span class='ocrx_word' id='word_1_423' title='bbox 1529 3100 1644 3184; x_wconf 75' lang='lat' dir='ltr'><strong>deligit</strong></span> <span class='ocrx_word' id='word_1_424' title='bbox 1664 3122 1745 3183; x_wconf 89' lang='lat' dir='ltr'><strong>quos</strong></span> <span class='ocrx_word' id='word_1_425' title='bbox 1766 3099 1990 3165; x_wconf 88' lang='lat' dir='ltr'><strong>misericordia</strong></span> <span class='ocrx_word' id='word_1_426' title='bbox 2011 3121 2088 3183; x_wconf 81' lang='lat' dir='ltr'><strong>pro·</strong></span> 
     </span>
     <span class='ocr_line' id='line_1_31' title="bbox 79 3184 2089 3272; baseline -0 -19"><span class='ocrx_word' id='word_1_427' title='bbox 79 3191 128 3253; x_wconf 88' lang='lat' dir='ltr'><strong>ita</strong></span> <span class='ocrx_word' id='word_1_428' title='bbox 148 3189 224 3254; x_wconf 79' lang='lat' dir='ltr'><strong>cede</strong></span> <span class='ocrx_word' id='word_1_429' title='bbox 243 3189 425 3270; x_wconf 71' lang='lat' dir='ltr'><strong>resipiscere</strong></span> <span class='ocrx_word' id='word_1_430' title='bbox 444 3208 521 3271; x_wconf 89' lang='lat' dir='ltr'><strong>ques</strong></span> <span class='ocrx_word' id='word_1_431' title='bbox 541 3188 585 3254; x_wconf 91' lang='lat' dir='ltr'><strong>ad</strong></span> <span class='ocrx_word' id='word_1_432' title='bbox 605 3208 639 3254; x_wconf 88' lang='lat' dir='ltr'><strong>se</strong></span> <span class='ocrx_word' id='word_1_433' title='bbox 659 3189 784 3268; x_wconf 87' lang='lat' dir='ltr'><strong>incitat,</strong></span> <span class='ocrx_word' id='word_1_434' title='bbox 811 3194 847 3253; x_wconf 86' lang='lat' dir='ltr'><strong>nt</strong></span> <span class='ocrx_word' id='word_1_435' title='bbox 866 3208 928 3253; x_wconf 90' lang='lat' dir='ltr'><strong>non</strong></span> <span class='ocrx_word' id='word_1_436' title='bbox 948 3191 1057 3269; x_wconf 85' lang='lat' dir='ltr'><strong>tanpat</strong></span> <span class='ocrx_word' id='word_1_437' title='bbox 1109 3190 1200 3272; x_wconf 92' lang='lat' dir='ltr'><strong>sequi</strong></span> <span class='ocrx_word' id='word_1_438' title='bbox 1236 3188 1369 3268; x_wconf 86' lang='lat' dir='ltr'><strong>debeat,</strong></span> <span class='ocrx_word' id='word_1_439' title='bbox 1403 3208 1477 3253; x_wconf 89' lang='lat' dir='ltr'><strong>eam</strong></span> <span class='ocrx_word' id='word_1_440' title='bbox 1508 3209 1575 3252; x_wconf 91' lang='lat' dir='ltr'><strong>non</strong></span> <span class='ocrx_word' id='word_1_441' title='bbox 1603 3187 1754 3252; x_wconf 90' lang='lat' dir='ltr'><strong>omnibus</strong></span> <span class='ocrx_word' id='word_1_442' title='bbox 1780 3186 1978 3269; x_wconf 87' lang='lat' dir='ltr'><strong>impertitur.</strong></span> <span class='ocrx_word' id='word_1_443' title='bbox 2026 3184 2089 3253; x_wconf 77' lang='lat' dir='ltr'><strong>sat</strong></span> 
     </span>
     <span class='ocr_line' id='line_1_32' title="bbox 79 3271 2088 3356; baseline 0 -19"><span class='ocrx_word' id='word_1_444' title='bbox 79 3275 220 3338; x_wconf 79' lang='lat' dir='ltr'><strong>omnimo</strong></span> <span class='ocrx_word' id='word_1_445' title='bbox 247 3275 348 3339; x_wconf 87' lang='lat' dir='ltr'><strong>corda.</strong></span> <span class='ocrx_word' id='word_1_446' title='bbox 394 3274 502 3356; x_wconf 85' lang='lat' dir='ltr'><strong>Neque</strong></span> <span class='ocrx_word' id='word_1_447' title='bbox 527 3279 629 3339; x_wconf 77' lang='lat' dir='ltr'><strong>mmen</strong></span> <span class='ocrx_word' id='word_1_448' title='bbox 655 3275 725 3340; x_wconf 91' lang='lat' dir='ltr'><strong>ideo</strong></span> <span class='ocrx_word' id='word_1_449' title='bbox 746 3274 911 3340; x_wconf 82' lang='lat' dir='ltr'><strong>dicmdmn</strong></span> <span class='ocrx_word' id='word_1_450' title='bbox 931 3278 976 3340; x_wconf 87' lang='lat' dir='ltr'><strong>est</strong></span> <span class='ocrx_word' id='word_1_451' title='bbox 994 3274 1057 3355; x_wconf 81' lang='lat' dir='ltr'><strong>fal·</strong></span> <span class='ocrx_word' id='word_1_452' title='bbox 1108 3275 1162 3340; x_wconf 88' lang='lat' dir='ltr'><strong>ubi</strong></span> <span class='ocrx_word' id='word_1_453' title='bbox 1182 3275 1267 3341; x_wconf 72' lang='lat' dir='ltr'><strong>iletre</strong></span> <span class='ocrx_word' id='word_1_454' title='bbox 1285 3278 1421 3355; x_wconf 87' lang='lat' dir='ltr'><strong>apparet</strong></span> <span class='ocrx_word' id='word_1_455' title='bbox 1441 3294 1503 3339; x_wconf 90' lang='lat' dir='ltr'><strong>non</strong></span> <span class='ocrx_word' id='word_1_456' title='bbox 1524 3274 1563 3339; x_wconf 87' lang='lat' dir='ltr'><strong>de</strong></span> <span class='ocrx_word' id='word_1_457' title='bbox 1589 3273 1724 3356; x_wconf 73' lang='lat' dir='ltr'><strong>simpatia</strong></span> <span class='ocrx_word' id='word_1_458' title='bbox 1751 3271 1943 3351; x_wconf 70' lang='lat' dir='ltr'><strong>homicidas,</strong></span> <span class='ocrx_word' id='word_1_459' title='bbox 1971 3271 2026 3337; x_wconf 91' lang='lat' dir='ltr'><strong>scd</strong></span> <span class='ocrx_word' id='word_1_460' title='bbox 2050 3272 2088 3338; x_wconf 85' lang='lat' dir='ltr'><strong>de</strong></span> 
     </span>
     <span class='ocr_line' id='line_1_33' title="bbox 78 3357 2087 3443; baseline -0.002 -19"><span class='ocrx_word' id='word_1_461' title='bbox 78 3361 189 3424; x_wconf 71' lang='lat' dir='ltr'><strong>iitcitm</strong></span> <span class='ocrx_word' id='word_1_462' title='bbox 216 3360 323 3439; x_wconf 83' lang='lat' dir='ltr'><strong>ipsiun</strong></span> <span class='ocrx_word' id='word_1_463' title='bbox 349 3380 457 3443; x_wconf 84' lang='lat' dir='ltr'><strong>apere:</strong></span> <span class='ocrx_word' id='word_1_464' title='bbox 488 3361 566 3442; x_wconf 87' lang='lat' dir='ltr'><strong>quia</strong></span> <span class='ocrx_word' id='word_1_465' title='bbox 597 3361 655 3426; x_wconf 87' lang='lat' dir='ltr'><strong>etsi</strong></span> <span class='ocrx_word' id='word_1_466' title='bbox 686 3380 747 3426; x_wconf 83' lang='lat' dir='ltr'><strong>ece</strong></span> <span class='ocrx_word' id='word_1_467' title='bbox 779 3365 907 3426; x_wconf 71' lang='lat' dir='ltr'><strong>emona</strong></span> <span class='ocrx_word' id='word_1_468' title='bbox 934 3365 1056 3424; x_wconf 84' lang='lat' dir='ltr'><strong>tantum</strong></span> <span class='ocrx_word' id='word_1_469' title='bbox 1107 3360 1267 3426; x_wconf 78' lang='lat' dir='ltr'><strong>bominum</strong></span> <span class='ocrx_word' id='word_1_470' title='bbox 1284 3359 1447 3426; x_wconf 79' lang='lat' dir='ltr'><strong>ordinibus</strong></span> <span class='ocrx_word' id='word_1_471' title='bbox 1463 3359 1531 3425; x_wconf 83' lang='lat' dir='ltr'><strong>iilic</strong></span> <span class='ocrx_word' id='word_1_472' title='bbox 1547 3360 1612 3442; x_wconf 81' lang='lat' dir='ltr'><strong>api,</strong></span> <span class='ocrx_word' id='word_1_473' title='bbox 1628 3357 1764 3441; x_wconf 71' lang='lat' dir='ltr'><strong>fmessat</strong></span> <span class='ocrx_word' id='word_1_474' title='bbox 1780 3357 2087 3441; x_wconf 81' lang='lat' dir='ltr'><strong>loiipiordispntatio.</strong></span> 
     </span>
     <span class='ocr_line' id='line_1_34' title="bbox 79 3443 2089 3529; baseline -0.001 -19"><span class='ocrx_word' id='word_1_475' title='bbox 79 3443 307 3510; x_wconf 78' lang='lat' dir='ltr'><strong>irancusabiies</strong></span> <span class='ocrx_word' id='word_1_476' title='bbox 322 3447 425 3512; x_wconf 85' lang='lat' dir='ltr'><strong>reddit</strong></span> <span class='ocrx_word' id='word_1_477' title='bbox 441 3447 497 3526; x_wconf 84' lang='lat' dir='ltr'><strong>qui</strong></span> <span class='ocrx_word' id='word_1_478' title='bbox 514 3465 583 3510; x_wconf 88' lang='lat' dir='ltr'><strong>eam</strong></span> <span class='ocrx_word' id='word_1_479' title='bbox 604 3446 748 3525; x_wconf 85' lang='lat' dir='ltr'><strong>audiant,</strong></span> <span class='ocrx_word' id='word_1_480' title='bbox 769 3467 866 3527; x_wconf 75' lang='lat' dir='ltr'><strong>raeque</strong></span> <span class='ocrx_word' id='word_1_481' title='bbox 887 3445 1057 3528; x_wconf 87' lang='lat' dir='ltr'><strong>obsequun-</strong></span> <span class='ocrx_word' id='word_1_482' title='bbox 1112 3447 1299 3529; x_wconf 71' lang='lat' dir='ltr'><strong>Quanquam</strong></span> <span class='ocrx_word' id='word_1_483' title='bbox 1319 3446 1418 3512; x_wconf 71' lang='lat' dir='ltr'><strong>sinim</strong></span> <span class='ocrx_word' id='word_1_484' title='bbox 1438 3445 1607 3512; x_wconf 85' lang='lat' dir='ltr'><strong>notandum</strong></span> <span class='ocrx_word' id='word_1_485' title='bbox 1628 3450 1680 3526; x_wconf 88' lang='lat' dir='ltr'><strong>est,</strong></span> <span class='ocrx_word' id='word_1_486' title='bbox 1706 3443 1846 3510; x_wconf 89' lang='lat' dir='ltr'><strong>Panium</strong></span> <span class='ocrx_word' id='word_1_487' title='bbox 1867 3465 1929 3509; x_wconf 89' lang='lat' dir='ltr'><strong>nen</strong></span> <span class='ocrx_word' id='word_1_488' title='bbox 1950 3463 2089 3510; x_wconf 84' lang='lat' dir='ltr'><strong>asserere</strong></span> 
     </span>
     <span class='ocr_line' id='line_1_35' title="bbox 78 3528 2089 3615; baseline 0 -20"><span class='ocrx_word' id='word_1_489' title='bbox 78 3537 145 3608; x_wconf 86' lang='lat' dir='ltr'><strong>tur,</strong></span> <span class='ocrx_word' id='word_1_490' title='bbox 167 3549 237 3594; x_wconf 87' lang='lat' dir='ltr'><strong>rere</strong></span> <span class='ocrx_word' id='word_1_491' title='bbox 257 3534 359 3596; x_wconf 88' lang='lat' dir='ltr'><strong>tamen</strong></span> <span class='ocrx_word' id='word_1_492' title='bbox 379 3537 519 3596; x_wconf 80' lang='lat' dir='ltr'><strong>mnsdur</strong></span> <span class='ocrx_word' id='word_1_493' title='bbox 538 3533 748 3598; x_wconf 69' lang='lat' dir='ltr'><strong>adimendam</strong></span> <span class='ocrx_word' id='word_1_494' title='bbox 766 3534 890 3615; x_wconf 82' lang='lat' dir='ltr'><strong>qratiac</strong></span> <span class='ocrx_word' id='word_1_495' title='bbox 910 3531 976 3597; x_wconf 90' lang='lat' dir='ltr'><strong>Dei</strong></span> <span class='ocrx_word' id='word_1_496' title='bbox 996 3552 1056 3613; x_wconf 90' lang='grc' dir='ltr'><strong>ραο</strong></span> <span class='ocrx_word' id='word_1_497' title='bbox 1108 3533 1186 3614; x_wconf 89' lang='lat' dir='ltr'><strong>qnid</strong></span> <span class='ocrx_word' id='word_1_498' title='bbox 1204 3552 1324 3615; x_wconf 82' lang='lat' dir='ltr'><strong>semper</strong></span> <span class='ocrx_word' id='word_1_499' title='bbox 1344 3537 1373 3596; x_wconf 89' lang='lat' dir='ltr'><strong>et</strong></span> <span class='ocrx_word' id='word_1_500' title='bbox 1392 3531 1504 3614; x_wconf 74' lang='lat' dir='ltr'><strong>stipae</strong></span> <span class='ocrx_word' id='word_1_501' title='bbox 1525 3536 1553 3597; x_wconf 88' lang='lat' dir='ltr'><strong>et</strong></span> <span class='ocrx_word' id='word_1_502' title='bbox 1574 3531 1610 3596; x_wconf 89' lang='lat' dir='ltr'><strong>in</strong></span> <span class='ocrx_word' id='word_1_503' title='bbox 1631 3531 1772 3596; x_wconf 68' lang='lat' dir='ltr'><strong>mundas</strong></span> <span class='ocrx_word' id='word_1_504' title='bbox 1790 3531 1891 3612; x_wconf 76' lang='lat' dir='ltr'><strong>faciat</strong></span> <span class='ocrx_word' id='word_1_505' title='bbox 1907 3528 2013 3610; x_wconf 69' lang='lat' dir='ltr'><strong>Deua·</strong></span> <span class='ocrx_word' id='word_1_506' title='bbox 2033 3528 2089 3595; x_wconf 86' lang='lat' dir='ltr'><strong>sed</strong></span> 
     </span>
     <span class='ocr_line' id='line_1_36' title="bbox 78 3616 2087 3702; baseline -0.001 -20"><span class='ocrx_word' id='word_1_507' title='bbox 78 3617 142 3682; x_wconf 88' lang='lat' dir='ltr'><strong>sibi</strong></span> <span class='ocrx_word' id='word_1_508' title='bbox 173 3616 351 3681; x_wconf 82' lang='lat' dir='ltr'><strong>reeomiiiat</strong></span> <span class='ocrx_word' id='word_1_509' title='bbox 381 3617 528 3684; x_wconf 81' lang='lat' dir='ltr'><strong>homines.</strong></span> <span class='ocrx_word' id='word_1_510' title='bbox 583 3620 756 3684; x_wconf 79' lang='lat' dir='ltr'><strong>Teneanms</strong></span> <span class='ocrx_word' id='word_1_511' title='bbox 787 3639 858 3702; x_wconf 78' lang='lat' dir='ltr'><strong>erpo</strong></span> <span class='ocrx_word' id='word_1_512' title='bbox 884 3617 1056 3699; x_wconf 76' lang='lat' dir='ltr'><strong>prophetae</strong></span> <span class='ocrx_word' id='word_1_513' title='bbox 1108 3619 1240 3684; x_wconf 89' lang='lat' dir='ltr'><strong>liberum</strong></span> <span class='ocrx_word' id='word_1_514' title='bbox 1268 3619 1298 3683; x_wconf 92' lang='lat' dir='ltr'><strong>ci</strong></span> <span class='ocrx_word' id='word_1_515' title='bbox 1323 3617 1496 3699; x_wconf 75' lang='lat' dir='ltr'><strong>relinquere</strong></span> <span class='ocrx_word' id='word_1_516' title='bbox 1521 3623 1664 3701; x_wconf 83' lang='lat' dir='ltr'><strong>atrapis</strong></span> <span class='ocrx_word' id='word_1_517' title='bbox 1686 3618 1812 3683; x_wconf 77' lang='lat' dir='ltr'><strong>medem</strong></span> <span class='ocrx_word' id='word_1_518' title='bbox 1833 3623 1860 3682; x_wconf 89' lang='lat' dir='ltr'><strong>et</strong></span> <span class='ocrx_word' id='word_1_519' title='bbox 1881 3618 2087 3700; x_wconf 83' lang='lat' dir='ltr'><strong>mapistratus</strong></span> 
     </span>
     <span class='ocr_line' id='line_1_37' title="bbox 78 3701 2088 3787; baseline -0.003 -18"><span class='ocrx_word' id='word_1_520' title='bbox 78 3702 253 3781; x_wconf 78' lang='lat' dir='ltr'><strong>cundiam,</strong></span> <span class='ocrx_word' id='word_1_521' title='bbox 274 3721 336 3767; x_wconf 88' lang='lat' dir='ltr'><strong>non</strong></span> <span class='ocrx_word' id='word_1_522' title='bbox 351 3702 477 3783; x_wconf 82' lang='lat' dir='ltr'><strong>plaeere</strong></span> <span class='ocrx_word' id='word_1_523' title='bbox 494 3703 562 3769; x_wconf 86' lang='lat' dir='ltr'><strong>Deo</strong></span> <span class='ocrx_word' id='word_1_524' title='bbox 582 3709 710 3770; x_wconf 78' lang='lat' dir='ltr'><strong>moriem</strong></span> <span class='ocrx_word' id='word_1_525' title='bbox 726 3705 915 3787; x_wconf 88' lang='lat' dir='ltr'><strong>peccatoris:</strong></span> <span class='ocrx_word' id='word_1_526' title='bbox 935 3709 970 3767; x_wconf 88' lang='lat' dir='ltr'><strong>nt</strong></span> <span class='ocrx_word' id='word_1_527' title='bbox 989 3723 1057 3768; x_wconf 79' lang='lat' dir='ltr'><strong>cem</strong></span> <span class='ocrx_word' id='word_1_528' title='bbox 1102 3705 1277 3786; x_wconf 77' lang='lat' dir='ltr'><strong>participes</strong></span> <span class='ocrx_word' id='word_1_529' title='bbox 1296 3704 1397 3786; x_wconf 79' lang='lat' dir='ltr'><strong>faciet</strong></span> <span class='ocrx_word' id='word_1_530' title='bbox 1417 3704 1553 3770; x_wconf 80' lang='lat' dir='ltr'><strong>metistis</strong></span> <span class='ocrx_word' id='word_1_531' title='bbox 1574 3704 1746 3782; x_wconf 85' lang='lat' dir='ltr'><strong>doetrinae,</strong></span> <span class='ocrx_word' id='word_1_532' title='bbox 1769 3703 1915 3785; x_wconf 84' lang='lat' dir='ltr'><strong>quamvis</strong></span> <span class='ocrx_word' id='word_1_533' title='bbox 1935 3701 2088 3765; x_wconf 84' lang='lat' dir='ltr'><strong>adversus</strong></span> 
     </span>
     <span class='ocr_line' id='line_1_38' title="bbox 76 3785 2087 3872; baseline -0.003 -18"><span class='ocrx_word' id='word_1_534' title='bbox 76 3791 178 3870; x_wconf 64' lang='lat' dir='ltr'><strong>fidant</strong></span> <span class='ocrx_word' id='word_1_535' title='bbox 194 3790 258 3870; x_wconf 84' lang='lat' dir='ltr'><strong>pii,</strong></span> <span class='ocrx_word' id='word_1_536' title='bbox 280 3788 413 3853; x_wconf 65' lang='lat' dir='ltr'><strong>amulae</strong></span> <span class='ocrx_word' id='word_1_537' title='bbox 428 3791 621 3869; x_wconf 86' lang='lat' dir='ltr'><strong>poenitentia</strong></span> <span class='ocrx_word' id='word_1_538' title='bbox 640 3791 715 3855; x_wconf 88' lang='lat' dir='ltr'><strong>tacti</strong></span> <span class='ocrx_word' id='word_1_539' title='bbox 730 3790 857 3872; x_wconf 72' lang='lat' dir='ltr'><strong>fuerint,</strong></span> <span class='ocrx_word' id='word_1_540' title='bbox 878 3789 942 3854; x_wconf 87' lang='lat' dir='ltr'><strong>sibi</strong></span> <span class='ocrx_word' id='word_1_541' title='bbox 956 3810 1057 3870; x_wconf 88' lang='lat' dir='ltr'><strong>pera-</strong></span> <span class='ocrx_word' id='word_1_542' title='bbox 1107 3811 1178 3856; x_wconf 88' lang='lat' dir='ltr'><strong>eam</strong></span> <span class='ocrx_word' id='word_1_543' title='bbox 1203 3811 1265 3872; x_wconf 87' lang='lat' dir='ltr'><strong>pro</strong></span> <span class='ocrx_word' id='word_1_544' title='bbox 1296 3791 1439 3856; x_wconf 78' lang='lat' dir='ltr'><strong>caedtate</strong></span> <span class='ocrx_word' id='word_1_545' title='bbox 1471 3811 1533 3855; x_wconf 77' lang='lat' dir='ltr'><strong>aia</strong></span> <span class='ocrx_word' id='word_1_546' title='bbox 1565 3791 1736 3855; x_wconf 87' lang='lat' dir='ltr'><strong>insaniant.</strong></span> <span class='ocrx_word' id='word_1_547' title='bbox 1789 3788 1940 3853; x_wconf 86' lang='lat' dir='ltr'><strong>Videatur</strong></span> <span class='ocrx_word' id='word_1_548' title='bbox 1970 3785 2087 3866; x_wconf 72' lang='lat' dir='ltr'><strong>fortius</strong></span> 
     </span>
     <span class='ocr_line' id='line_1_39' title="bbox 78 3870 2087 3961; baseline -0.002 -21"><span class='ocrx_word' id='word_1_549' title='bbox 78 3881 144 3940; x_wconf 88' lang='lat' dir='ltr'><strong>tam</strong></span> <span class='ocrx_word' id='word_1_550' title='bbox 176 3895 242 3939; x_wconf 89' lang='lat' dir='ltr'><strong>esse</strong></span> <span class='ocrx_word' id='word_1_551' title='bbox 274 3874 362 3954; x_wconf 85' lang='lat' dir='ltr'><strong>apud</strong></span> <span class='ocrx_word' id='word_1_552' title='bbox 387 3870 493 3939; x_wconf 83' lang='lat' dir='ltr'><strong>Deam</strong></span> <span class='ocrx_word' id='word_1_553' title='bbox 523 3877 662 3956; x_wconf 71' lang='lat' dir='ltr'><strong>veniam·</strong></span> <span class='ocrx_word' id='word_1_554' title='bbox 693 3877 788 3958; x_wconf 89' lang='lat' dir='ltr'><strong>impii</strong></span> <span class='ocrx_word' id='word_1_555' title='bbox 819 3896 890 3941; x_wconf 87' lang='lat' dir='ltr'><strong>cero</strong></span> <span class='ocrx_word' id='word_1_556' title='bbox 920 3876 1057 3940; x_wconf 80' lang='lat' dir='ltr'><strong>seritiant</strong></span> <span class='ocrx_word' id='word_1_557' title='bbox 1108 3898 1219 3961; x_wconf 79' lang='lat' dir='ltr'><strong>erpere</strong></span> <span class='ocrx_word' id='word_1_558' title='bbox 1240 3876 1349 3942; x_wconf 69' lang='lat' dir='ltr'><strong>obudo</strong></span> <span class='ocrx_word' id='word_1_559' title='bbox 1373 3874 1462 3942; x_wconf 87' lang='lat' dir='ltr'><strong>Petri</strong></span> <span class='ocrx_word' id='word_1_560' title='bbox 1484 3878 1546 3942; x_wconf 86' lang='lat' dir='ltr'><strong>loca</strong></span> <span class='ocrx_word' id='word_1_561' title='bbox 1573 3877 1607 3959; x_wconf 86' lang='lat'><strong>(2</strong></span> <span class='ocrx_word' id='word_1_562' title='bbox 1631 3876 1720 3940; x_wconf 86' lang='lat' dir='ltr'><strong>Patr.</strong></span> <span class='ocrx_word' id='word_1_563' title='bbox 1746 3877 1774 3950; x_wconf 84' lang='lat'><strong>3,</strong></span> <span class='ocrx_word' id='word_1_564' title='bbox 1799 3873 1843 3953; x_wconf 88' lang='grc'><strong>9),</strong></span> <span class='ocrx_word' id='word_1_565' title='bbox 1865 3870 1971 3935; x_wconf 90' lang='lat' dir='ltr'><strong>Deum</strong></span> <span class='ocrx_word' id='word_1_566' title='bbox 1991 3871 2087 3936; x_wconf 87' lang='lat' dir='ltr'><strong>nemi·</strong></span> 
     </span>
     <span class='ocr_line' id='line_1_40' title="bbox 78 3956 2099 4045; baseline -0.002 -19"><span class='ocrx_word' id='word_1_567' title='bbox 78 3961 240 4042; x_wconf 81' lang='lat' dir='ltr'><strong>diepiicuri</strong></span> <span class='ocrx_word' id='word_1_568' title='bbox 260 3961 377 4026; x_wconf 88' lang='lat' dir='ltr'><strong>crimen</strong></span> <span class='ocrx_word' id='word_1_569' title='bbox 398 3981 501 4039; x_wconf 87' lang='lat' dir='ltr'><strong>suum,</strong></span> <span class='ocrx_word' id='word_1_570' title='bbox 523 3963 606 4042; x_wconf 86' lang='lat' dir='ltr'><strong>quod</strong></span> <span class='ocrx_word' id='word_1_571' title='bbox 626 3967 729 4028; x_wconf 89' lang='lat' dir='ltr'><strong>tantae</strong></span> <span class='ocrx_word' id='word_1_572' title='bbox 745 3962 810 4028; x_wconf 88' lang='lat' dir='ltr'><strong>Dei</strong></span> <span class='ocrx_word' id='word_1_573' title='bbox 831 3962 1008 4028; x_wconf 85' lang='lat' dir='ltr'><strong>dementiae</strong></span> <span class='ocrx_word' id='word_1_574' title='bbox 1028 3964 1056 4026; x_wconf 89' lang='lat' dir='ltr'><strong>et</strong></span> <span class='ocrx_word' id='word_1_575' title='bbox 1107 3984 1178 4029; x_wconf 90' lang='lat' dir='ltr'><strong>nem</strong></span> <span class='ocrx_word' id='word_1_576' title='bbox 1199 3963 1275 4030; x_wconf 86' lang='lat' dir='ltr'><strong>vdie</strong></span> <span class='ocrx_word' id='word_1_577' title='bbox 1290 3963 1414 4045; x_wconf 86' lang='lat' dir='ltr'><strong>perire,</strong></span> <span class='ocrx_word' id='word_1_578' title='bbox 1436 3963 1492 4028; x_wconf 87' lang='lat' dir='ltr'><strong>sed</strong></span> <span class='ocrx_word' id='word_1_579' title='bbox 1512 3981 1617 4026; x_wconf 75' lang='lat' dir='ltr'><strong>unum</strong></span> <span class='ocrx_word' id='word_1_580' title='bbox 1635 3961 1771 4040; x_wconf 89' lang='lat' dir='ltr'><strong>recipere</strong></span> <span class='ocrx_word' id='word_1_581' title='bbox 1793 3957 1835 4022; x_wconf 89' lang='lat' dir='ltr'><strong>ad</strong></span> <span class='ocrx_word' id='word_1_582' title='bbox 1852 3956 2099 4038; x_wconf 71' lang='lat' dir='ltr'><strong>poenitentiam</strong></span> 
     </span>
     <span class='ocr_line' id='line_1_41' title="bbox 77 4043 2088 4132; baseline -0.002 -21"><span class='ocrx_word' id='word_1_583' title='bbox 77 4046 229 4130; x_wconf 72' lang='lat' dir='ltr'><strong>sacititmi</strong></span> <span class='ocrx_word' id='word_1_584' title='bbox 256 4067 319 4112; x_wconf 89' lang='lat' dir='ltr'><strong>non</strong></span> <span class='ocrx_word' id='word_1_585' title='bbox 346 4047 535 4128; x_wconf 86' lang='lat' dir='ltr'><strong>respondent.</strong></span> <span class='ocrx_word' id='word_1_586' title='bbox 582 4046 791 4114; x_wconf 85' lang='lat' dir='ltr'><strong>Paenitentiae</strong></span> <span class='ocrx_word' id='word_1_587' title='bbox 817 4049 916 4132; x_wconf 81' lang='lat' dir='ltr'><strong>ipitur</strong></span> <span class='ocrx_word' id='word_1_588' title='bbox 936 4067 1056 4130; x_wconf 79' lang='lat' dir='ltr'><strong>smiper</strong></span> <span class='ocrx_word' id='word_1_589' title='bbox 1117 4050 1233 4116; x_wconf 85' lang='lat' dir='ltr'><strong>Verum</strong></span> <span class='ocrx_word' id='word_1_590' title='bbox 1258 4049 1332 4114; x_wconf 87' lang='lat' dir='ltr'><strong>nodi</strong></span> <span class='ocrx_word' id='word_1_591' title='bbox 1353 4049 1464 4114; x_wconf 82' lang='lat' dir='ltr'><strong>solutio</strong></span> <span class='ocrx_word' id='word_1_592' title='bbox 1484 4047 1552 4111; x_wconf 88' lang='lat' dir='ltr'><strong>iem</strong></span> <span class='ocrx_word' id='word_1_593' title='bbox 1572 4065 1645 4109; x_wconf 83' lang='lat' dir='ltr'><strong>nice</strong></span> <span class='ocrx_word' id='word_1_594' title='bbox 1666 4046 1701 4108; x_wconf 90' lang='lat' dir='ltr'><strong>in</strong></span> <span class='ocrx_word' id='word_1_595' title='bbox 1722 4043 1853 4108; x_wconf 83' lang='lat' dir='ltr'><strong>secuiido</strong></span> <span class='ocrx_word' id='word_1_596' title='bbox 1874 4043 1962 4108; x_wconf 85' lang='lat' dir='ltr'><strong>verbo</strong></span> <span class='ocrx_word' id='word_1_597' title='bbox 1983 4062 2088 4108; x_wconf 88' lang='lat' dir='ltr'><strong>occur·</strong></span> 
     </span>
     <span class='ocr_line' id='line_1_42' title="bbox 78 4128 2087 4216; baseline -0.002 -20"><span class='ocrx_word' id='word_1_598' title='bbox 78 4132 168 4196; x_wconf 80' lang='lat' dir='ltr'><strong>obuia</strong></span> <span class='ocrx_word' id='word_1_599' title='bbox 191 4132 256 4198; x_wconf 88' lang='lat' dir='ltr'><strong>Dei</strong></span> <span class='ocrx_word' id='word_1_600' title='bbox 282 4132 501 4197; x_wconf 89' lang='lat' dir='ltr'><strong>misericordia</strong></span> <span class='ocrx_word' id='word_1_601' title='bbox 522 4139 672 4214; x_wconf 62' lang='lat' dir='ltr'><strong>occurret·</strong></span> <span class='ocrx_word' id='word_1_602' title='bbox 700 4135 754 4200; x_wconf 92' lang='lat' dir='ltr'><strong>sed</strong></span> <span class='ocrx_word' id='word_1_603' title='bbox 777 4136 966 4216; x_wconf 87' lang='lat' dir='ltr'><strong>poenitentia</strong></span> <span class='ocrx_word' id='word_1_604' title='bbox 988 4134 1056 4215; x_wconf 80' lang='lat' dir='ltr'><strong>qui</strong></span> <span class='ocrx_word' id='word_1_605' title='bbox 1107 4137 1165 4201; x_wconf 88' lang='lat' dir='ltr'><strong>rit:</strong></span> <span class='ocrx_word' id='word_1_606' title='bbox 1185 4136 1263 4216; x_wconf 87' lang='lat' dir='ltr'><strong>quia</strong></span> <span class='ocrx_word' id='word_1_607' title='bbox 1280 4135 1424 4200; x_wconf 85' lang='lat' dir='ltr'><strong>noluntas</strong></span> <span class='ocrx_word' id='word_1_608' title='bbox 1440 4131 1610 4212; x_wconf 87' lang='lat' dir='ltr'><strong>reeipiendi</strong></span> <span class='ocrx_word' id='word_1_609' title='bbox 1631 4131 1674 4195; x_wconf 90' lang='lat' dir='ltr'><strong>ad</strong></span> <span class='ocrx_word' id='word_1_610' title='bbox 1691 4130 1915 4210; x_wconf 85' lang='lat' dir='ltr'><strong>poenitentiam</strong></span> <span class='ocrx_word' id='word_1_611' title='bbox 1935 4148 1997 4194; x_wconf 86' lang='lat' dir='ltr'><strong>riou</strong></span> <span class='ocrx_word' id='word_1_612' title='bbox 2018 4128 2087 4192; x_wconf 88' lang='lat' dir='ltr'><strong>alia</strong></span> 
     </span>
     <span class='ocr_line' id='line_1_43' title="bbox 78 4213 2086 4312; baseline -0.003 -30"><span class='ocrx_word' id='word_1_613' title='bbox 78 4218 136 4282; x_wconf 85' lang='lat' dir='ltr'><strong>bns</strong></span> <span class='ocrx_word' id='word_1_614' title='bbox 162 4219 252 4283; x_wconf 87' lang='lat' dir='ltr'><strong>detur</strong></span> <span class='ocrx_word' id='word_1_615' title='bbox 280 4224 345 4282; x_wconf 90' lang='lat' dir='ltr'><strong>tam</strong></span> <span class='ocrx_word' id='word_1_616' title='bbox 374 4239 477 4282; x_wconf 85' lang='lat' dir='ltr'><strong>manes</strong></span> <span class='ocrx_word' id='word_1_617' title='bbox 498 4219 668 4300; x_wconf 75' lang='lat' dir='ltr'><strong>prophetae</strong></span> <span class='ocrx_word' id='word_1_618' title='bbox 693 4240 790 4302; x_wconf 88' lang='lat' dir='ltr'><strong>quam</strong></span> <span class='ocrx_word' id='word_1_619' title='bbox 810 4221 1056 4312; x_wconf 77' lang='lat' dir='ltr'><strong>apostolicique</strong></span> <span class='ocrx_word' id='word_1_620' title='bbox 1106 4221 1239 4305; x_wconf 80' lang='lat' dir='ltr'><strong>intedipi</strong></span> <span class='ocrx_word' id='word_1_621' title='bbox 1255 4224 1369 4303; x_wconf 87' lang='lat' dir='ltr'><strong>potest,</strong></span> <span class='ocrx_word' id='word_1_622' title='bbox 1391 4218 1456 4283; x_wconf 84' lang='lat' dir='ltr'><strong>nisi</strong></span> <span class='ocrx_word' id='word_1_623' title='bbox 1476 4236 1556 4298; x_wconf 86' lang='lat' dir='ltr'><strong>quae</strong></span> <span class='ocrx_word' id='word_1_624' title='bbox 1572 4216 1700 4298; x_wconf 87' lang='lat' dir='ltr'><strong>passim</strong></span> <span class='ocrx_word' id='word_1_625' title='bbox 1721 4215 1868 4280; x_wconf 81' lang='lat' dir='ltr'><strong>traditur.</strong></span> <span class='ocrx_word' id='word_1_626' title='bbox 1915 4213 1997 4279; x_wconf 87' lang='lat' dir='ltr'><strong>Sane</strong></span> <span class='ocrx_word' id='word_1_627' title='bbox 2018 4233 2086 4278; x_wconf 90' lang='lat' dir='ltr'><strong>con-</strong></span> 
     </span>
     <span class='ocr_line' id='line_1_44' title="bbox 78 4301 2085 4384; baseline -0.002 -17"><span class='ocrx_word' id='word_1_628' title='bbox 78 4305 147 4384; x_wconf 90' lang='lat' dir='ltr'><strong>ipse</strong></span> <span class='ocrx_word' id='word_1_629' title='bbox 167 4303 312 4369; x_wconf 80' lang='lat' dir='ltr'><strong>Erecbiei</strong></span> <span class='ocrx_word' id='word_1_630' title='bbox 333 4305 417 4370; x_wconf 85' lang='lat' dir='ltr'><strong>clare</strong></span> <span class='ocrx_word' id='word_1_631' title='bbox 437 4305 550 4370; x_wconf 90' lang='lat' dir='ltr'><strong>docent.</strong></span> <span class='ocrx_word' id='word_1_632' title='bbox 1106 4309 1208 4373; x_wconf 83' lang='lat' dir='ltr'><strong>versio</strong></span> <span class='ocrx_word' id='word_1_633' title='bbox 1234 4308 1271 4372; x_wconf 91' lang='lat' dir='ltr'><strong>in</strong></span> <span class='ocrx_word' id='word_1_634' title='bbox 1298 4305 1361 4371; x_wconf 88' lang='lat' dir='ltr'><strong>Dei</strong></span> <span class='ocrx_word' id='word_1_635' title='bbox 1389 4324 1488 4368; x_wconf 84' lang='grc' dir='ltr'>αιααα</span> <span class='ocrx_word' id='word_1_636' title='bbox 1514 4308 1573 4383; x_wconf 88' lang='lat' dir='ltr'><strong>est;</strong></span> <span class='ocrx_word' id='word_1_637' title='bbox 1605 4323 1649 4366; x_wconf 89' lang='lat' dir='ltr'><strong>an</strong></span> <span class='ocrx_word' id='word_1_638' title='bbox 1676 4301 1748 4367; x_wconf 84' lang='lat' dir='ltr'><strong>uelit</strong></span> <span class='ocrx_word' id='word_1_639' title='bbox 1773 4320 1879 4367; x_wconf 88' lang='lat' dir='ltr'><strong>omnes</strong></span> <span class='ocrx_word' id='word_1_640' title='bbox 1905 4305 2085 4378; x_wconf 83' lang='lat' dir='ltr'><strong>amicertere,</strong></span> 
     </span>
    </p>

    <p class='ocr_par' dir='ltr' id='par_1_4' title="bbox 76 4386 2087 5072">
     <span class='ocr_line' id='line_1_45' title="bbox 168 4386 2086 4476; baseline -0.001 -26"><span class='ocrx_word' id='word_1_641' title='bbox 168 4393 215 4453; x_wconf 89' lang='grc'><strong>16.</strong></span> <span class='ocrx_word' id='word_1_642' title='bbox 252 4389 470 4473; x_wconf 82' lang='lat' dir='ltr'><strong>²)Addueitnr</strong></span> <span class='ocrx_word' id='word_1_643' title='bbox 490 4390 621 4455; x_wconf 79' lang='lat' dir='ltr'><strong>emunda</strong></span> <span class='ocrx_word' id='word_1_644' title='bbox 641 4389 739 4454; x_wconf 86' lang='lat' dir='ltr'><strong>Pauli</strong></span> <span class='ocrx_word' id='word_1_645' title='bbox 761 4392 846 4456; x_wconf 85' lang='lat' dir='ltr'><strong>locus</strong></span> <span class='ocrx_word' id='word_1_646' title='bbox 867 4392 899 4475; x_wconf 83' lang='lat'><strong>(1</strong></span> <span class='ocrx_word' id='word_1_647' title='bbox 921 4392 1004 4455; x_wconf 75' lang='lat' dir='ltr'><strong>Tim.</strong></span> <span class='ocrx_word' id='word_1_648' title='bbox 1025 4394 1054 4470; x_wconf 79' lang='grc'><strong>2,</strong></span> <span class='ocrx_word' id='word_1_649' title='bbox 1106 4395 1309 4476; x_wconf 82' lang='lat' dir='ltr'><strong>interropetiir</strong></span> <span class='ocrx_word' id='word_1_650' title='bbox 1330 4393 1411 4472; x_wconf 90' lang='lat' dir='ltr'><strong>ipse:</strong></span> <span class='ocrx_word' id='word_1_651' title='bbox 1438 4390 1515 4455; x_wconf 88' lang='lat' dir='ltr'><strong>dum</strong></span> <span class='ocrx_word' id='word_1_652' title='bbox 1534 4388 1652 4472; x_wconf 83' lang='lat' dir='ltr'><strong>paucis</strong></span> <span class='ocrx_word' id='word_1_653' title='bbox 1673 4388 1860 4470; x_wconf 86' lang='lat' dir='ltr'><strong>quibusdam</strong></span> <span class='ocrx_word' id='word_1_654' title='bbox 1880 4406 1915 4451; x_wconf 88' lang='lat' dir='ltr'><strong>se</strong></span> <span class='ocrx_word' id='word_1_655' title='bbox 1936 4386 2086 4450; x_wconf 68' lang='grc' dir='ltr'><strong>ἀρέανααι</strong></span> 
     </span>
     <span class='ocr_line' id='line_1_46' title="bbox 79 4470 2086 4560; baseline 0 -24"><span class='ocrx_word' id='word_1_656' title='bbox 79 4474 131 4557; x_wconf 83' lang='grc'><strong>4),</strong></span> <span class='ocrx_word' id='word_1_657' title='bbox 159 4474 213 4539; x_wconf 87' lang='lat' dir='ltr'><strong>ubi</strong></span> <span class='ocrx_word' id='word_1_658' title='bbox 240 4476 346 4556; x_wconf 88' lang='lat' dir='ltr'><strong>tradit,</strong></span> <span class='ocrx_word' id='word_1_659' title='bbox 367 4475 473 4552; x_wconf 87' lang='lat' dir='ltr'><strong>Deum</strong></span> <span class='ocrx_word' id='word_1_660' title='bbox 499 4476 575 4542; x_wconf 83' lang='lat' dir='ltr'><strong>cede</strong></span> <span class='ocrx_word' id='word_1_661' title='bbox 604 4496 709 4541; x_wconf 72' lang='lat' dir='ltr'><strong>omens</strong></span> <span class='ocrx_word' id='word_1_662' title='bbox 729 4477 832 4543; x_wconf 86' lang='lat' dir='ltr'><strong>scices</strong></span> <span class='ocrx_word' id='word_1_663' title='bbox 852 4476 939 4550; x_wconf 68' lang='lat' dir='ltr'><strong>cieri:</strong></span> <span class='ocrx_word' id='word_1_664' title='bbox 965 4477 1056 4542; x_wconf 84' lang='lat' dir='ltr'><strong>euiiis</strong></span> <span class='ocrx_word' id='word_1_665' title='bbox 1101 4479 1258 4560; x_wconf 85' lang='lat' dir='ltr'><strong>promittit</strong></span> <span class='ocrx_word' id='word_1_666' title='bbox 1278 4497 1330 4544; x_wconf 89' lang='lat' dir='ltr'><strong>cor</strong></span> <span class='ocrx_word' id='word_1_667' title='bbox 1350 4496 1507 4556; x_wconf 84' lang='lat' dir='ltr'><strong>carneum,</strong></span> <span class='ocrx_word' id='word_1_668' title='bbox 1528 4475 1607 4542; x_wconf 77' lang='lat' dir='ltr'><strong>aliis</strong></span> <span class='ocrx_word' id='word_1_669' title='bbox 1627 4495 1679 4540; x_wconf 90' lang='lat' dir='ltr'><strong>cor</strong></span> <span class='ocrx_word' id='word_1_670' title='bbox 1700 4475 1862 4555; x_wconf 85' lang='lat' dir='ltr'><strong>lapideum</strong></span> <span class='ocrx_word' id='word_1_671' title='bbox 1882 4470 2086 4552; x_wconf 86' lang='lat' dir='ltr'><strong>relinquendo</strong></span> 
     </span>
     <span class='ocr_line' id='line_1_47' title="bbox 78 4558 2086 4650; baseline -0.001 -26"><span class='ocrx_word' id='word_1_672' title='bbox 78 4561 138 4625; x_wconf 86' lang='lat' dir='ltr'><strong>etsi</strong></span> <span class='ocrx_word' id='word_1_673' title='bbox 159 4561 284 4626; x_wconf 84' lang='lat' dir='ltr'><strong>diuersa</strong></span> <span class='ocrx_word' id='word_1_674' title='bbox 305 4568 350 4627; x_wconf 88' lang='lat' dir='ltr'><strong>est</strong></span> <span class='ocrx_word' id='word_1_675' title='bbox 370 4583 465 4644; x_wconf 90' lang='lat' dir='ltr'><strong>quam</strong></span> <span class='ocrx_word' id='word_1_676' title='bbox 486 4563 662 4644; x_wconf 88' lang='lat' dir='ltr'><strong>superioris</strong></span> <span class='ocrx_word' id='word_1_677' title='bbox 681 4562 779 4640; x_wconf 89' lang='lat' dir='ltr'><strong>ratio,</strong></span> <span class='ocrx_word' id='word_1_678' title='bbox 808 4561 933 4644; x_wconf 84' lang='lat' dir='ltr'><strong>aliquid</strong></span> <span class='ocrx_word' id='word_1_679' title='bbox 953 4569 1056 4627; x_wconf 83' lang='lat' dir='ltr'><strong>tanim</strong></span> <span class='ocrx_word' id='word_1_680' title='bbox 1108 4565 1180 4650; x_wconf 79' lang='lat' dir='ltr'><strong>(En.</strong></span> <span class='ocrx_word' id='word_1_681' title='bbox 1200 4568 1250 4642; x_wconf 87' lang='grc'><strong>36,</strong></span> <span class='ocrx_word' id='word_1_682' title='bbox 1271 4562 1336 4646; x_wconf 85' lang='lat'>26).</span> <span class='ocrx_word' id='word_1_683' title='bbox 1389 4562 1504 4627; x_wconf 79' lang='lat' dir='ltr'><strong>Verium</strong></span> <span class='ocrx_word' id='word_1_684' title='bbox 1525 4562 1651 4644; x_wconf 88' lang='lat' dir='ltr'><strong>quidem</strong></span> <span class='ocrx_word' id='word_1_685' title='bbox 1672 4565 1725 4640; x_wconf 85' lang='lat' dir='ltr'><strong>est,</strong></span> <span class='ocrx_word' id='word_1_686' title='bbox 1747 4560 1813 4624; x_wconf 89' lang='lat' dir='ltr'><strong>nisi</strong></span> <span class='ocrx_word' id='word_1_687' title='bbox 1833 4558 1968 4640; x_wconf 74' lang='lat' dir='ltr'><strong>rec‘qiere</strong></span> <span class='ocrx_word' id='word_1_688' title='bbox 1984 4577 2086 4637; x_wconf 90' lang='lat' dir='ltr'><strong>para·</strong></span> 
     </span>
     <span class='ocr_line' id='line_1_48' title="bbox 79 4643 2086 4731; baseline -0.001 -21"><span class='ocrx_word' id='word_1_689' title='bbox 79 4650 124 4710; x_wconf 81' lang='lat' dir='ltr'><strong>est</strong></span> <span class='ocrx_word' id='word_1_690' title='bbox 143 4665 308 4712; x_wconf 79' lang='lat' dir='ltr'><strong>mmmmm.</strong></span> <span class='ocrx_word' id='word_1_691' title='bbox 353 4648 549 4730; x_wconf 81' lang='lat' dir='ltr'><strong>Respondeo,</strong></span> <span class='ocrx_word' id='word_1_692' title='bbox 566 4649 710 4730; x_wconf 85' lang='lat' dir='ltr'><strong>primum</strong></span> <span class='ocrx_word' id='word_1_693' title='bbox 730 4667 769 4713; x_wconf 82' lang='lat' dir='ltr'><strong>ec</strong></span> <span class='ocrx_word' id='word_1_694' title='bbox 787 4652 927 4713; x_wconf 80' lang='lat' dir='ltr'><strong>contecta</strong></span> <span class='ocrx_word' id='word_1_695' title='bbox 941 4649 1056 4728; x_wconf 87' lang='lat' dir='ltr'><strong>palam</strong></span> <span class='ocrx_word' id='word_1_696' title='bbox 1107 4657 1160 4716; x_wconf 84' lang='lat' dir='ltr'><strong>tiis</strong></span> <span class='ocrx_word' id='word_1_697' title='bbox 1180 4655 1257 4716; x_wconf 88' lang='lat' dir='ltr'><strong>esset</strong></span> <span class='ocrx_word' id='word_1_698' title='bbox 1277 4649 1332 4731; x_wconf 85' lang='lat' dir='ltr'><strong>qni</strong></span> <span class='ocrx_word' id='word_1_699' title='bbox 1353 4650 1421 4715; x_wconf 75' lang='lat' dir='ltr'><strong>diis</strong></span> <span class='ocrx_word' id='word_1_700' title='bbox 1441 4647 1690 4714; x_wconf 87' lang='lat' dir='ltr'><strong>misericordiam</strong></span> <span class='ocrx_word' id='word_1_701' title='bbox 1716 4645 1899 4728; x_wconf 81' lang='lat' dir='ltr'><strong>implorant,</strong></span> <span class='ocrx_word' id='word_1_702' title='bbox 1929 4643 2086 4708; x_wconf 75' lang='lat' dir='ltr'><strong>mucidare</strong></span> 
     </span>
     <span class='ocr_line' id='line_1_49' title="bbox 76 4729 2086 4816; baseline -0.001 -20"><span class='ocrx_word' id='word_1_703' title='bbox 76 4732 149 4812; x_wconf 75' lang='lat' dir='ltr'><strong>sieri</strong></span> <span class='ocrx_word' id='word_1_704' title='bbox 169 4734 318 4812; x_wconf 86' lang='lat' dir='ltr'><strong>quornode</strong></span> <span class='ocrx_word' id='word_1_705' title='bbox 338 4735 418 4800; x_wconf 77' lang='lat' dir='ltr'><strong>imi.</strong></span> <span class='ocrx_word' id='word_1_706' title='bbox 471 4734 641 4816; x_wconf 81' lang='lat' dir='ltr'><strong>Utrumque</strong></span> <span class='ocrx_word' id='word_1_707' title='bbox 666 4733 751 4799; x_wconf 86' lang='lat' dir='ltr'><strong>enim</strong></span> <span class='ocrx_word' id='word_1_708' title='bbox 776 4733 901 4815; x_wconf 74' lang='lat' dir='ltr'><strong>copulat</strong></span> <span class='ocrx_word' id='word_1_709' title='bbox 921 4732 1055 4813; x_wconf 65' lang='lat' dir='ltr'><strong>Paomis,</strong></span> <span class='ocrx_word' id='word_1_710' title='bbox 1108 4737 1198 4802; x_wconf 83' lang='lat' dir='ltr'><strong>iiiam</strong></span> <span class='ocrx_word' id='word_1_711' title='bbox 1218 4735 1415 4800; x_wconf 86' lang='lat' dir='ltr'><strong>sententiani:</strong></span> <span class='ocrx_word' id='word_1_712' title='bbox 1436 4734 1651 4800; x_wconf 82' lang='lat' dir='ltr'><strong>convertimini</strong></span> <span class='ocrx_word' id='word_1_713' title='bbox 1671 4733 1715 4798; x_wconf 91' lang='lat' dir='ltr'><strong>ad</strong></span> <span class='ocrx_word' id='word_1_714' title='bbox 1736 4751 1792 4811; x_wconf 85' lang='lat' dir='ltr'><strong>nie,</strong></span> <span class='ocrx_word' id='word_1_715' title='bbox 1815 4736 1842 4796; x_wconf 87' lang='lat' dir='ltr'><strong>et</strong></span> <span class='ocrx_word' id='word_1_716' title='bbox 1862 4734 2021 4795; x_wconf 81' lang='lat' dir='ltr'><strong>mnicdar</strong></span> <span class='ocrx_word' id='word_1_717' title='bbox 2043 4729 2086 4794; x_wconf 84' lang='lat' dir='ltr'><strong>ad</strong></span> 
     </span>
     <span class='ocr_line' id='line_1_50' title="bbox 78 4815 2086 4917; baseline -0.001 -37"><span class='ocrx_word' id='word_1_718' title='bbox 78 4817 161 4900; x_wconf 84' lang='lat' dir='ltr'><strong>quod</strong></span> <span class='ocrx_word' id='word_1_719' title='bbox 181 4819 255 4883; x_wconf 83' lang='lat' dir='ltr'><strong>uelit</strong></span> <span class='ocrx_word' id='word_1_720' title='bbox 275 4820 379 4886; x_wconf 87' lang='lat' dir='ltr'><strong>salvos</strong></span> <span class='ocrx_word' id='word_1_721' title='bbox 397 4821 483 4902; x_wconf 74' lang='lat' dir='ltr'><strong>per-t,</strong></span> <span class='ocrx_word' id='word_1_722' title='bbox 506 4827 534 4887; x_wconf 89' lang='lat' dir='ltr'><strong>ct</strong></span> <span class='ocrx_word' id='word_1_723' title='bbox 555 4822 598 4886; x_wconf 90' lang='lat' dir='ltr'><strong>ad</strong></span> <span class='ocrx_word' id='word_1_724' title='bbox 620 4821 810 4905; x_wconf 72' lang='lat' dir='ltr'><strong>aquationem</strong></span> <span class='ocrx_word' id='word_1_725' title='bbox 827 4819 969 4883; x_wconf 83' lang='lat' dir='ltr'><strong>veritatis</strong></span> <span class='ocrx_word' id='word_1_726' title='bbox 983 4841 1057 4901; x_wconf 90' lang='lat' dir='ltr'><strong>per·</strong></span> <span class='ocrx_word' id='word_1_727' title='bbox 1107 4843 1161 4888; x_wconf 85' lang='lat' dir='ltr'><strong>aas</strong></span> <span class='ocrx_word' id='word_1_728' title='bbox 1189 4819 1303 4908; x_wconf 76' lang='lat' dir='ltr'><strong>(sach.</strong></span> <span class='ocrx_word' id='word_1_729' title='bbox 1331 4828 1357 4899; x_wconf 89' lang='lat' dir='ltr'><strong>l,</strong></span> <span class='ocrx_word' id='word_1_730' title='bbox 1381 4821 1425 4905; x_wconf 75' lang='lat'><strong>3);</strong></span> <span class='ocrx_word' id='word_1_731' title='bbox 1471 4819 1636 4917; x_wconf 43' lang='lat' dir='ltr'><strong>semim.</strong></span> <span class='ocrx_word' id='word_1_732' title='bbox 1656 4819 1808 4916; x_wconf 79' lang='lat' dir='ltr'><strong>neuiinem</strong></span> <span class='ocrx_word' id='word_1_733' title='bbox 1834 4815 2014 4914; x_wconf 78' lang='lat' dir='ltr'><strong>mortalium</strong></span> <span class='ocrx_word' id='word_1_734' title='bbox 2042 4815 2086 4913; x_wconf 79' lang='lat' dir='ltr'><strong>ad</strong></span> 
     </span>
     <span class='ocr_line' id='line_1_51' title="bbox 1108 4900 2086 4987; baseline -0.005 -15"><span class='ocrx_word' id='word_1_735' title='bbox 1108 4907 1214 4974; x_wconf 88' lang='lat' dir='ltr'><strong>Deum</strong></span> <span class='ocrx_word' id='word_1_736' title='bbox 1234 4907 1383 4986; x_wconf 81' lang='lat' dir='ltr'><strong>accedere,</strong></span> <span class='ocrx_word' id='word_1_737' title='bbox 1405 4907 1471 4970; x_wconf 89' lang='lat' dir='ltr'><strong>nisi</strong></span> <span class='ocrx_word' id='word_1_738' title='bbox 1492 4925 1549 4987; x_wconf 88' lang='lat' dir='ltr'><strong>qui</strong></span> <span class='ocrx_word' id='word_1_739' title='bbox 1570 4904 1726 4969; x_wconf 86' lang='lat' dir='ltr'><strong>divinitus</strong></span> <span class='ocrx_word' id='word_1_740' title='bbox 1737 4906 1950 4985; x_wconf 78' lang='lat' dir='ltr'><strong>praevenitur.</strong></span> <span class='ocrx_word' id='word_1_741' title='bbox 1985 4900 2043 4980; x_wconf 83' lang='lat' dir='ltr'><strong>Ac,</strong></span> <span class='ocrx_word' id='word_1_742' title='bbox 2055 4921 2086 4967; x_wconf 87' lang='lat' dir='ltr'><strong>si</strong></span> 
     </span>
     <span class='ocr_line' id='line_1_52' title="bbox 1107 4986 2087 5072; baseline -0.006 -13"><span class='ocrx_word' id='word_1_743' title='bbox 1107 4995 1144 5059; x_wconf 91' lang='lat' dir='ltr'><strong>in</strong></span> <span class='ocrx_word' id='word_1_744' title='bbox 1163 4993 1298 5060; x_wconf 75' lang='lat' dir='ltr'><strong>luminis</strong></span> <span class='ocrx_word' id='word_1_745' title='bbox 1318 4993 1450 5059; x_wconf 87' lang='lat' dir='ltr'><strong>arbitrie</strong></span> <span class='ocrx_word' id='word_1_746' title='bbox 1469 4995 1548 5056; x_wconf 86' lang='lat' dir='ltr'><strong>esset</strong></span> <span class='ocrx_word' id='word_1_747' title='bbox 1561 4990 1762 5072; x_wconf 75' lang='lat' dir='ltr'><strong>poenitentia,</strong></span> <span class='ocrx_word' id='word_1_748' title='bbox 1784 5009 1847 5054; x_wconf 88' lang='lat' dir='ltr'><strong>non</strong></span> <span class='ocrx_word' id='word_1_749' title='bbox 1867 4987 1981 5052; x_wconf 86' lang='lat' dir='ltr'><strong>diceret</strong></span> <span class='ocrx_word' id='word_1_750' title='bbox 2000 4986 2087 5053; x_wconf 85' lang='lat' dir='ltr'><strong>Pau·</strong></span> 
     </span>
    </p>
   </div>
   <div class='ocr_carea' id='block_1_3' title="bbox 75 5057 2087 5269">
    <p class='ocr_par' dir='ltr' id='par_1_5' title="bbox 75 5057 2087 5269">
     <span class='ocr_line' id='line_1_53' title="bbox 75 5057 2085 5197; baseline -0.014 -31"><span class='ocrx_word' id='word_1_751' title='bbox 75 5058 805 5197; x_wconf 48' lang='lat' dir='ltr'><strong>pmdlassfflffimmmfflrm</strong></span> <span class='ocrx_word' id='word_1_752' title='bbox 818 5057 1059 5194; x_wconf 49' lang='lat' dir='ltr'><strong>tgss‘ffgm</strong></span> <span class='ocrx_word' id='word_1_753' title='bbox 1109 5080 1160 5146; x_wconf 77' lang='lat' dir='ltr'><strong>zai</strong></span> <span class='ocrx_word' id='word_1_754' title='bbox 1191 5076 1487 5179; x_wconf 67' lang='lat' dir='ltr'><strong>(².&#39;l³!1¹·2›2⁵l·’</strong></span> <span class='ocrx_word' id='word_1_755' title='bbox 1520 5076 1653 5174; x_wconf 68' lang='lat' dir='ltr'><strong>sisne</strong></span> <span class='ocrx_word' id='word_1_756' title='bbox 1679 5076 1742 5175; x_wconf 30' lang='lat' dir='ltr'><strong>aa·</strong></span> <span class='ocrx_word' id='word_1_757' title='bbox 1760 5075 1829 5174; x_wconf 69' lang='lat' dir='ltr'><strong>aaa</strong></span> <span class='ocrx_word' id='word_1_758' title='bbox 1853 5075 2085 5156; x_wconf 69' lang='lat' dir='ltr'><strong>pausaniam.</strong></span> 
     </span>
     <span class='ocr_line' id='line_1_54' title="bbox 76 5161 2087 5269; baseline -0.014 -17"><span class='ocrx_word' id='word_1_759' title='bbox 76 5198 206 5265; x_wconf 71' lang='lat' dir='ltr'><strong>principe</strong></span> <span class='ocrx_word' id='word_1_760' title='bbox 224 5194 293 5268; x_wconf 74' lang='lat'>1559</span> <span class='ocrx_word' id='word_1_761' title='bbox 310 5197 377 5252; x_wconf 72' lang='lat' dir='ltr'><strong>acic</strong></span> <span class='ocrx_word' id='word_1_762' title='bbox 398 5198 481 5253; x_wconf 77' lang='lat' dir='ltr'><strong>enan</strong></span> <span class='ocrx_word' id='word_1_763' title='bbox 504 5198 543 5253; x_wconf 76' lang='lat' dir='ltr'><strong>aa</strong></span> <span class='ocrx_word' id='word_1_764' title='bbox 582 5240 588 5254; x_wconf 92' lang='lat'><em>.</em></span> <span class='ocrx_word' id='word_1_765' title='bbox 607 5197 641 5254; x_wconf 75' lang='lat'><strong>15</strong></span> <span class='ocrx_word' id='word_1_766' title='bbox 658 5172 804 5269; x_wconf 66' lang='lat' dir='ltr'><strong>imina.</strong></span> <span class='ocrx_word' id='word_1_767' title='bbox 842 5197 898 5253; x_wconf 75' lang='lat' dir='ltr'><strong>Sic</strong></span> <span class='ocrx_word' id='word_1_768' title='bbox 913 5201 972 5253; x_wconf 80' lang='lat' dir='ltr'><strong>min</strong></span> <span class='ocrx_word' id='word_1_769' title='bbox 990 5195 1057 5252; x_wconf 79' lang='lat'>1561</span> <span class='ocrx_word' id='word_1_770' title='bbox 1110 5165 1180 5232; x_wconf 86' lang='lat' dir='ltr'><strong>Ima</strong></span> <span class='ocrx_word' id='word_1_771' title='bbox 1201 5186 1267 5231; x_wconf 80' lang='lat' dir='ltr'><strong>nin</strong></span> <span class='ocrx_word' id='word_1_772' title='bbox 1288 5166 1371 5230; x_wconf 85' lang='lat' dir='ltr'><strong>idem</strong></span> <span class='ocrx_word' id='word_1_773' title='bbox 1391 5161 1484 5229; x_wconf 82' lang='lat' dir='ltr'><strong>Deus</strong></span> <span class='ocrx_word' id='word_1_774' title='bbox 1510 5183 1566 5243; x_wconf 85' lang='lat' dir='ltr'><strong>qui</strong></span> <span class='ocrx_word' id='word_1_775' title='bbox 1588 5162 1631 5227; x_wconf 90' lang='lat' dir='ltr'><strong>ad</strong></span> <span class='ocrx_word' id='word_1_776' title='bbox 1647 5166 1871 5243; x_wconf 80' lang='lat' dir='ltr'><strong>poenitentiam</strong></span> <span class='ocrx_word' id='word_1_777' title='bbox 1891 5179 1997 5225; x_wconf 89' lang='lat' dir='ltr'><strong>omnes</strong></span> <span class='ocrx_word' id='word_1_778' title='bbox 2018 5179 2087 5225; x_wconf 87' lang='lat' dir='ltr'><strong>cece</strong></span> 
     </span>
    </p>
   </div>
   <div class='ocr_carea' id='block_1_4' title="bbox 78 5246 2088 5402">
    <p class='ocr_par' dir='ltr' id='par_1_6' title="bbox 78 5246 2088 5402">
     <span class='ocr_line' id='line_1_55' title="bbox 78 5246 2088 5402; baseline -0.005 -82"><span class='ocrx_word' id='word_1_779' title='bbox 78 5266 189 5321; x_wconf 73' lang='lat' dir='ltr'><strong>nummi</strong></span> <span class='ocrx_word' id='word_1_780' title='bbox 204 5267 305 5322; x_wconf 87' lang='lat' dir='ltr'><strong>mutati</strong></span> <span class='ocrx_word' id='word_1_781' title='bbox 320 5272 463 5335; x_wconf 85' lang='lat' dir='ltr'><strong>apparent.</strong></span> <span class='ocrx_word' id='word_1_782' title='bbox 1109 5252 1266 5332; x_wconf 68' lang='lat' dir='ltr'><strong>dommim,</strong></span> <span class='ocrx_word' id='word_1_783' title='bbox 1292 5270 1408 5316; x_wconf 75' lang='lat' dir='ltr'><strong>arcario</strong></span> <span class='ocrx_word' id='word_1_784' title='bbox 1434 5249 1570 5331; x_wconf 67' lang='lat' dir='ltr'><strong>spicum</strong></span> <span class='ocrx_word' id='word_1_785' title='bbox 1589 5254 1674 5315; x_wconf 81' lang='lat' dir='ltr'><strong>inm</strong></span> <span class='ocrx_word' id='word_1_786' title='bbox 1695 5249 1800 5316; x_wconf 78' lang='lat' dir='ltr'><strong>elices</strong></span> <span class='ocrx_word' id='word_1_787' title='bbox 1821 5246 1997 5402; x_wconf 51' lang='lat' dir='ltr'><em>ffluoem’</em></span> <span class='ocrx_word' id='word_1_788' title='bbox 2026 5266 2088 5311; x_wconf 82' lang='lat' dir='ltr'><strong>iton</strong></span> 
     </span>
    </p>
   </div>
   <div class='ocr_carea' id='block_1_5' title="bbox 112 4977 286 4985">
    <p class='ocr_par' dir='ltr' id='par_1_7' title="bbox 112 4977 286 4985">
     <span class='ocr_line' id='line_1_56' title="bbox 112 4977 286 4985; baseline 0.011 -2"><span class='ocrx_word' id='word_1_789' title='bbox 112 4977 136 4983; x_wconf 65' lang='grc'><strong>,.,.</strong></span> <span class='ocrx_word' id='word_1_790' title='bbox 145 4977 286 4985; x_wconf 78' lang='lat'><em>.——-.</em></span> 
     </span>
    </p>
   </div>
   <div class='ocr_carea' id='block_1_6' title="bbox 0 0 2340 5842">
    <p class='ocr_par' dir='ltr' id='par_1_8' title="bbox 0 0 2340 5842">
     <span class='ocr_line' id='line_1_57' title="bbox 0 0 2340 5842; baseline 0 3"><span class='ocrx_word' id='word_1_791' title='bbox 0 0 2340 5842; x_wconf 95' lang='lat' dir='ltr'><strong> </strong></span> 
     </span>
    </p>
   </div>
  </div>
 </body>
</html>
