<?xml version="1.0" encoding="UTF-8"?>
<!DOCTYPE html PUBLIC "-//W3C//DTD XHTML 1.0 Transitional//EN"
    "http://www.w3.org/TR/xhtml1/DTD/xhtml1-transitional.dtd">
<html xmlns="http://www.w3.org/1999/xhtml" xml:lang="en" lang="en">
 <head>
  <title>
</title>
<meta http-equiv="Content-Type" content="text/html;charset=utf-8" />
  <meta name='ocr-system' content='tesseract 3.04.00' />
  <meta name='ocr-capabilities' content='ocr_page ocr_carea ocr_par ocr_line ocrx_word'/>
</head>
<body>
  <div class='ocr_page' id='page_1' title='image "./ioanniscalvinii00cunigoog/ioanniscalvinii00cunigoog_0389.png"; bbox 0 0 4672 5842; ppageno 0'>
   <div class='ocr_carea' id='block_1_1' title="bbox 236 306 2245 377">
    <p class='ocr_par' dir='ltr' id='par_1_1' title="bbox 236 306 2245 377">
     <span class='ocr_line' id='line_1_1' title="bbox 236 306 2245 377; baseline -0.003 -3"><span class='ocrx_word' id='word_1_1' title='bbox 236 312 300 374; x_wconf 73' lang='grc'><strong>’165</strong></span> <span class='ocrx_word' id='word_1_2' title='bbox 885 307 1154 376; x_wconf 75' lang='lat' dir='ltr'><strong>utsulwulo</strong></span> <span class='ocrx_word' id='word_1_3' title='bbox 1175 309 1280 376; x_wconf 77' lang='lat' dir='ltr'><strong>Rau.</strong></span> <span class='ocrx_word' id='word_1_4' title='bbox 1304 307 1484 376; x_wconf 69' lang='lat' dir='ltr'><strong>euulsa</strong></span> <span class='ocrx_word' id='word_1_5' title='bbox 1512 313 1602 373; x_wconf 75' lang='lat'><strong>1559.</strong></span> <span class='ocrx_word' id='word_1_6' title='bbox 2181 306 2245 377; x_wconf 77' lang='grc'><strong>’156</strong></span> 
     </span>
    </p>
   </div>
   <div class='ocr_carea' id='block_1_2' title="bbox 234 492 2249 931">
    <p class='ocr_par' dir='ltr' id='par_1_2' title="bbox 234 492 2249 931">
     <span class='ocr_line' id='line_1_2' title="bbox 236 492 2247 584; baseline -0.003 -21"><span class='ocrx_word' id='word_1_7' title='bbox 236 501 425 563; x_wconf 57' lang='lat' dir='ltr'><strong>mum</strong></span> <span class='ocrx_word' id='word_1_8' title='bbox 452 496 607 573; x_wconf 66' lang='lat' dir='ltr'><strong>certatis,</strong></span> <span class='ocrx_word' id='word_1_9' title='bbox 640 503 668 562; x_wconf 81' lang='lat' dir='ltr'><strong>e</strong></span> <span class='ocrx_word' id='word_1_10' title='bbox 694 499 805 564; x_wconf 80' lang='lat' dir='ltr'><strong>domus</strong></span> <span class='ocrx_word' id='word_1_11' title='bbox 832 498 896 562; x_wconf 83' lang='lat' dir='ltr'><strong>Dei</strong></span> <span class='ocrx_word' id='word_1_12' title='bbox 929 501 960 584; x_wconf 93' lang='lat' dir='ltr'><strong>(l</strong></span> <span class='ocrx_word' id='word_1_13' title='bbox 983 500 1065 563; x_wconf 80' lang='lat' dir='ltr'><strong>Tim.</strong></span> <span class='ocrx_word' id='word_1_14' title='bbox 1086 502 1121 576; x_wconf 88' lang='lat'><strong>3,</strong></span> <span class='ocrx_word' id='word_1_15' title='bbox 1151 500 1214 582; x_wconf 84' lang='lat'>15).</span> <span class='ocrx_word' id='word_1_16' title='bbox 1239 520 1242 581; x_wconf 73' lang='grc'><strong>1</strong></span> <span class='ocrx_word' id='word_1_17' title='bbox 1266 505 1422 580; x_wconf 89' lang='lat' dir='ltr'><strong>oporteat,</strong></span> <span class='ocrx_word' id='word_1_18' title='bbox 1445 519 1504 563; x_wconf 92' lang='lat' dir='ltr'><strong>ceu</strong></span> <span class='ocrx_word' id='word_1_19' title='bbox 1521 498 1653 581; x_wconf 88' lang='lat' dir='ltr'><strong>propria</strong></span> <span class='ocrx_word' id='word_1_20' title='bbox 1670 496 1837 580; x_wconf 89' lang='lat' dir='ltr'><strong>religionis</strong></span> <span class='ocrx_word' id='word_1_21' title='bbox 1854 496 1981 577; x_wconf 85' lang='lat' dir='ltr'><strong>placita</strong></span> <span class='ocrx_word' id='word_1_22' title='bbox 2019 492 2141 573; x_wconf 79' lang='lat' dir='ltr'><strong>Qualia</strong></span> <span class='ocrx_word' id='word_1_23' title='bbox 2158 502 2247 569; x_wconf 89' lang='lat' dir='ltr'><strong>sunt,</strong></span> 
     </span>
     <span class='ocr_line' id='line_1_3' title="bbox 238 579 2249 664; baseline -0.001 -20"><span class='ocrx_word' id='word_1_24' title='bbox 238 584 358 664; x_wconf 68' lang='lat' dir='ltr'><strong>Quietis</strong></span> <span class='ocrx_word' id='word_1_25' title='bbox 378 580 480 645; x_wconf 79' lang='lat' dir='ltr'><strong>cerdis</strong></span> <span class='ocrx_word' id='word_1_26' title='bbox 500 582 656 664; x_wconf 72' lang='lat' dir='ltr'><strong>sipnificcl</strong></span> <span class='ocrx_word' id='word_1_27' title='bbox 681 584 819 662; x_wconf 82' lang='lat' dir='ltr'><strong>Paulus,</strong></span> <span class='ocrx_word' id='word_1_28' title='bbox 848 606 887 649; x_wconf 82' lang='lat' dir='ltr'><strong>ae</strong></span> <span class='ocrx_word' id='word_1_29' title='bbox 914 585 1079 650; x_wconf 79' lang='lat' dir='ltr'><strong>intercidat</strong></span> <span class='ocrx_word' id='word_1_30' title='bbox 1099 587 1216 649; x_wconf 72' lang='lat' dir='ltr'><strong>ceritas</strong></span> <span class='ocrx_word' id='word_1_31' title='bbox 1239 604 1242 659; x_wconf 84' lang='grc' dir='ltr'><strong>ι</strong></span> <span class='ocrx_word' id='word_1_32' title='bbox 1267 604 1369 648; x_wconf 93' lang='lat' dir='ltr'><strong>unum</strong></span> <span class='ocrx_word' id='word_1_33' title='bbox 1402 605 1473 648; x_wconf 89' lang='lat' dir='ltr'><strong>esse</strong></span> <span class='ocrx_word' id='word_1_34' title='bbox 1500 583 1625 662; x_wconf 90' lang='lat' dir='ltr'><strong>Denm;</strong></span> <span class='ocrx_word' id='word_1_35' title='bbox 1659 582 1831 647; x_wconf 78' lang='lat' dir='ltr'>Christum</span> <span class='ocrx_word' id='word_1_36' title='bbox 1863 581 1961 644; x_wconf 89' lang='lat' dir='ltr'><strong>deum</strong></span> <span class='ocrx_word' id='word_1_37' title='bbox 1994 600 2081 654; x_wconf 89' lang='lat' dir='ltr'><strong>esse,</strong></span> <span class='ocrx_word' id='word_1_38' title='bbox 2116 598 2153 644; x_wconf 87' lang='lat' dir='ltr'><strong>ac</strong></span> <span class='ocrx_word' id='word_1_39' title='bbox 2182 579 2249 643; x_wconf 89' lang='lat' dir='ltr'><strong>Dei</strong></span> 
     </span>
     <span class='ocr_line' id='line_1_4' title="bbox 234 664 2248 771; baseline -0.001 -39"><span class='ocrx_word' id='word_1_40' title='bbox 234 665 298 732; x_wconf 80' lang='lat' dir='ltr'><strong>Dei</strong></span> <span class='ocrx_word' id='word_1_41' title='bbox 326 668 361 729; x_wconf 87' lang='lat' dir='ltr'><strong>m</strong></span> <span class='ocrx_word' id='word_1_42' title='bbox 390 666 522 745; x_wconf 69' lang='lat' dir='ltr'><strong>mauide,</strong></span> <span class='ocrx_word' id='word_1_43' title='bbox 551 668 708 733; x_wconf 74' lang='lat' dir='ltr'><strong>malasiam</strong></span> <span class='ocrx_word' id='word_1_44' title='bbox 735 690 799 735; x_wconf 82' lang='lat' dir='ltr'><strong>esse</strong></span> <span class='ocrx_word' id='word_1_45' title='bbox 824 670 922 749; x_wconf 73' lang='lat' dir='ltr'><strong>fidam</strong></span> <span class='ocrx_word' id='word_1_46' title='bbox 951 673 1018 735; x_wconf 81' lang='lat' dir='ltr'><strong>eius</strong></span> <span class='ocrx_word' id='word_1_47' title='bbox 1044 673 1216 750; x_wconf 66' lang='lat' dir='ltr'><strong>eododem</strong></span> <span class='ocrx_word' id='word_1_48' title='bbox 1239 664 1242 771; x_wconf 53' lang='lat' dir='ltr'>j</span> <span class='ocrx_word' id='word_1_49' title='bbox 1266 669 1384 747; x_wconf 80' lang='lat' dir='ltr'><strong>lilium3</strong></span> <span class='ocrx_word' id='word_1_50' title='bbox 1407 670 1442 733; x_wconf 94' lang='lat' dir='ltr'><strong>in</strong></span> <span class='ocrx_word' id='word_1_51' title='bbox 1460 669 1523 733; x_wconf 92' lang='lat' dir='ltr'><strong>Dei</strong></span> <span class='ocrx_word' id='word_1_52' title='bbox 1545 668 1769 734; x_wconf 79' lang='lat' dir='ltr'>misericordia</span> <span class='ocrx_word' id='word_1_53' title='bbox 1789 668 1929 732; x_wconf 87' lang='lat' dir='ltr'><strong>salutem</strong></span> <span class='ocrx_word' id='word_1_54' title='bbox 1949 665 2041 730; x_wconf 88' lang='lat' dir='ltr'><strong>nobis</strong></span> <span class='ocrx_word' id='word_1_55' title='bbox 2058 665 2248 741; x_wconf 86' lang='lat' dir='ltr'><strong>consistere,</strong></span> 
     </span>
     <span class='ocr_line' id='line_1_5' title="bbox 234 752 2249 931; baseline -0.001 -114"><span class='ocrx_word' id='word_1_56' title='bbox 234 754 311 835; x_wconf 76' lang='lat' dir='ltr'><strong>quio</strong></span> <span class='ocrx_word' id='word_1_57' title='bbox 332 754 400 816; x_wconf 78' lang='lat' dir='ltr'><strong>eim</strong></span> <span class='ocrx_word' id='word_1_58' title='bbox 417 754 592 818; x_wconf 79' lang='lat' dir='ltr'><strong>ministerio</strong></span> <span class='ocrx_word' id='word_1_59' title='bbox 609 760 635 818; x_wconf 86' lang='lat' dir='ltr'><strong>et</strong></span> <span class='ocrx_word' id='word_1_60' title='bbox 657 777 752 834; x_wconf 84' lang='lat' dir='ltr'><strong>opera</strong></span> <span class='ocrx_word' id='word_1_61' title='bbox 773 756 872 820; x_wconf 82' lang='lat' dir='ltr'><strong>voluit</strong></span> <span class='ocrx_word' id='word_1_62' title='bbox 889 755 979 820; x_wconf 82' lang='lat' dir='ltr'><strong>Deus</strong></span> <span class='ocrx_word' id='word_1_63' title='bbox 995 777 1115 836; x_wconf 80' lang='lat' dir='ltr'><strong>puram</strong></span> <span class='ocrx_word' id='word_1_64' title='bbox 1131 757 1216 821; x_wconf 83' lang='lat' dir='ltr'><strong>verbi</strong></span> <span class='ocrx_word' id='word_1_65' title='bbox 1239 776 1242 931; x_wconf 56' lang='lat'><strong>⁴</strong></span> <span class='ocrx_word' id='word_1_66' title='bbox 1266 763 1300 820; x_wconf 88' lang='lat' dir='ltr'><strong>et</strong></span> <span class='ocrx_word' id='word_1_67' title='bbox 1327 755 1453 820; x_wconf 84' lang='lat' dir='ltr'><strong>similia</strong></span> <span class='ocrx_word' id='word_1_68' title='bbox 1499 755 1587 820; x_wconf 80' lang='lat' dir='ltr'><strong>Sunt</strong></span> <span class='ocrx_word' id='word_1_69' title='bbox 1608 756 1686 831; x_wconf 90' lang='lat' dir='ltr'><strong>alia,</strong></span> <span class='ocrx_word' id='word_1_70' title='bbox 1714 775 1797 836; x_wconf 91' lang='lat' dir='ltr'><strong>quae</strong></span> <span class='ocrx_word' id='word_1_71' title='bbox 1824 755 1911 817; x_wconf 89' lang='lat' dir='ltr'><strong>inter</strong></span> <span class='ocrx_word' id='word_1_72' title='bbox 1938 752 2089 817; x_wconf 88' lang='lat' dir='ltr'><strong>eeclesias</strong></span> <span class='ocrx_word' id='word_1_73' title='bbox 2117 758 2249 816; x_wconf 89' lang='lat' dir='ltr'><strong>contro-</strong></span> 
     </span>
    </p>
   </div>
   <div class='ocr_carea' id='block_1_3' title="bbox 111 836 2252 5132">
    <p class='ocr_par' dir='ltr' id='par_1_3' title="bbox 111 836 2252 5132">
     <span class='ocr_line' id='line_1_6' title="bbox 235 836 2250 920; baseline -0.002 -16"><span class='ocrx_word' id='word_1_74' title='bbox 235 858 288 904; x_wconf 61' lang='grc' dir='ltr'>ενι</span> <span class='ocrx_word' id='word_1_75' title='bbox 310 839 578 919; x_wconf 82' lang='lat' dir='ltr'><strong>praedicationem</strong></span> <span class='ocrx_word' id='word_1_76' title='bbox 606 843 798 919; x_wconf 83' lang='lat' dir='ltr'><strong>conseruari,</strong></span> <span class='ocrx_word' id='word_1_77' title='bbox 831 848 859 904; x_wconf 82' lang='lat' dir='ltr'><strong>et</strong></span> <span class='ocrx_word' id='word_1_78' title='bbox 886 863 920 906; x_wconf 84' lang='lat' dir='ltr'><strong>se</strong></span> <span class='ocrx_word' id='word_1_79' title='bbox 946 842 1034 907; x_wconf 76' lang='lat' dir='ltr'><strong>modis</strong></span> <span class='ocrx_word' id='word_1_80' title='bbox 1061 843 1215 907; x_wconf 72' lang='lat' dir='ltr'><em>ostendere</em></span> <span class='ocrx_word' id='word_1_81' title='bbox 1267 864 1376 920; x_wconf 87' lang='lat' dir='ltr'><strong>versa,</strong></span> <span class='ocrx_word' id='word_1_82' title='bbox 1411 841 1487 905; x_wconf 88' lang='lat' dir='ltr'><strong>fidei</strong></span> <span class='ocrx_word' id='word_1_83' title='bbox 1515 848 1626 906; x_wconf 88' lang='lat' dir='ltr'><strong>tamen</strong></span> <span class='ocrx_word' id='word_1_84' title='bbox 1653 842 1814 905; x_wconf 88' lang='lat' dir='ltr'><strong>unitatem</strong></span> <span class='ocrx_word' id='word_1_85' title='bbox 1841 861 1906 903; x_wconf 92' lang='lat' dir='ltr'><strong>non</strong></span> <span class='ocrx_word' id='word_1_86' title='bbox 1937 838 2101 901; x_wconf 79' lang='lat' dir='ltr'><strong>dirimant.</strong></span> <span class='ocrx_word' id='word_1_87' title='bbox 2152 836 2250 917; x_wconf 82' lang='lat' dir='ltr'><strong>Quae</strong></span> 
     </span>
     <span class='ocr_line' id='line_1_7' title="bbox 229 923 2250 1009; baseline -0 -21"><span class='ocrx_word' id='word_1_88' title='bbox 229 924 520 1007; x_wconf 79' lang='lat' dir='ltr'><strong>patremfamilias,</strong></span> <span class='ocrx_word' id='word_1_89' title='bbox 537 926 612 989; x_wconf 84' lang='lat' dir='ltr'><strong>dum</strong></span> <span class='ocrx_word' id='word_1_90' title='bbox 630 927 916 1008; x_wconf 74' lang='lat' dir='ltr'><strong>nesapirdualibas</strong></span> <span class='ocrx_word' id='word_1_91' title='bbox 932 929 1091 993; x_wconf 75' lang='lat' dir='ltr'><strong><em>alimentis</em></strong></span> <span class='ocrx_word' id='word_1_92' title='bbox 1101 930 1214 1009; x_wconf 79' lang='lat' dir='ltr'><strong>poscit,</strong></span> <span class='ocrx_word' id='word_1_93' title='bbox 1240 938 1242 999; x_wconf 80' lang='lat' dir='ltr'><strong>l</strong></span> <span class='ocrx_word' id='word_1_94' title='bbox 1267 929 1354 992; x_wconf 90' lang='lat' dir='ltr'><strong>enim</strong></span> <span class='ocrx_word' id='word_1_95' title='bbox 1385 926 1426 991; x_wconf 94' lang='lat' dir='ltr'><strong>ob</strong></span> <span class='ocrx_word' id='word_1_96' title='bbox 1456 928 1516 992; x_wconf 89' lang='lat' dir='ltr'><strong>hoe</strong></span> <span class='ocrx_word' id='word_1_97' title='bbox 1546 949 1648 991; x_wconf 91' lang='lat' dir='ltr'><strong>unum</strong></span> <span class='ocrx_word' id='word_1_98' title='bbox 1677 927 1831 990; x_wconf 88' lang='lat' dir='ltr'><strong>ecclesiae</strong></span> <span class='ocrx_word' id='word_1_99' title='bbox 1857 923 2052 997; x_wconf 80' lang='lat' dir='ltr'><strong>dissideant,</strong></span> <span class='ocrx_word' id='word_1_100' title='bbox 2086 924 2114 988; x_wconf 91' lang='lat' dir='ltr'><strong>si</strong></span> <span class='ocrx_word' id='word_1_101' title='bbox 2143 923 2250 987; x_wconf 87' lang='lat' dir='ltr'><strong>altera</strong></span> 
     </span>
     <span class='ocr_line' id='line_1_8' title="bbox 235 1011 2249 1095; baseline -0 -21"><span class='ocrx_word' id='word_1_102' title='bbox 235 1012 667 1091; x_wconf 72' lang='lat' dir='ltr'><strong>etqooeemtqaeodsolatem</strong></span> <span class='ocrx_word' id='word_1_103' title='bbox 678 1019 818 1076; x_wconf 79' lang='lat' dir='ltr'><strong>nostram</strong></span> <span class='ocrx_word' id='word_1_104' title='bbox 833 1015 1120 1095; x_wconf 73' lang='lat' dir='ltr'><strong>fcmualprommt.</strong></span> <span class='ocrx_word' id='word_1_105' title='bbox 1144 1014 1216 1077; x_wconf 86' lang='lat' dir='ltr'><strong>Non</strong></span> <span class='ocrx_word' id='word_1_106' title='bbox 1267 1013 1350 1079; x_wconf 85' lang='lat' dir='ltr'><strong>citra</strong></span> <span class='ocrx_word' id='word_1_107' title='bbox 1372 1015 1589 1078; x_wconf 89' lang='lat' dir='ltr'><strong>contentionis</strong></span> <span class='ocrx_word' id='word_1_108' title='bbox 1610 1011 1793 1089; x_wconf 81' lang='lat' dir='ltr'><strong>libidinem,</strong></span> <span class='ocrx_word' id='word_1_109' title='bbox 1817 1013 1899 1076; x_wconf 90' lang='lat' dir='ltr'><strong>citra</strong></span> <span class='ocrx_word' id='word_1_110' title='bbox 1920 1011 2138 1092; x_wconf 73' lang='lat' dir='ltr'><strong>pervicaciam</strong></span> <span class='ocrx_word' id='word_1_111' title='bbox 2159 1030 2249 1073; x_wconf 88' lang='lat' dir='ltr'><strong>asse·</strong></span> 
     </span>
     <span class='ocr_line' id='line_1_9' title="bbox 235 1095 2250 1183; baseline -0.001 -23"><span class='ocrx_word' id='word_1_112' title='bbox 235 1096 378 1177; x_wconf 64' lang='lat' dir='ltr'><strong>malacria</strong></span> <span class='ocrx_word' id='word_1_113' title='bbox 400 1097 493 1160; x_wconf 84' lang='lat' dir='ltr'><strong>etiam</strong></span> <span class='ocrx_word' id='word_1_114' title='bbox 515 1098 600 1174; x_wconf 80' lang='lat' dir='ltr'><strong>laus,</strong></span> <span class='ocrx_word' id='word_1_115' title='bbox 628 1099 710 1178; x_wconf 82' lang='lat' dir='ltr'><strong>quod</strong></span> <span class='ocrx_word' id='word_1_116' title='bbox 737 1099 829 1163; x_wconf 83' lang='lat' dir='ltr'><strong>electo</strong></span> <span class='ocrx_word' id='word_1_117' title='bbox 855 1106 1072 1183; x_wconf 77' lang='lat' dir='ltr'><strong>suprepctaqae</strong></span> <span class='ocrx_word' id='word_1_118' title='bbox 1098 1101 1216 1164; x_wconf 82' lang='lat' dir='ltr'><strong>dicitur</strong></span> <span class='ocrx_word' id='word_1_119' title='bbox 1267 1099 1378 1171; x_wconf 90' lang='lat' dir='ltr'><strong>rendi,</strong></span> <span class='ocrx_word' id='word_1_120' title='bbox 1408 1101 1534 1163; x_wconf 88' lang='lat' dir='ltr'><strong>animas</strong></span> <span class='ocrx_word' id='word_1_121' title='bbox 1562 1122 1581 1163; x_wconf 88' lang='lat' dir='ltr'><strong>a</strong></span> <span class='ocrx_word' id='word_1_122' title='bbox 1608 1098 1795 1180; x_wconf 86' lang='lat' dir='ltr'><strong>corporibus</strong></span> <span class='ocrx_word' id='word_1_123' title='bbox 1816 1097 2036 1179; x_wconf 79' lang='lat' dir='ltr'><strong>demigrantes</strong></span> <span class='ocrx_word' id='word_1_124' title='bbox 2056 1097 2090 1159; x_wconf 91' lang='lat' dir='ltr'><strong>in</strong></span> <span class='ocrx_word' id='word_1_125' title='bbox 2119 1095 2250 1161; x_wconf 90' lang='lat' dir='ltr'><strong>coelum</strong></span> 
     </span>
     <span class='ocr_line' id='line_1_10' title="bbox 237 1181 2250 1268; baseline 0 -22"><span class='ocrx_word' id='word_1_126' title='bbox 237 1203 258 1246; x_wconf 87' lang='lat' dir='ltr'><strong>a</strong></span> <span class='ocrx_word' id='word_1_127' title='bbox 282 1181 405 1246; x_wconf 77' lang='lat' dir='ltr'><strong>Christo</strong></span> <span class='ocrx_word' id='word_1_128' title='bbox 428 1183 462 1245; x_wconf 82' lang='lat' dir='ltr'><strong>io</strong></span> <span class='ocrx_word' id='word_1_129' title='bbox 483 1203 638 1263; x_wconf 76' lang='lat' dir='ltr'><strong>sparsam,</strong></span> <span class='ocrx_word' id='word_1_130' title='bbox 660 1205 739 1263; x_wconf 82' lang='lat' dir='ltr'><strong>qaae</strong></span> <span class='ocrx_word' id='word_1_131' title='bbox 760 1191 837 1249; x_wconf 78' lang='lat' dir='ltr'><strong>esset</strong></span> <span class='ocrx_word' id='word_1_132' title='bbox 858 1188 925 1250; x_wconf 80' lang='lat' dir='ltr'><strong>sirie</strong></span> <span class='ocrx_word' id='word_1_133' title='bbox 941 1207 1022 1268; x_wconf 76' lang='lat' dir='ltr'><strong>rapa</strong></span> <span class='ocrx_word' id='word_1_134' title='bbox 1040 1192 1066 1250; x_wconf 86' lang='lat' dir='ltr'><strong>et</strong></span> <span class='ocrx_word' id='word_1_135' title='bbox 1084 1187 1215 1261; x_wconf 68' lang='lat' dir='ltr'><strong>macedo,</strong></span> <span class='ocrx_word' id='word_1_136' title='bbox 1240 1196 1243 1257; x_wconf 78' lang='lat' dir='ltr'><strong>l</strong></span> <span class='ocrx_word' id='word_1_137' title='bbox 1268 1185 1440 1250; x_wconf 89' lang='lat' dir='ltr'><strong>convolare</strong></span> <span class='ocrx_word' id='word_1_138' title='bbox 1460 1193 1567 1268; x_wconf 87' lang='lat' dir='ltr'><strong>putet;</strong></span> <span class='ocrx_word' id='word_1_139' title='bbox 1596 1185 1700 1249; x_wconf 88' lang='lat' dir='ltr'><strong>altera</strong></span> <span class='ocrx_word' id='word_1_140' title='bbox 1726 1184 1811 1247; x_wconf 90' lang='lat' dir='ltr'><strong>nihil</strong></span> <span class='ocrx_word' id='word_1_141' title='bbox 1834 1184 1920 1248; x_wconf 92' lang='lat' dir='ltr'><strong>ausit</strong></span> <span class='ocrx_word' id='word_1_142' title='bbox 1947 1182 2081 1246; x_wconf 89' lang='lat' dir='ltr'><strong>definire</strong></span> <span class='ocrx_word' id='word_1_143' title='bbox 2104 1182 2144 1245; x_wconf 92' lang='lat' dir='ltr'><strong>de</strong></span> <span class='ocrx_word' id='word_1_144' title='bbox 2168 1181 2250 1258; x_wconf 85' lang='lat' dir='ltr'><strong>loeo,</strong></span> 
     </span>
     <span class='ocr_line' id='line_1_11' title="bbox 238 1262 2251 1354; baseline -0 -22"><span class='ocrx_word' id='word_1_145' title='bbox 238 1286 352 1346; x_wconf 76' lang='lat' dir='ltr'><strong>corpas</strong></span> <span class='ocrx_word' id='word_1_146' title='bbox 373 1272 401 1331; x_wconf 81' lang='lat' dir='ltr'><strong>et</strong></span> <span class='ocrx_word' id='word_1_147' title='bbox 417 1268 582 1347; x_wconf 81' lang='lat' dir='ltr'><strong>plenitudo</strong></span> <span class='ocrx_word' id='word_1_148' title='bbox 599 1271 667 1332; x_wconf 80' lang='lat' dir='ltr'><strong>eius</strong></span> <span class='ocrx_word' id='word_1_149' title='bbox 684 1271 785 1352; x_wconf 86' lang='lat' dir='ltr'><strong>(Eph.</strong></span> <span class='ocrx_word' id='word_1_150' title='bbox 810 1276 835 1346; x_wconf 89' lang='lat' dir='ltr'><strong>l,</strong></span> <span class='ocrx_word' id='word_1_151' title='bbox 856 1275 896 1333; x_wconf 80' lang='lat'><strong>23</strong></span> <span class='ocrx_word' id='word_1_152' title='bbox 916 1282 949 1335; x_wconf 90' lang='lat' dir='ltr'><strong>et</strong></span> <span class='ocrx_word' id='word_1_153' title='bbox 968 1277 996 1347; x_wconf 81' lang='lat'><strong>5,</strong></span> <span class='ocrx_word' id='word_1_154' title='bbox 1017 1273 1082 1354; x_wconf 76' lang='lat'>27).</span> <span class='ocrx_word' id='word_1_155' title='bbox 1130 1272 1217 1337; x_wconf 63' lang='lat' dir='ltr'><strong>[fade</strong></span> <span class='ocrx_word' id='word_1_156' title='bbox 1240 1262 1243 1311; x_wconf 67' lang='grc' dir='ltr'>ἶ</span> <span class='ocrx_word' id='word_1_157' title='bbox 1268 1280 1433 1336; x_wconf 89' lang='lat' dir='ltr'><strong>caeterum</strong></span> <span class='ocrx_word' id='word_1_158' title='bbox 1451 1272 1563 1335; x_wconf 89' lang='lat' dir='ltr'><strong>vivere</strong></span> <span class='ocrx_word' id='word_1_159' title='bbox 1581 1280 1692 1334; x_wconf 89' lang='lat' dir='ltr'><strong>tamen</strong></span> <span class='ocrx_word' id='word_1_160' title='bbox 1702 1271 1846 1334; x_wconf 90' lang='lat' dir='ltr'><strong>Domino</strong></span> <span class='ocrx_word' id='word_1_161' title='bbox 1863 1277 1951 1333; x_wconf 87' lang='lat' dir='ltr'><strong>certo</strong></span> <span class='ocrx_word' id='word_1_162' title='bbox 1968 1268 2114 1332; x_wconf 88' lang='lat' dir='ltr'><strong>statuat?</strong></span> <span class='ocrx_word' id='word_1_163' title='bbox 2137 1267 2251 1331; x_wconf 83' lang='lat' dir='ltr'><strong>Verba</strong></span> 
     </span>
     <span class='ocr_line' id='line_1_12' title="bbox 239 1354 2249 1440; baseline 0.001 -25"><span class='ocrx_word' id='word_1_164' title='bbox 239 1354 395 1435; x_wconf 80' lang='lat' dir='ltr'><strong>ecquitm,</strong></span> <span class='ocrx_word' id='word_1_165' title='bbox 424 1354 637 1418; x_wconf 75' lang='lat' dir='ltr'><strong>discessionem</strong></span> <span class='ocrx_word' id='word_1_166' title='bbox 660 1355 699 1417; x_wconf 83' lang='lat' dir='ltr'><strong>ab</strong></span> <span class='ocrx_word' id='word_1_167' title='bbox 721 1357 861 1434; x_wconf 80' lang='lat' dir='ltr'><strong>ecelesia,</strong></span> <span class='ocrx_word' id='word_1_168' title='bbox 886 1356 949 1421; x_wconf 85' lang='lat' dir='ltr'><strong>Dei</strong></span> <span class='ocrx_word' id='word_1_169' title='bbox 971 1365 998 1421; x_wconf 86' lang='lat' dir='ltr'><strong>et</strong></span> <span class='ocrx_word' id='word_1_170' title='bbox 1021 1358 1139 1422; x_wconf 74' lang='lat' dir='ltr'><strong>Christi</strong></span> <span class='ocrx_word' id='word_1_171' title='bbox 1161 1357 1215 1422; x_wconf 84' lang='lat' dir='ltr'><strong>ab·</strong></span> <span class='ocrx_word' id='word_1_172' title='bbox 1268 1372 1346 1420; x_wconf 89' lang='lat' dir='ltr'><strong>sunt</strong></span> <span class='ocrx_word' id='word_1_173' title='bbox 1363 1357 1497 1440; x_wconf 89' lang='lat' dir='ltr'><strong>apostoli</strong></span> <span class='ocrx_word' id='word_1_174' title='bbox 1516 1357 1617 1438; x_wconf 89' lang='lat' dir='ltr'><strong>(Phil.</strong></span> <span class='ocrx_word' id='word_1_175' title='bbox 1632 1361 1660 1433; x_wconf 88' lang='lat'><strong>3,</strong></span> <span class='ocrx_word' id='word_1_176' title='bbox 1680 1357 1748 1437; x_wconf 78' lang='lat'>15):</span> <span class='ocrx_word' id='word_1_177' title='bbox 1767 1356 1952 1437; x_wconf 87' lang='lat' dir='ltr'><strong>quicunque</strong></span> <span class='ocrx_word' id='word_1_178' title='bbox 1971 1355 2103 1435; x_wconf 80' lang='lat' dir='ltr'><strong>perlecti</strong></span> <span class='ocrx_word' id='word_1_179' title='bbox 2122 1375 2249 1428; x_wconf 90' lang='lat' dir='ltr'><strong>sumus,</strong></span> 
     </span>
     <span class='ocr_line' id='line_1_13' title="bbox 239 1440 2252 1524; baseline -0 -21"><span class='ocrx_word' id='word_1_180' title='bbox 239 1440 430 1520; x_wconf 72' lang='lat' dir='ltr'><strong>cepaticum</strong></span> <span class='ocrx_word' id='word_1_181' title='bbox 452 1458 531 1504; x_wconf 81' lang='lat' dir='ltr'><strong>esse:</strong></span> <span class='ocrx_word' id='word_1_182' title='bbox 560 1461 618 1519; x_wconf 82' lang='lat' dir='ltr'><strong>quo</strong></span> <span class='ocrx_word' id='word_1_183' title='bbox 647 1444 750 1524; x_wconf 75' lang='lat' dir='ltr'><strong>inopis</strong></span> <span class='ocrx_word' id='word_1_184' title='bbox 777 1463 799 1505; x_wconf 85' lang='lat' dir='ltr'><strong>a</strong></span> <span class='ocrx_word' id='word_1_185' title='bbox 819 1449 883 1506; x_wconf 80' lang='lat' dir='ltr'><strong>tam</strong></span> <span class='ocrx_word' id='word_1_186' title='bbox 910 1444 1054 1508; x_wconf 70' lang='lat' dir='ltr'><strong>sedeate</strong></span> <span class='ocrx_word' id='word_1_187' title='bbox 1082 1445 1217 1508; x_wconf 81' lang='lat' dir='ltr'><strong>dissidio</strong></span> <span class='ocrx_word' id='word_1_188' title='bbox 1241 1446 1244 1519; x_wconf 75' lang='lat' dir='ltr'><strong>i</strong></span> <span class='ocrx_word' id='word_1_189' title='bbox 1270 1440 1356 1507; x_wconf 92' lang='lat' dir='ltr'><strong>idem</strong></span> <span class='ocrx_word' id='word_1_190' title='bbox 1384 1445 1575 1515; x_wconf 85' lang='lat' dir='ltr'><strong>sentiamus:</strong></span> <span class='ocrx_word' id='word_1_191' title='bbox 1604 1442 1731 1524; x_wconf 88' lang='lat' dir='ltr'><strong>siquid</strong></span> <span class='ocrx_word' id='word_1_192' title='bbox 1754 1442 1850 1505; x_wconf 89' lang='lat' dir='ltr'><strong>aliter</strong></span> <span class='ocrx_word' id='word_1_193' title='bbox 1876 1442 2003 1522; x_wconf 90' lang='lat' dir='ltr'><strong>sapitis,</strong></span> <span class='ocrx_word' id='word_1_194' title='bbox 2033 1440 2094 1504; x_wconf 91' lang='lat' dir='ltr'><strong>hoe</strong></span> <span class='ocrx_word' id='word_1_195' title='bbox 2122 1460 2252 1522; x_wconf 90' lang='lat' dir='ltr'><strong>quoque</strong></span> 
     </span>
     <span class='ocr_line' id='line_1_14' title="bbox 239 1525 2252 1610; baseline 0 -22"><span class='ocrx_word' id='word_1_196' title='bbox 239 1525 410 1588; x_wconf 72' lang='lat' dir='ltr'><strong>mumadam</strong></span> <span class='ocrx_word' id='word_1_197' title='bbox 430 1530 489 1603; x_wconf 87' lang='lat' dir='ltr'><strong>esl;</strong></span> <span class='ocrx_word' id='word_1_198' title='bbox 511 1526 586 1605; x_wconf 80' lang='lat' dir='ltr'><strong>quia</strong></span> <span class='ocrx_word' id='word_1_199' title='bbox 608 1526 683 1590; x_wconf 82' lang='lat' dir='ltr'><strong>dum</strong></span> <span class='ocrx_word' id='word_1_200' title='bbox 704 1529 846 1592; x_wconf 70' lang='lat' dir='ltr'><strong>vetatis</strong></span> <span class='ocrx_word' id='word_1_201' title='bbox 868 1527 931 1592; x_wconf 83' lang='lat' dir='ltr'><strong>Dei</strong></span> <span class='ocrx_word' id='word_1_202' title='bbox 953 1531 1097 1606; x_wconf 79' lang='lat' dir='ltr'><strong>ruinam,</strong></span> <span class='ocrx_word' id='word_1_203' title='bbox 1119 1550 1218 1610; x_wconf 80' lang='lat' dir='ltr'><strong>qaen-</strong></span> <span class='ocrx_word' id='word_1_204' title='bbox 1241 1534 1244 1609; x_wconf 77' lang='lat' dir='ltr'><strong>l</strong></span> <span class='ocrx_word' id='word_1_205' title='bbox 1268 1530 1361 1594; x_wconf 90' lang='lat' dir='ltr'><strong>vobis</strong></span> <span class='ocrx_word' id='word_1_206' title='bbox 1382 1527 1545 1592; x_wconf 88' lang='lat' dir='ltr'><strong>Dominus</strong></span> <span class='ocrx_word' id='word_1_207' title='bbox 1567 1528 1734 1592; x_wconf 74' lang='lat' dir='ltr'><strong>revelabit,</strong></span> <span class='ocrx_word' id='word_1_208' title='bbox 1779 1530 1900 1592; x_wconf 89' lang='lat' dir='ltr'><strong>Annon</strong></span> <span class='ocrx_word' id='word_1_209' title='bbox 1922 1527 2002 1590; x_wconf 86' lang='lat' dir='ltr'><strong>sat-is</strong></span> <span class='ocrx_word' id='word_1_210' title='bbox 2024 1525 2160 1601; x_wconf 88' lang='lat' dir='ltr'><strong>indicat,</strong></span> <span class='ocrx_word' id='word_1_211' title='bbox 2184 1525 2252 1589; x_wconf 89' lang='lat' dir='ltr'><strong>dis·</strong></span> 
     </span>
     <span class='ocr_line' id='line_1_15' title="bbox 239 1609 2252 1696; baseline 0 -23"><span class='ocrx_word' id='word_1_212' title='bbox 239 1615 305 1673; x_wconf 74' lang='lat' dir='ltr'><strong>tam</strong></span> <span class='ocrx_word' id='word_1_213' title='bbox 327 1610 362 1672; x_wconf 82' lang='lat' dir='ltr'><strong>m</strong></span> <span class='ocrx_word' id='word_1_214' title='bbox 383 1609 472 1673; x_wconf 77' lang='lat' dir='ltr'><strong>nohis</strong></span> <span class='ocrx_word' id='word_1_215' title='bbox 494 1616 546 1688; x_wconf 81' lang='lat' dir='ltr'><strong>est,</strong></span> <span class='ocrx_word' id='word_1_216' title='bbox 569 1613 729 1690; x_wconf 81' lang='lat' dir='ltr'><strong>molimur,</strong></span> <span class='ocrx_word' id='word_1_217' title='bbox 751 1614 841 1696; x_wconf 73' lang='lat' dir='ltr'><strong>dipel</strong></span> <span class='ocrx_word' id='word_1_218' title='bbox 857 1635 966 1679; x_wconf 75' lang='lat' dir='ltr'><strong>suimus</strong></span> <span class='ocrx_word' id='word_1_219' title='bbox 987 1616 1030 1680; x_wconf 84' lang='lat' dir='ltr'><strong>ad</strong></span> <span class='ocrx_word' id='word_1_220' title='bbox 1050 1636 1127 1695; x_wconf 81' lang='lat' dir='ltr'><strong>quos</strong></span> <span class='ocrx_word' id='word_1_221' title='bbox 1148 1636 1216 1679; x_wconf 71' lang='lat' dir='ltr'><strong>cmi-</strong></span> <span class='ocrx_word' id='word_1_222' title='bbox 1241 1614 1245 1673; x_wconf 88' lang='lat' dir='ltr'><strong>l</strong></span> <span class='ocrx_word' id='word_1_223' title='bbox 1270 1616 1453 1680; x_wconf 87' lang='lat' dir='ltr'><strong>sensionem</strong></span> <span class='ocrx_word' id='word_1_224' title='bbox 1473 1615 1513 1679; x_wconf 89' lang='lat' dir='ltr'><strong>de</strong></span> <span class='ocrx_word' id='word_1_225' title='bbox 1536 1615 1632 1679; x_wconf 87' lang='lat' dir='ltr'><strong>rebus</strong></span> <span class='ocrx_word' id='word_1_226' title='bbox 1650 1615 1722 1677; x_wconf 90' lang='lat' dir='ltr'><strong>istis</strong></span> <span class='ocrx_word' id='word_1_227' title='bbox 1744 1634 1811 1677; x_wconf 92' lang='lat' dir='ltr'><strong>non</strong></span> <span class='ocrx_word' id='word_1_228' title='bbox 1833 1615 1879 1677; x_wconf 91' lang='lat' dir='ltr'><strong>ita</strong></span> <span class='ocrx_word' id='word_1_229' title='bbox 1900 1612 2100 1687; x_wconf 88' lang='lat' dir='ltr'><strong>necessariis,</strong></span> <span class='ocrx_word' id='word_1_230' title='bbox 2124 1611 2252 1675; x_wconf 86' lang='lat' dir='ltr'><strong>dissidii</strong></span> 
     </span>
     <span class='ocr_line' id='line_1_16' title="bbox 238 1693 2252 1797; baseline 0 -38"><span class='ocrx_word' id='word_1_231' title='bbox 238 1693 376 1759; x_wconf 52' lang='lat' dir='ltr'><strong>&amp;mulce</strong></span> <span class='ocrx_word' id='word_1_232' title='bbox 405 1700 463 1758; x_wconf 84' lang='lat' dir='ltr'><strong>toto</strong></span> <span class='ocrx_word' id='word_1_233' title='bbox 491 1693 561 1760; x_wconf 79' lang='lat' dir='ltr'><strong>irae</strong></span> <span class='ocrx_word' id='word_1_234' title='bbox 589 1718 664 1762; x_wconf 85' lang='lat' dir='ltr'><strong>suae</strong></span> <span class='ocrx_word' id='word_1_235' title='bbox 690 1701 806 1778; x_wconf 80' lang='lat' dir='ltr'><strong>impetu</strong></span> <span class='ocrx_word' id='word_1_236' title='bbox 832 1701 983 1780; x_wconf 76' lang='lat' dir='ltr'><strong>ftdmiact.</strong></span> <span class='ocrx_word' id='word_1_237' title='bbox 1031 1701 1096 1764; x_wconf 86' lang='lat' dir='ltr'><strong>Nec</strong></span> <span class='ocrx_word' id='word_1_238' title='bbox 1117 1701 1218 1765; x_wconf 80' lang='lat' dir='ltr'><strong>ullma</strong></span> <span class='ocrx_word' id='word_1_239' title='bbox 1242 1702 1245 1797; x_wconf 62' lang='lat' dir='ltr'><strong>l</strong></span> <span class='ocrx_word' id='word_1_240' title='bbox 1269 1702 1441 1764; x_wconf 89' lang='lat' dir='ltr'><strong>materiam</strong></span> <span class='ocrx_word' id='word_1_241' title='bbox 1464 1722 1534 1764; x_wconf 86' lang='lat' dir='ltr'><strong>esee</strong></span> <span class='ocrx_word' id='word_1_242' title='bbox 1560 1721 1627 1764; x_wconf 92' lang='lat' dir='ltr'><strong>non</strong></span> <span class='ocrx_word' id='word_1_243' title='bbox 1650 1698 1767 1764; x_wconf 87' lang='lat' dir='ltr'><strong>debaro</strong></span> <span class='ocrx_word' id='word_1_244' title='bbox 1794 1701 1881 1762; x_wconf 89' lang='lat' dir='ltr'><strong>inter</strong></span> <span class='ocrx_word' id='word_1_245' title='bbox 1903 1697 2130 1763; x_wconf 76' lang='lat' dir='ltr'><strong>Christianos?</strong></span> <span class='ocrx_word' id='word_1_246' title='bbox 2173 1698 2252 1761; x_wconf 91' lang='lat' dir='ltr'><strong>Pri-</strong></span> 
     </span>
     <span class='ocr_line' id='line_1_17' title="bbox 238 1780 2252 1901; baseline 0.001 -57"><span class='ocrx_word' id='word_1_247' title='bbox 238 1780 375 1844; x_wconf 81' lang='lat' dir='ltr'><strong>atrocms</strong></span> <span class='ocrx_word' id='word_1_248' title='bbox 400 1780 479 1863; x_wconf 69' lang='lat' dir='ltr'><strong>fingi</strong></span> <span class='ocrx_word' id='word_1_249' title='bbox 507 1784 623 1848; x_wconf 79' lang='lat' dir='ltr'><strong>crimm</strong></span> <span class='ocrx_word' id='word_1_250' title='bbox 644 1790 757 1863; x_wconf 77' lang='lat' dir='ltr'><strong>potest,</strong></span> <span class='ocrx_word' id='word_1_251' title='bbox 787 1805 882 1866; x_wconf 81' lang='lat' dir='ltr'><strong>quom</strong></span> <span class='ocrx_word' id='word_1_252' title='bbox 908 1787 1062 1869; x_wconf 80' lang='lat' dir='ltr'><strong>socrilcpo</strong></span> <span class='ocrx_word' id='word_1_253' title='bbox 1082 1788 1218 1867; x_wconf 76' lang='lat' dir='ltr'><strong>perfidia</strong></span> <span class='ocrx_word' id='word_1_254' title='bbox 1242 1818 1245 1901; x_wconf 50' lang='lat' dir='ltr'><strong>q</strong></span> <span class='ocrx_word' id='word_1_255' title='bbox 1270 1807 1361 1850; x_wconf 93' lang='lat' dir='ltr'><strong>mum</strong></span> <span class='ocrx_word' id='word_1_256' title='bbox 1389 1786 1520 1868; x_wconf 90' lang='lat' dir='ltr'><strong>quidem</strong></span> <span class='ocrx_word' id='word_1_257' title='bbox 1548 1796 1613 1861; x_wconf 90' lang='lat' dir='ltr'><strong>est,</strong></span> <span class='ocrx_word' id='word_1_258' title='bbox 1642 1798 1678 1849; x_wconf 93' lang='lat' dir='ltr'><strong>ut</strong></span> <span class='ocrx_word' id='word_1_259' title='bbox 1699 1786 1883 1868; x_wconf 87' lang='lat' dir='ltr'><strong>peremnia</strong></span> <span class='ocrx_word' id='word_1_260' title='bbox 1911 1786 2163 1860; x_wconf 90' lang='lat' dir='ltr'><strong>consentiamus;</strong></span> <span class='ocrx_word' id='word_1_261' title='bbox 2191 1782 2252 1846; x_wconf 90' lang='lat' dir='ltr'><strong>sed</strong></span> 
     </span>
     <span class='ocr_line' id='line_1_18' title="bbox 239 1866 2251 1955; baseline 0.001 -26"><span class='ocrx_word' id='word_1_262' title='bbox 239 1866 360 1929; x_wconf 78' lang='lat' dir='ltr'><strong>violare</strong></span> <span class='ocrx_word' id='word_1_263' title='bbox 397 1869 590 1950; x_wconf 69' lang='lat' dir='ltr'><strong>ceritaniam,</strong></span> <span class='ocrx_word' id='word_1_264' title='bbox 624 1872 705 1949; x_wconf 80' lang='lat' dir='ltr'><strong>qaod</strong></span> <span class='ocrx_word' id='word_1_265' title='bbox 745 1871 902 1936; x_wconf 76' lang='lat' dir='ltr'><strong>rictiacum</strong></span> <span class='ocrx_word' id='word_1_266' title='bbox 934 1873 1115 1954; x_wconf 80' lang='lat' dir='ltr'><strong>unipcaitus</strong></span> <span class='ocrx_word' id='word_1_267' title='bbox 1154 1873 1218 1936; x_wconf 81' lang='lat' dir='ltr'><strong>Dei</strong></span> <span class='ocrx_word' id='word_1_268' title='bbox 1269 1873 1423 1955; x_wconf 90' lang='lat' dir='ltr'><strong>queniam</strong></span> <span class='ocrx_word' id='word_1_269' title='bbox 1447 1892 1542 1936; x_wconf 93' lang='lat' dir='ltr'><strong>nemo</strong></span> <span class='ocrx_word' id='word_1_270' title='bbox 1561 1882 1611 1936; x_wconf 92' lang='lat' dir='ltr'><strong>est</strong></span> <span class='ocrx_word' id='word_1_271' title='bbox 1631 1873 1687 1954; x_wconf 92' lang='lat' dir='ltr'><strong>qui</strong></span> <span class='ocrx_word' id='word_1_272' title='bbox 1706 1893 1771 1935; x_wconf 93' lang='lat' dir='ltr'><strong>non</strong></span> <span class='ocrx_word' id='word_1_273' title='bbox 1793 1871 1901 1952; x_wconf 89' lang='lat' dir='ltr'><strong>aliqua</strong></span> <span class='ocrx_word' id='word_1_274' title='bbox 1923 1871 2128 1953; x_wconf 82' lang='lat' dir='ltr'><strong>ignonintiae</strong></span> <span class='ocrx_word' id='word_1_275' title='bbox 2146 1869 2251 1932; x_wconf 88' lang='lat' dir='ltr'><strong>nube·</strong></span> 
     </span>
     <span class='ocr_line' id='line_1_19' title="bbox 234 1950 2251 2038; baseline 0.001 -23"><span class='ocrx_word' id='word_1_276' title='bbox 234 1950 326 2032; x_wconf 65' lang='lat' dir='ltr'><strong>filius</strong></span> <span class='ocrx_word' id='word_1_277' title='bbox 348 1952 525 2017; x_wconf 72' lang='lat' dir='ltr'><strong>corumdem</strong></span> <span class='ocrx_word' id='word_1_278' title='bbox 546 1955 692 2036; x_wconf 66' lang='lat' dir='ltr'><strong>(licitatum</strong></span> <span class='ocrx_word' id='word_1_279' title='bbox 713 1962 765 2020; x_wconf 76' lang='lat' dir='ltr'><strong>cst.</strong></span> <span class='ocrx_word' id='word_1_280' title='bbox 1269 1959 1341 2023; x_wconf 90' lang='lat' dir='ltr'><strong>cula</strong></span> <span class='ocrx_word' id='word_1_281' title='bbox 1352 1958 1524 2023; x_wconf 91' lang='lat' dir='ltr'><strong>obvolutus</strong></span> <span class='ocrx_word' id='word_1_282' title='bbox 1546 1959 1595 2035; x_wconf 85' lang='lat' dir='ltr'><strong>sit,</strong></span> <span class='ocrx_word' id='word_1_283' title='bbox 1616 1965 1673 2022; x_wconf 91' lang='lat' dir='ltr'><strong>aut</strong></span> <span class='ocrx_word' id='word_1_284' title='bbox 1694 1957 1820 2021; x_wconf 90' lang='lat' dir='ltr'><strong>nullam</strong></span> <span class='ocrx_word' id='word_1_285' title='bbox 1842 1956 2062 2038; x_wconf 87' lang='lat' dir='ltr'><strong>relinquamus</strong></span> <span class='ocrx_word' id='word_1_286' title='bbox 2081 1955 2251 2019; x_wconf 83' lang='lat' dir='ltr'><strong>ecclesiam</strong></span> 
     </span>
     <span class='ocr_line' id='line_1_20' title="bbox 111 2037 2250 2127; baseline 0.003 -28"><span class='ocrx_word' id='word_1_287' title='bbox 111 2059 116 2069; x_wconf 92' lang='lat'>·</span> <span class='ocrx_word' id='word_1_288' title='bbox 326 2043 372 2100; x_wconf 95' lang='lat' dir='ltr'><strong>ll.</strong></span> <span class='ocrx_word' id='word_1_289' title='bbox 424 2037 536 2118; x_wconf 73' lang='lat' dir='ltr'><strong>Quiane</strong></span> <span class='ocrx_word' id='word_1_290' title='bbox 568 2050 663 2105; x_wconf 86' lang='lat' dir='ltr'><strong>notas</strong></span> <span class='ocrx_word' id='word_1_291' title='bbox 696 2042 770 2107; x_wconf 90' lang='lat' dir='ltr'><strong>illas</strong></span> <span class='ocrx_word' id='word_1_292' title='bbox 803 2042 978 2125; x_wconf 83' lang='lat' dir='ltr'><strong>diligenter</strong></span> <span class='ocrx_word' id='word_1_293' title='bbox 1011 2045 1128 2108; x_wconf 90' lang='lat' dir='ltr'><strong>animis</strong></span> <span class='ocrx_word' id='word_1_294' title='bbox 1156 2046 1217 2107; x_wconf 92' lang='lat' dir='ltr'><strong>im·</strong></span> <span class='ocrx_word' id='word_1_295' title='bbox 1269 2054 1404 2127; x_wconf 91' lang='lat' dir='ltr'><strong>oportet,</strong></span> <span class='ocrx_word' id='word_1_296' title='bbox 1423 2055 1481 2107; x_wconf 93' lang='lat' dir='ltr'><strong>aut</strong></span> <span class='ocrx_word' id='word_1_297' title='bbox 1493 2044 1781 2108; x_wconf 91' lang='lat' dir='ltr'><strong>hallucinationem</strong></span> <span class='ocrx_word' id='word_1_298' title='bbox 1799 2042 2017 2108; x_wconf 90' lang='lat' dir='ltr'><strong>condonemus</strong></span> <span class='ocrx_word' id='word_1_299' title='bbox 2035 2041 2125 2105; x_wconf 84' lang='lat' dir='ltr'><strong>iniis</strong></span> <span class='ocrx_word' id='word_1_300' title='bbox 2142 2042 2250 2115; x_wconf 86' lang='lat' dir='ltr'><strong>rebus,</strong></span> 
     </span>
     <span class='ocr_line' id='line_1_21' title="bbox 234 2127 2252 2212; baseline 0.001 -26"><span class='ocrx_word' id='word_1_301' title='bbox 234 2143 363 2206; x_wconf 83' lang='lat' dir='ltr'><strong>pressas</strong></span> <span class='ocrx_word' id='word_1_302' title='bbox 380 2134 558 2202; x_wconf 87' lang='lat' dir='ltr'><strong>teneamus,</strong></span> <span class='ocrx_word' id='word_1_303' title='bbox 577 2138 610 2190; x_wconf 89' lang='lat' dir='ltr'><strong>et</strong></span> <span class='ocrx_word' id='word_1_304' title='bbox 625 2148 683 2208; x_wconf 89' lang='lat' dir='ltr'><strong>pro</strong></span> <span class='ocrx_word' id='word_1_305' title='bbox 695 2127 830 2192; x_wconf 89' lang='lat' dir='ltr'><strong>Domini</strong></span> <span class='ocrx_word' id='word_1_306' title='bbox 847 2128 980 2193; x_wconf 91' lang='lat' dir='ltr'><strong>arbitrio</strong></span> <span class='ocrx_word' id='word_1_307' title='bbox 997 2131 1216 2194; x_wconf 86' lang='lat' dir='ltr'><strong>aestimemus.</strong></span> <span class='ocrx_word' id='word_1_308' title='bbox 1269 2151 1354 2211; x_wconf 89' lang='lat' dir='ltr'><strong>quae</strong></span> <span class='ocrx_word' id='word_1_309' title='bbox 1383 2137 1416 2193; x_wconf 91' lang='lat' dir='ltr'><strong>et</strong></span> <span class='ocrx_word' id='word_1_310' title='bbox 1450 2129 1605 2194; x_wconf 88' lang='lat' dir='ltr'><strong>inviolata</strong></span> <span class='ocrx_word' id='word_1_311' title='bbox 1627 2128 1793 2212; x_wconf 85' lang='lat' dir='ltr'><strong>religionis</strong></span> <span class='ocrx_word' id='word_1_312' title='bbox 1821 2149 1949 2192; x_wconf 89' lang='lat' dir='ltr'><strong>summa</strong></span> <span class='ocrx_word' id='word_1_313' title='bbox 1969 2138 2003 2191; x_wconf 90' lang='lat' dir='ltr'><strong>et</strong></span> <span class='ocrx_word' id='word_1_314' title='bbox 2031 2128 2113 2192; x_wconf 91' lang='lat' dir='ltr'><strong>citra</strong></span> <span class='ocrx_word' id='word_1_315' title='bbox 2134 2127 2252 2192; x_wconf 86' lang='lat' dir='ltr'><strong>salutis</strong></span> 
     </span>
     <span class='ocr_line' id='line_1_22' title="bbox 234 2207 2251 2298; baseline 0.002 -26"><span class='ocrx_word' id='word_1_316' title='bbox 234 2207 327 2272; x_wconf 91' lang='lat' dir='ltr'><strong>Nihil</strong></span> <span class='ocrx_word' id='word_1_317' title='bbox 345 2218 394 2272; x_wconf 91' lang='lat' dir='ltr'><strong>est</strong></span> <span class='ocrx_word' id='word_1_318' title='bbox 410 2211 497 2272; x_wconf 89' lang='lat' dir='ltr'><strong>enim</strong></span> <span class='ocrx_word' id='word_1_319' title='bbox 515 2210 602 2292; x_wconf 90' lang='lat' dir='ltr'><strong>qnod</strong></span> <span class='ocrx_word' id='word_1_320' title='bbox 620 2214 726 2295; x_wconf 88' lang='lat' dir='ltr'><strong>magis</strong></span> <span class='ocrx_word' id='word_1_321' title='bbox 742 2222 835 2278; x_wconf 87' lang='lat' dir='ltr'><strong>satan</strong></span> <span class='ocrx_word' id='word_1_322' title='bbox 853 2215 1008 2279; x_wconf 90' lang='lat' dir='ltr'><strong>moliatur</strong></span> <span class='ocrx_word' id='word_1_323' title='bbox 1023 2236 1121 2297; x_wconf 91' lang='lat' dir='ltr'><strong>quarn</strong></span> <span class='ocrx_word' id='word_1_324' title='bbox 1138 2217 1217 2280; x_wconf 88' lang='lat' dir='ltr'><strong>isto-</strong></span> <span class='ocrx_word' id='word_1_325' title='bbox 1269 2217 1429 2280; x_wconf 89' lang='lat' dir='ltr'><strong>iacturam</strong></span> <span class='ocrx_word' id='word_1_326' title='bbox 1461 2217 1604 2298; x_wconf 89' lang='lat' dir='ltr'><strong>ignorari</strong></span> <span class='ocrx_word' id='word_1_327' title='bbox 1632 2216 1767 2298; x_wconf 88' lang='lat' dir='ltr'><strong>possint.</strong></span> <span class='ocrx_word' id='word_1_328' title='bbox 1820 2215 1883 2279; x_wconf 87' lang='lat' dir='ltr'><strong>Hic</strong></span> <span class='ocrx_word' id='word_1_329' title='bbox 1914 2224 2022 2278; x_wconf 89' lang='lat' dir='ltr'><strong>autem</strong></span> <span class='ocrx_word' id='word_1_330' title='bbox 2051 2214 2251 2294; x_wconf 80' lang='lat' dir='ltr'><strong>patrocinari</strong></span> 
     </span>
     <span class='ocr_line' id='line_1_23' title="bbox 234 2294 2251 2380; baseline 0.002 -23"><span class='ocrx_word' id='word_1_331' title='bbox 234 2314 309 2358; x_wconf 87' lang='lat' dir='ltr'><strong>rum</strong></span> <span class='ocrx_word' id='word_1_332' title='bbox 322 2294 518 2359; x_wconf 87' lang='lat' dir='ltr'><strong>alterutrum</strong></span> <span class='ocrx_word' id='word_1_333' title='bbox 535 2298 586 2360; x_wconf 84' lang='lat' dir='ltr'><strong>vel</strong></span> <span class='ocrx_word' id='word_1_334' title='bbox 599 2300 898 2380; x_wconf 87' lang='lat' dir='ltr'><strong>utrumquctcllere</strong></span> <span class='ocrx_word' id='word_1_335' title='bbox 916 2310 948 2365; x_wconf 88' lang='lat' dir='ltr'><strong>et</strong></span> <span class='ocrx_word' id='word_1_336' title='bbox 966 2302 1107 2365; x_wconf 86' lang='lat' dir='ltr'><strong>abolere:</strong></span> <span class='ocrx_word' id='word_1_337' title='bbox 1131 2323 1218 2366; x_wconf 87' lang='lat' dir='ltr'><strong>nnnc</strong></span> <span class='ocrx_word' id='word_1_338' title='bbox 1270 2302 1435 2366; x_wconf 85' lang='lat' dir='ltr'><strong>erroribus</strong></span> <span class='ocrx_word' id='word_1_339' title='bbox 1462 2301 1515 2367; x_wconf 89' lang='lat' dir='ltr'><strong>vel</strong></span> <span class='ocrx_word' id='word_1_340' title='bbox 1540 2302 1768 2365; x_wconf 87' lang='lat' dir='ltr'><strong>minutissimis</strong></span> <span class='ocrx_word' id='word_1_341' title='bbox 1790 2300 1906 2375; x_wconf 91' lang='lat' dir='ltr'><strong>nolim,</strong></span> <span class='ocrx_word' id='word_1_342' title='bbox 1936 2312 1973 2362; x_wconf 93' lang='lat' dir='ltr'><strong>ut</strong></span> <span class='ocrx_word' id='word_1_343' title='bbox 1999 2296 2197 2362; x_wconf 87' lang='lat' dir='ltr'><strong>blandiendo</strong></span> <span class='ocrx_word' id='word_1_344' title='bbox 2219 2311 2251 2362; x_wconf 90' lang='lat' dir='ltr'><strong>et</strong></span> 
     </span>
     <span class='ocr_line' id='line_1_24' title="bbox 235 2381 2250 2469; baseline 0.002 -27"><span class='ocrx_word' id='word_1_345' title='bbox 235 2390 274 2442; x_wconf 87' lang='lat' dir='ltr'><strong>ut</strong></span> <span class='ocrx_word' id='word_1_346' title='bbox 292 2381 377 2443; x_wconf 92' lang='lat' dir='ltr'><strong>notis</strong></span> <span class='ocrx_word' id='word_1_347' title='bbox 395 2381 466 2444; x_wconf 91' lang='lat' dir='ltr'><strong>istis</strong></span> <span class='ocrx_word' id='word_1_348' title='bbox 484 2381 611 2445; x_wconf 88' lang='lat' dir='ltr'><strong>abolitis</strong></span> <span class='ocrx_word' id='word_1_349' title='bbox 631 2394 664 2447; x_wconf 93' lang='lat' dir='ltr'><strong>et</strong></span> <span class='ocrx_word' id='word_1_350' title='bbox 682 2383 804 2462; x_wconf 90' lang='lat' dir='ltr'><strong>deletis,</strong></span> <span class='ocrx_word' id='word_1_351' title='bbox 828 2405 941 2450; x_wconf 87' lang='lat' dir='ltr'><strong>veram</strong></span> <span class='ocrx_word' id='word_1_352' title='bbox 962 2408 1217 2469; x_wconf 86' lang='lat' dir='ltr'><strong>germanamque</strong></span> <span class='ocrx_word' id='word_1_353' title='bbox 1243 2424 1245 2463; x_wconf 66' lang='grc' dir='ltr'>Ι</span> <span class='ocrx_word' id='word_1_354' title='bbox 1270 2387 1473 2452; x_wconf 89' lang='lat' dir='ltr'><strong>connivendo</strong></span> <span class='ocrx_word' id='word_1_355' title='bbox 1493 2407 1644 2451; x_wconf 75' lang='lat' dir='ltr'><strong>muscam</strong></span> <span class='ocrx_word' id='word_1_356' title='bbox 1665 2386 1834 2464; x_wconf 87' lang='lat' dir='ltr'><strong>fovond0s;</strong></span> <span class='ocrx_word' id='word_1_357' title='bbox 1858 2384 1915 2449; x_wconf 90' lang='lat' dir='ltr'><strong>sed</strong></span> <span class='ocrx_word' id='word_1_358' title='bbox 1935 2385 2015 2460; x_wconf 90' lang='lat' dir='ltr'><strong>dico,</strong></span> <span class='ocrx_word' id='word_1_359' title='bbox 2039 2406 2104 2448; x_wconf 91' lang='lat' dir='ltr'><strong>nou</strong></span> <span class='ocrx_word' id='word_1_360' title='bbox 2127 2400 2250 2448; x_wconf 87' lang='lat' dir='ltr'><strong>temere</strong></span> 
     </span>
     <span class='ocr_line' id='line_1_25' title="bbox 236 2463 2250 2555; baseline 0.002 -27"><span class='ocrx_word' id='word_1_361' title='bbox 236 2463 332 2528; x_wconf 87' lang='lat' dir='ltr'><strong>tollat</strong></span> <span class='ocrx_word' id='word_1_362' title='bbox 343 2467 498 2530; x_wconf 87' lang='lat' dir='ltr'><strong>eeclesiae</strong></span> <span class='ocrx_word' id='word_1_363' title='bbox 516 2467 772 2549; x_wconf 88' lang='lat' dir='ltr'><strong>distinetionem;</strong></span> <span class='ocrx_word' id='word_1_364' title='bbox 795 2493 884 2537; x_wconf 92' lang='lat' dir='ltr'><strong>nunc</strong></span> <span class='ocrx_word' id='word_1_365' title='bbox 903 2483 949 2548; x_wconf 95' lang='lat' dir='ltr'><strong>ut,</strong></span> <span class='ocrx_word' id='word_1_366' title='bbox 968 2473 1087 2538; x_wconf 89' lang='lat' dir='ltr'><strong>iniecto</strong></span> <span class='ocrx_word' id='word_1_367' title='bbox 1105 2495 1218 2538; x_wconf 89' lang='lat' dir='ltr'><strong>sarum</strong></span> <span class='ocrx_word' id='word_1_368' title='bbox 1242 2472 1246 2553; x_wconf 68' lang='lat' dir='ltr'><strong>l</strong></span> <span class='ocrx_word' id='word_1_369' title='bbox 1270 2474 1310 2539; x_wconf 92' lang='lat' dir='ltr'><strong>ob</strong></span> <span class='ocrx_word' id='word_1_370' title='bbox 1332 2474 1494 2555; x_wconf 88' lang='lat' dir='ltr'><strong>quaslibet</strong></span> <span class='ocrx_word' id='word_1_371' title='bbox 1516 2473 1788 2537; x_wconf 89' lang='lat' dir='ltr'><strong>dissentiunculas</strong></span> <span class='ocrx_word' id='word_1_372' title='bbox 1806 2471 2018 2536; x_wconf 89' lang='lat' dir='ltr'><strong>deserendam</strong></span> <span class='ocrx_word' id='word_1_373' title='bbox 2037 2471 2131 2535; x_wconf 86' lang='lat' dir='ltr'><strong>nohis</strong></span> <span class='ocrx_word' id='word_1_374' title='bbox 2149 2470 2250 2534; x_wconf 89' lang='lat' dir='ltr'><strong>eccle·</strong></span> 
     </span>
     <span class='ocr_line' id='line_1_26' title="bbox 235 2554 2250 2692; baseline 0.002 -78"><span class='ocrx_word' id='word_1_375' title='bbox 235 2560 438 2649; x_wconf 78' lang='lat' dir='ltr'><strong>contemptu,</strong></span> <span class='ocrx_word' id='word_1_376' title='bbox 462 2555 636 2618; x_wconf 85' lang='lat' dir='ltr'><strong>manifesta</strong></span> <span class='ocrx_word' id='word_1_377' title='bbox 658 2554 837 2621; x_wconf 83' lang='lat' dir='ltr'><strong>delectione</strong></span> <span class='ocrx_word' id='word_1_378' title='bbox 859 2579 917 2622; x_wconf 91' lang='lat' dir='ltr'><strong>nos</strong></span> <span class='ocrx_word' id='word_1_379' title='bbox 940 2558 981 2621; x_wconf 91' lang='lat' dir='ltr'><strong>ab</strong></span> <span class='ocrx_word' id='word_1_380' title='bbox 1003 2559 1139 2624; x_wconf 87' lang='lat' dir='ltr'><strong>ecclesia</strong></span> <span class='ocrx_word' id='word_1_381' title='bbox 1161 2559 1217 2622; x_wconf 91' lang='lat' dir='ltr'><strong>ah·</strong></span> <span class='ocrx_word' id='word_1_382' title='bbox 1242 2578 1245 2692; x_wconf 54' lang='lat'>1</span> <span class='ocrx_word' id='word_1_383' title='bbox 1269 2560 1361 2635; x_wconf 89' lang='lat' dir='ltr'><strong>siam,</strong></span> <span class='ocrx_word' id='word_1_384' title='bbox 1386 2560 1507 2641; x_wconf 91' lang='lat' dir='ltr'><strong>inqua</strong></span> <span class='ocrx_word' id='word_1_385' title='bbox 1532 2559 1692 2623; x_wconf 79' lang='lat' dir='ltr'><strong>duntaxat</strong></span> <span class='ocrx_word' id='word_1_386' title='bbox 1713 2579 1751 2622; x_wconf 91' lang='lat' dir='ltr'><strong>ea</strong></span> <span class='ocrx_word' id='word_1_387' title='bbox 1773 2559 1865 2622; x_wconf 87' lang='lat' dir='ltr'><strong>salva</strong></span> <span class='ocrx_word' id='word_1_388' title='bbox 1888 2567 1921 2620; x_wconf 91' lang='lat' dir='ltr'><strong>et</strong></span> <span class='ocrx_word' id='word_1_389' title='bbox 1948 2556 2075 2621; x_wconf 85' lang='lat' dir='ltr'><strong>illibata</strong></span> <span class='ocrx_word' id='word_1_390' title='bbox 2102 2556 2250 2621; x_wconf 91' lang='lat' dir='ltr'><strong>doctrina</strong></span> 
     </span>
     <span class='ocr_line' id='line_1_27' title="bbox 235 2638 2251 2728; baseline 0.003 -30"><span class='ocrx_word' id='word_1_391' title='bbox 235 2647 342 2719; x_wconf 82' lang='lat' dir='ltr'><strong>ripiat.</strong></span> <span class='ocrx_word' id='word_1_392' title='bbox 387 2638 469 2702; x_wconf 82' lang='lat' dir='ltr'><strong>Eius</strong></span> <span class='ocrx_word' id='word_1_393' title='bbox 498 2647 568 2702; x_wconf 88' lang='lat' dir='ltr'><strong>arte</strong></span> <span class='ocrx_word' id='word_1_394' title='bbox 595 2642 803 2720; x_wconf 72' lang='lat' dir='ltr'><strong>factumest,</strong></span> <span class='ocrx_word' id='word_1_395' title='bbox 834 2654 872 2708; x_wconf 90' lang='lat' dir='ltr'><strong>ut</strong></span> <span class='ocrx_word' id='word_1_396' title='bbox 898 2665 982 2725; x_wconf 89' lang='lat' dir='ltr'><strong>pura</strong></span> <span class='ocrx_word' id='word_1_397' title='bbox 1009 2645 1100 2710; x_wconf 92' lang='lat' dir='ltr'><strong>verbi</strong></span> <span class='ocrx_word' id='word_1_398' title='bbox 1122 2667 1217 2728; x_wconf 87' lang='lat' dir='ltr'><strong>prae-</strong></span> <span class='ocrx_word' id='word_1_399' title='bbox 1242 2706 1245 2723; x_wconf 81' lang='grc'>,</span> <span class='ocrx_word' id='word_1_400' title='bbox 1269 2647 1453 2710; x_wconf 88' lang='lat' dir='ltr'><strong>retineatur</strong></span> <span class='ocrx_word' id='word_1_401' title='bbox 1470 2666 1535 2727; x_wconf 88' lang='lat' dir='ltr'><strong>qua</strong></span> <span class='ocrx_word' id='word_1_402' title='bbox 1555 2653 1684 2709; x_wconf 90' lang='lat' dir='ltr'><strong>constat</strong></span> <span class='ocrx_word' id='word_1_403' title='bbox 1705 2644 1911 2707; x_wconf 88' lang='lat' dir='ltr'><strong>incolumitas</strong></span> <span class='ocrx_word' id='word_1_404' title='bbox 1929 2643 2067 2724; x_wconf 90' lang='lat' dir='ltr'><strong>pietatis,</strong></span> <span class='ocrx_word' id='word_1_405' title='bbox 2090 2653 2122 2705; x_wconf 91' lang='lat' dir='ltr'><strong>et</strong></span> <span class='ocrx_word' id='word_1_406' title='bbox 2139 2662 2251 2705; x_wconf 89' lang='lat' dir='ltr'><strong>saera·</strong></span> 
     </span>
     <span class='ocr_line' id='line_1_28' title="bbox 235 2720 2245 2817; baseline 0.002 -32"><span class='ocrx_word' id='word_1_407' title='bbox 235 2720 355 2786; x_wconf 90' lang='lat' dir='ltr'><strong>dicatio</strong></span> <span class='ocrx_word' id='word_1_408' title='bbox 382 2724 507 2805; x_wconf 90' lang='lat' dir='ltr'><strong>aliquot</strong></span> <span class='ocrx_word' id='word_1_409' title='bbox 539 2727 676 2791; x_wconf 88' lang='lat' dir='ltr'><strong>saeculis</strong></span> <span class='ocrx_word' id='word_1_410' title='bbox 706 2731 891 2806; x_wconf 90' lang='lat' dir='ltr'><strong>evanuerit,</strong></span> <span class='ocrx_word' id='word_1_411' title='bbox 927 2741 959 2794; x_wconf 94' lang='lat' dir='ltr'><strong>et</strong></span> <span class='ocrx_word' id='word_1_412' title='bbox 986 2750 1074 2794; x_wconf 79' lang='lat' dir='ltr'><strong>nime</strong></span> <span class='ocrx_word' id='word_1_413' title='bbox 1103 2731 1216 2795; x_wconf 88' lang='lat' dir='ltr'><strong>eadem</strong></span> <span class='ocrx_word' id='word_1_414' title='bbox 1242 2736 1245 2817; x_wconf 71' lang='lat' dir='ltr'><strong>l</strong></span> <span class='ocrx_word' id='word_1_415' title='bbox 1269 2740 1456 2795; x_wconf 81' lang='lat' dir='ltr'><strong>mentorum</strong></span> <span class='ocrx_word' id='word_1_416' title='bbox 1489 2753 1569 2795; x_wconf 89' lang='lat' dir='ltr'><strong>usus</strong></span> <span class='ocrx_word' id='word_1_417' title='bbox 1602 2754 1622 2794; x_wconf 86' lang='lat' dir='ltr'><strong>a</strong></span> <span class='ocrx_word' id='word_1_418' title='bbox 1654 2731 1797 2794; x_wconf 91' lang='lat' dir='ltr'><strong>Domino</strong></span> <span class='ocrx_word' id='word_1_419' title='bbox 1829 2730 2000 2794; x_wconf 88' lang='lat' dir='ltr'><strong>institutus</strong></span> <span class='ocrx_word' id='word_1_420' title='bbox 2036 2726 2245 2792; x_wconf 88' lang='lat' dir='ltr'><strong>custodiatur.</strong></span> 
     </span>
     <span class='ocr_line' id='line_1_29' title="bbox 233 2807 2248 2897; baseline 0.005 -27"><span class='ocrx_word' id='word_1_421' title='bbox 233 2807 443 2889; x_wconf 83' lang='lat' dir='ltr'><strong>improbitate</strong></span> <span class='ocrx_word' id='word_1_422' title='bbox 464 2811 625 2875; x_wconf 88' lang='lat' dir='ltr'><strong>incumbit</strong></span> <span class='ocrx_word' id='word_1_423' title='bbox 642 2813 684 2876; x_wconf 90' lang='lat' dir='ltr'><strong>ad</strong></span> <span class='ocrx_word' id='word_1_424' title='bbox 701 2813 963 2880; x_wconf 87' lang='lat' dir='ltr'><strong>labefactandum</strong></span> <span class='ocrx_word' id='word_1_425' title='bbox 981 2818 1215 2881; x_wconf 86' lang='lat' dir='ltr'><strong>ministerium:</strong></span> <span class='ocrx_word' id='word_1_426' title='bbox 1242 2864 1244 2893; x_wconf 85' lang='grc'>,</span> <span class='ocrx_word' id='word_1_427' title='bbox 1269 2818 1408 2881; x_wconf 89' lang='lat' dir='ltr'><strong>Interim</strong></span> <span class='ocrx_word' id='word_1_428' title='bbox 1426 2819 1453 2882; x_wconf 91' lang='lat' dir='ltr'><strong>si</strong></span> <span class='ocrx_word' id='word_1_429' title='bbox 1476 2818 1614 2880; x_wconf 89' lang='lat' dir='ltr'><strong>nitimur</strong></span> <span class='ocrx_word' id='word_1_430' title='bbox 1635 2815 1810 2880; x_wconf 86' lang='lat' dir='ltr'><strong>emendare</strong></span> <span class='ocrx_word' id='word_1_431' title='bbox 1827 2815 1913 2897; x_wconf 92' lang='lat' dir='ltr'><strong>quod</strong></span> <span class='ocrx_word' id='word_1_432' title='bbox 1933 2814 2086 2896; x_wconf 83' lang='lat' dir='ltr'><strong>displicet,</strong></span> <span class='ocrx_word' id='word_1_433' title='bbox 2107 2813 2248 2876; x_wconf 87' lang='lat' dir='ltr'><strong>facimus</strong></span> 
     </span>
     <span class='ocr_line' id='line_1_30' title="bbox 257 2892 2249 2983; baseline 0.002 -26"><span class='ocrx_word' id='word_1_434' title='bbox 257 2892 323 2957; x_wconf 93' lang='lat' dir='ltr'><strong>uod</strong></span> <span class='ocrx_word' id='word_1_435' title='bbox 350 2903 460 2959; x_wconf 89' lang='lat' dir='ltr'><strong>tamen</strong></span> <span class='ocrx_word' id='word_1_436' title='bbox 490 2898 535 2961; x_wconf 90' lang='lat' dir='ltr'><strong>sic</strong></span> <span class='ocrx_word' id='word_1_437' title='bbox 565 2898 599 2960; x_wconf 92' lang='lat' dir='ltr'><strong>in</strong></span> <span class='ocrx_word' id='word_1_438' title='bbox 628 2899 763 2964; x_wconf 87' lang='lat' dir='ltr'><strong>ecclesia</strong></span> <span class='ocrx_word' id='word_1_439' title='bbox 790 2900 944 2966; x_wconf 81' lang='lat' dir='ltr'><strong>Christus</strong></span> <span class='ocrx_word' id='word_1_440' title='bbox 972 2902 1151 2979; x_wconf 90' lang='lat' dir='ltr'><strong>ordinavit,</strong></span> <span class='ocrx_word' id='word_1_441' title='bbox 1180 2912 1217 2966; x_wconf 94' lang='lat' dir='ltr'><strong>ut</strong></span> <span class='ocrx_word' id='word_1_442' title='bbox 1268 2902 1303 2967; x_wconf 93' lang='lat' dir='ltr'><strong>id</strong></span> <span class='ocrx_word' id='word_1_443' title='bbox 1331 2925 1371 2967; x_wconf 83' lang='lat' dir='ltr'><strong>ex</strong></span> <span class='ocrx_word' id='word_1_444' title='bbox 1399 2904 1505 2968; x_wconf 87' lang='lat' dir='ltr'><strong>efficio</strong></span> <span class='ocrx_word' id='word_1_445' title='bbox 1534 2909 1655 2966; x_wconf 87' lang='lat' dir='ltr'><strong>nostro.</strong></span> <span class='ocrx_word' id='word_1_446' title='bbox 1707 2903 1753 2965; x_wconf 90' lang='grc' dir='ltr'><strong>Ει</strong></span> <span class='ocrx_word' id='word_1_447' title='bbox 1780 2901 1845 2966; x_wconf 91' lang='lat' dir='ltr'><strong>huc</strong></span> <span class='ocrx_word' id='word_1_448' title='bbox 1872 2902 2016 2983; x_wconf 88' lang='lat' dir='ltr'><strong>pertinet</strong></span> <span class='ocrx_word' id='word_1_449' title='bbox 2042 2898 2123 2962; x_wconf 86' lang='lat' dir='ltr'><strong>illud</strong></span> <span class='ocrx_word' id='word_1_450' title='bbox 2151 2898 2249 2962; x_wconf 87' lang='lat' dir='ltr'><strong>Pauli</strong></span> 
     </span>
     <span class='ocr_line' id='line_1_31' title="bbox 237 2979 2250 3077; baseline 0.002 -35"><span class='ocrx_word' id='word_1_451' title='bbox 237 2979 244 2992; x_wconf 71' lang='lat'><em>⁶</em></span> <span class='ocrx_word' id='word_1_452' title='bbox 272 2980 438 3044; x_wconf 90' lang='lat' dir='ltr'><strong>osublato</strong></span> <span class='ocrx_word' id='word_1_453' title='bbox 457 2981 554 3048; x_wconf 93' lang='lat' dir='ltr'><strong>huius</strong></span> <span class='ocrx_word' id='word_1_454' title='bbox 573 2982 754 3049; x_wconf 83' lang='lat' dir='ltr'><strong>aedificatio</strong></span> <span class='ocrx_word' id='word_1_455' title='bbox 771 2996 892 3068; x_wconf 89' lang='lat' dir='ltr'><strong>pereat.</strong></span> <span class='ocrx_word' id='word_1_456' title='bbox 929 2987 1002 3051; x_wconf 91' lang='lat' dir='ltr'><strong>Iam</strong></span> <span class='ocrx_word' id='word_1_457' title='bbox 1020 3009 1216 3071; x_wconf 91' lang='lat' dir='ltr'><strong>veroquam</strong></span> <span class='ocrx_word' id='word_1_458' title='bbox 1241 3058 1244 3077; x_wconf 40' lang='grc' dir='ltr'>Ι</span> <span class='ocrx_word' id='word_1_459' title='bbox 1269 2989 1302 3073; x_wconf 91' lang='grc'><strong>(1</strong></span> <span class='ocrx_word' id='word_1_460' title='bbox 1324 2988 1398 3054; x_wconf 84' lang='lat' dir='ltr'><strong>Cor.</strong></span> <span class='ocrx_word' id='word_1_461' title='bbox 1429 2994 1481 3066; x_wconf 83' lang='lat'><strong>14,</strong></span> <span class='ocrx_word' id='word_1_462' title='bbox 1509 2989 1579 3070; x_wconf 90' lang='grc'>30);</span> <span class='ocrx_word' id='word_1_463' title='bbox 1608 2989 1638 3052; x_wconf 90' lang='lat' dir='ltr'><strong>si</strong></span> <span class='ocrx_word' id='word_1_464' title='bbox 1663 2988 1780 3052; x_wconf 90' lang='lat' dir='ltr'><strong>melius</strong></span> <span class='ocrx_word' id='word_1_465' title='bbox 1807 2988 1885 3070; x_wconf 91' lang='lat' dir='ltr'><strong>quid</strong></span> <span class='ocrx_word' id='word_1_466' title='bbox 1912 2986 2038 3051; x_wconf 89' lang='lat' dir='ltr'><strong>sedenti</strong></span> <span class='ocrx_word' id='word_1_467' title='bbox 2067 2985 2250 3049; x_wconf 81' lang='lat' dir='ltr'><strong>revelatum</strong></span> 
     </span>
     <span class='ocr_line' id='line_1_32' title="bbox 235 3065 2250 3157; baseline 0.003 -30"><span class='ocrx_word' id='word_1_468' title='bbox 235 3065 427 3146; x_wconf 87' lang='lat' dir='ltr'><strong>periculosa,</strong></span> <span class='ocrx_word' id='word_1_469' title='bbox 452 3067 517 3131; x_wconf 93' lang='lat' dir='ltr'><strong>imo</strong></span> <span class='ocrx_word' id='word_1_470' title='bbox 539 3090 637 3150; x_wconf 92' lang='lat' dir='ltr'><strong>quam</strong></span> <span class='ocrx_word' id='word_1_471' title='bbox 665 3071 807 3136; x_wconf 85' lang='lat' dir='ltr'><strong>exitialis</strong></span> <span class='ocrx_word' id='word_1_472' title='bbox 829 3073 966 3137; x_wconf 89' lang='lat' dir='ltr'><strong>tentatio</strong></span> <span class='ocrx_word' id='word_1_473' title='bbox 988 3083 1051 3145; x_wconf 84' lang='lat' dir='ltr'><strong>est,</strong></span> <span class='ocrx_word' id='word_1_474' title='bbox 1080 3074 1136 3138; x_wconf 94' lang='lat' dir='ltr'><strong>ubi</strong></span> <span class='ocrx_word' id='word_1_475' title='bbox 1163 3073 1217 3138; x_wconf 90' lang='lat' dir='ltr'><strong>vel</strong></span> <span class='ocrx_word' id='word_1_476' title='bbox 1267 3076 1374 3151; x_wconf 80' lang='lat' dir='ltr'><strong>fuerit,</strong></span> <span class='ocrx_word' id='word_1_477' title='bbox 1397 3076 1487 3157; x_wconf 89' lang='lat' dir='ltr'><strong>prior</strong></span> <span class='ocrx_word' id='word_1_478' title='bbox 1508 3083 1623 3139; x_wconf 86' lang='lat' dir='ltr'><strong>taceat.</strong></span> <span class='ocrx_word' id='word_1_479' title='bbox 1656 3073 1753 3138; x_wconf 91' lang='lat' dir='ltr'><strong>Unde</strong></span> <span class='ocrx_word' id='word_1_480' title='bbox 1774 3081 1911 3151; x_wconf 88' lang='lat' dir='ltr'><strong>constat,</strong></span> <span class='ocrx_word' id='word_1_481' title='bbox 1932 3072 2073 3155; x_wconf 86' lang='lat' dir='ltr'><strong>singulis</strong></span> <span class='ocrx_word' id='word_1_482' title='bbox 2094 3071 2250 3136; x_wconf 89' lang='lat' dir='ltr'><strong>eeclesiae</strong></span> 
     </span>
     <span class='ocr_line' id='line_1_33' title="bbox 236 3149 2249 3246; baseline 0.004 -35"><span class='ocrx_word' id='word_1_483' title='bbox 236 3149 272 3212; x_wconf 91' lang='lat' dir='ltr'><strong>in</strong></span> <span class='ocrx_word' id='word_1_484' title='bbox 294 3161 438 3246; x_wconf 85' lang='lat' dir='ltr'><strong>mentem</strong></span> <span class='ocrx_word' id='word_1_485' title='bbox 460 3156 550 3217; x_wconf 91' lang='lat' dir='ltr'><strong>vonit</strong></span> <span class='ocrx_word' id='word_1_486' title='bbox 571 3152 799 3222; x_wconf 88' lang='lat' dir='ltr'><strong>discessionem</strong></span> <span class='ocrx_word' id='word_1_487' title='bbox 822 3160 929 3223; x_wconf 79' lang='lat' dir='ltr'><strong>acere</strong></span> <span class='ocrx_word' id='word_1_488' title='bbox 958 3160 999 3224; x_wconf 90' lang='lat' dir='ltr'><strong>ab</strong></span> <span class='ocrx_word' id='word_1_489' title='bbox 1021 3181 1060 3224; x_wconf 90' lang='lat' dir='ltr'><strong>ea</strong></span> <span class='ocrx_word' id='word_1_490' title='bbox 1082 3180 1217 3243; x_wconf 88' lang='lat' dir='ltr'><strong>cougre-</strong></span> <span class='ocrx_word' id='word_1_491' title='bbox 1268 3162 1424 3227; x_wconf 89' lang='lat' dir='ltr'><strong>membris</strong></span> <span class='ocrx_word' id='word_1_492' title='bbox 1437 3158 1671 3225; x_wconf 86' lang='lat' dir='ltr'><strong>demandatum</strong></span> <span class='ocrx_word' id='word_1_493' title='bbox 1686 3159 1833 3241; x_wconf 89' lang='lat' dir='ltr'><strong>publicae</strong></span> <span class='ocrx_word' id='word_1_494' title='bbox 1851 3157 2086 3223; x_wconf 89' lang='lat' dir='ltr'><strong>aedificationis</strong></span> <span class='ocrx_word' id='word_1_495' title='bbox 2103 3155 2249 3221; x_wconf 88' lang='lat' dir='ltr'><strong>studium</strong></span> 
     </span>
     <span class='ocr_line' id='line_1_34' title="bbox 279 3237 2249 3330; baseline 0.005 -32"><span class='ocrx_word' id='word_1_496' title='bbox 279 3244 367 3299; x_wconf 84' lang='lat' dir='ltr'><strong>trono</strong></span> <span class='ocrx_word' id='word_1_497' title='bbox 390 3237 425 3299; x_wconf 92' lang='lat' dir='ltr'><strong>in</strong></span> <span class='ocrx_word' id='word_1_498' title='bbox 447 3259 512 3319; x_wconf 89' lang='lat' dir='ltr'><strong>qua</strong></span> <span class='ocrx_word' id='word_1_499' title='bbox 530 3241 625 3322; x_wconf 90' lang='lat' dir='ltr'><strong>signa</strong></span> <span class='ocrx_word' id='word_1_500' title='bbox 646 3244 893 3325; x_wconf 91' lang='lat' dir='ltr'><strong>conspiciuntur</strong></span> <span class='ocrx_word' id='word_1_501' title='bbox 915 3265 952 3310; x_wconf 90' lang='lat' dir='ltr'><strong>ac</strong></span> <span class='ocrx_word' id='word_1_502' title='bbox 971 3256 1122 3325; x_wconf 87' lang='lat' dir='ltr'><strong>tesserae,</strong></span> <span class='ocrx_word' id='word_1_503' title='bbox 1144 3248 1216 3329; x_wconf 84' lang='lat' dir='ltr'><strong>qui-</strong></span> <span class='ocrx_word' id='word_1_504' title='bbox 1269 3269 1328 3330; x_wconf 90' lang='lat' dir='ltr'><strong>pro</strong></span> <span class='ocrx_word' id='word_1_505' title='bbox 1350 3269 1505 3312; x_wconf 90' lang='lat' dir='ltr'><strong>mensura</strong></span> <span class='ocrx_word' id='word_1_506' title='bbox 1528 3248 1652 3330; x_wconf 85' lang='lat' dir='ltr'><strong>gratiae</strong></span> <span class='ocrx_word' id='word_1_507' title='bbox 1675 3267 1763 3319; x_wconf 90' lang='lat' dir='ltr'><strong>suae,</strong></span> <span class='ocrx_word' id='word_1_508' title='bbox 1787 3245 1883 3309; x_wconf 90' lang='lat' dir='ltr'><strong>modo</strong></span> <span class='ocrx_word' id='word_1_509' title='bbox 1905 3245 2058 3309; x_wconf 88' lang='lat' dir='ltr'><strong>decenter</strong></span> <span class='ocrx_word' id='word_1_510' title='bbox 2080 3253 2114 3307; x_wconf 89' lang='lat' dir='ltr'><strong>et</strong></span> <span class='ocrx_word' id='word_1_511' title='bbox 2135 3264 2249 3308; x_wconf 89' lang='lat' dir='ltr'><strong>secun·</strong></span> 
     </span>
     <span class='ocr_line' id='line_1_35' title="bbox 257 3323 2249 3418; baseline 0.004 -33"><span class='ocrx_word' id='word_1_512' title='bbox 257 3341 299 3418; x_wconf 78' lang='lat' dir='ltr'><strong>us</strong></span> <span class='ocrx_word' id='word_1_513' title='bbox 321 3323 521 3388; x_wconf 87' lang='lat' dir='ltr'><strong>sufficienter</strong></span> <span class='ocrx_word' id='word_1_514' title='bbox 538 3326 708 3392; x_wconf 89' lang='lat' dir='ltr'><strong>ecclesiam</strong></span> <span class='ocrx_word' id='word_1_515' title='bbox 727 3329 923 3413; x_wconf 83' lang='lat' dir='ltr'><strong>descriptam</strong></span> <span class='ocrx_word' id='word_1_516' title='bbox 942 3331 1104 3397; x_wconf 88' lang='lat' dir='ltr'><strong>Dominus</strong></span> <span class='ocrx_word' id='word_1_517' title='bbox 1121 3340 1217 3415; x_wconf 85' lang='lat' dir='ltr'><strong>puta·</strong></span> <span class='ocrx_word' id='word_1_518' title='bbox 1269 3334 1347 3398; x_wconf 91' lang='lat' dir='ltr'><strong>dum</strong></span> <span class='ocrx_word' id='word_1_519' title='bbox 1375 3333 1539 3407; x_wconf 90' lang='lat' dir='ltr'><strong>ordinem,</strong></span> <span class='ocrx_word' id='word_1_520' title='bbox 1568 3332 1628 3395; x_wconf 92' lang='lat' dir='ltr'><strong>hoc</strong></span> <span class='ocrx_word' id='word_1_521' title='bbox 1648 3344 1711 3409; x_wconf 89' lang='lat' dir='ltr'><strong>est,</strong></span> <span class='ocrx_word' id='word_1_522' title='bbox 1735 3353 1777 3395; x_wconf 90' lang='lat' dir='ltr'><strong>ne</strong></span> <span class='ocrx_word' id='word_1_523' title='bbox 1799 3332 1852 3395; x_wconf 91' lang='lat' dir='ltr'><strong>vel</strong></span> <span class='ocrx_word' id='word_1_524' title='bbox 1874 3331 2028 3396; x_wconf 88' lang='lat' dir='ltr'><strong>ecclesiae</strong></span> <span class='ocrx_word' id='word_1_525' title='bbox 2049 3331 2249 3394; x_wconf 91' lang='lat' dir='ltr'><strong>communio-</strong></span> 
     </span>
     <span class='ocr_line' id='line_1_36' title="bbox 237 3406 2249 3505; baseline 0.003 -34"><span class='ocrx_word' id='word_1_526' title='bbox 237 3406 306 3471; x_wconf 81' lang='lat' dir='ltr'><strong>rit?</strong></span> <span class='ocrx_word' id='word_1_527' title='bbox 343 3408 501 3472; x_wconf 89' lang='lat' dir='ltr'><strong>Videmus</strong></span> <span class='ocrx_word' id='word_1_528' title='bbox 519 3422 642 3493; x_wconf 89' lang='lat' dir='ltr'><strong>quanta</strong></span> <span class='ocrx_word' id='word_1_529' title='bbox 663 3415 815 3497; x_wconf 88' lang='lat' dir='ltr'><strong>utrinque</strong></span> <span class='ocrx_word' id='word_1_530' title='bbox 836 3416 1021 3482; x_wconf 91' lang='lat' dir='ltr'><strong>adhibenda</strong></span> <span class='ocrx_word' id='word_1_531' title='bbox 1038 3420 1082 3482; x_wconf 91' lang='lat' dir='ltr'><strong>sit</strong></span> <span class='ocrx_word' id='word_1_532' title='bbox 1099 3421 1216 3483; x_wconf 87' lang='lat' dir='ltr'><strong>cautio.</strong></span> <span class='ocrx_word' id='word_1_533' title='bbox 1242 3450 1245 3505; x_wconf 63' lang='lat'><strong>5</strong></span> <span class='ocrx_word' id='word_1_534' title='bbox 1269 3441 1345 3484; x_wconf 90' lang='lat' dir='ltr'><strong>nem</strong></span> <span class='ocrx_word' id='word_1_535' title='bbox 1368 3419 1602 3494; x_wconf 89' lang='lat' dir='ltr'><strong>renuntiemus,</strong></span> <span class='ocrx_word' id='word_1_536' title='bbox 1633 3418 1684 3482; x_wconf 89' lang='lat' dir='ltr'><strong>vel</strong></span> <span class='ocrx_word' id='word_1_537' title='bbox 1707 3419 1743 3481; x_wconf 92' lang='lat' dir='ltr'><strong>in</strong></span> <span class='ocrx_word' id='word_1_538' title='bbox 1765 3439 1802 3481; x_wconf 90' lang='lat' dir='ltr'><strong>ea</strong></span> <span class='ocrx_word' id='word_1_539' title='bbox 1831 3424 2061 3499; x_wconf 90' lang='lat' dir='ltr'><strong>permanentes</strong></span> <span class='ocrx_word' id='word_1_540' title='bbox 2083 3436 2197 3496; x_wconf 84' lang='lat' dir='ltr'><strong>pacem</strong></span> <span class='ocrx_word' id='word_1_541' title='bbox 2218 3426 2249 3479; x_wconf 90' lang='lat' dir='ltr'><strong>et</strong></span> 
     </span>
     <span class='ocr_line' id='line_1_37' title="bbox 237 3491 1972 3588; baseline 0.005 -32"><span class='ocrx_word' id='word_1_542' title='bbox 237 3491 323 3561; x_wconf 80' lang='lat' dir='ltr'><strong>Nam</strong></span> <span class='ocrx_word' id='word_1_543' title='bbox 342 3514 383 3556; x_wconf 90' lang='lat' dir='ltr'><strong>ne</strong></span> <span class='ocrx_word' id='word_1_544' title='bbox 401 3494 462 3558; x_wconf 93' lang='lat' dir='ltr'><strong>suh</strong></span> <span class='ocrx_word' id='word_1_545' title='bbox 484 3496 637 3561; x_wconf 89' lang='lat' dir='ltr'><strong>ecclcsiae</strong></span> <span class='ocrx_word' id='word_1_546' title='bbox 659 3500 754 3563; x_wconf 91' lang='lat' dir='ltr'><strong>titulo</strong></span> <span class='ocrx_word' id='word_1_547' title='bbox 776 3502 956 3584; x_wconf 89' lang='lat' dir='ltr'><strong>impostura</strong></span> <span class='ocrx_word' id='word_1_548' title='bbox 973 3504 1066 3570; x_wconf 90' lang='lat' dir='ltr'><strong>nohis</strong></span> <span class='ocrx_word' id='word_1_549' title='bbox 1084 3507 1152 3581; x_wconf 93' lang='lat' dir='ltr'><strong>fiat,</strong></span> <span class='ocrx_word' id='word_1_550' title='bbox 1175 3504 1218 3568; x_wconf 91' lang='lat' dir='ltr'><strong>ad</strong></span> <span class='ocrx_word' id='word_1_551' title='bbox 1242 3514 1245 3549; x_wconf 76' lang='lat'>²</span> <span class='ocrx_word' id='word_1_552' title='bbox 1270 3506 1472 3588; x_wconf 87' lang='lat' dir='ltr'><strong>disciplinam</strong></span> <span class='ocrx_word' id='word_1_553' title='bbox 1494 3506 1553 3569; x_wconf 80' lang='lat' dir='ltr'><strong>rite</strong></span> <span class='ocrx_word' id='word_1_554' title='bbox 1575 3505 1775 3584; x_wconf 76' lang='lat' dir='ltr'><strong>compositum</strong></span> <span class='ocrx_word' id='word_1_555' title='bbox 1796 3504 1972 3567; x_wconf 90' lang='lat' dir='ltr'><strong>turbemus.</strong></span> 
     </span>
     <span class='ocr_line' id='line_1_38' title="bbox 236 3575 2250 3674; baseline 0.004 -35"><span class='ocrx_word' id='word_1_556' title='bbox 236 3575 327 3641; x_wconf 88' lang='lat' dir='ltr'><strong>illam</strong></span> <span class='ocrx_word' id='word_1_557' title='bbox 346 3580 578 3660; x_wconf 86' lang='lat' dir='ltr'><strong>probationem,</strong></span> <span class='ocrx_word' id='word_1_558' title='bbox 598 3604 656 3647; x_wconf 91' lang='lat' dir='ltr'><strong>ceu</strong></span> <span class='ocrx_word' id='word_1_559' title='bbox 675 3585 716 3649; x_wconf 91' lang='lat' dir='ltr'><strong>ad</strong></span> <span class='ocrx_word' id='word_1_560' title='bbox 735 3585 860 3670; x_wconf 85' lang='lat' dir='ltr'><strong>lydium</strong></span> <span class='ocrx_word' id='word_1_561' title='bbox 882 3588 1032 3671; x_wconf 87' lang='lat' dir='ltr'><strong>lapidem,</strong></span> <span class='ocrx_word' id='word_1_562' title='bbox 1055 3591 1218 3674; x_wconf 82' lang='lat' dir='ltr'><strong>erigenda</strong></span> <span class='ocrx_word' id='word_1_563' title='bbox 1359 3596 1406 3655; x_wconf 88' lang='lat'><strong>13.</strong></span> <span class='ocrx_word' id='word_1_564' title='bbox 1463 3592 1505 3654; x_wconf 90' lang='grc' dir='ltr'><strong>Ιιι</strong></span> <span class='ocrx_word' id='word_1_565' title='bbox 1537 3593 1623 3655; x_wconf 84' lang='lat' dir='ltr'><strong>vitae</strong></span> <span class='ocrx_word' id='word_1_566' title='bbox 1655 3598 1765 3654; x_wconf 90' lang='lat' dir='ltr'><strong>autem</strong></span> <span class='ocrx_word' id='word_1_567' title='bbox 1798 3589 2041 3670; x_wconf 85' lang='lat' dir='ltr'><strong>imperfectione</strong></span> <span class='ocrx_word' id='word_1_568' title='bbox 2081 3585 2250 3651; x_wconf 90' lang='lat' dir='ltr'><strong>toleranda</strong></span> 
     </span>
     <span class='ocr_line' id='line_1_39' title="bbox 236 3666 2247 3760; baseline 0.004 -34"><span class='ocrx_word' id='word_1_569' title='bbox 236 3675 287 3727; x_wconf 87' lang='lat' dir='ltr'><strong>est</strong></span> <span class='ocrx_word' id='word_1_570' title='bbox 304 3666 411 3729; x_wconf 90' lang='lat' dir='ltr'><strong>omnis</strong></span> <span class='ocrx_word' id='word_1_571' title='bbox 430 3671 638 3751; x_wconf 85' lang='lat' dir='ltr'><strong>congregatio</strong></span> <span class='ocrx_word' id='word_1_572' title='bbox 652 3691 734 3752; x_wconf 89' lang='lat' dir='ltr'><strong>quae</strong></span> <span class='ocrx_word' id='word_1_573' title='bbox 752 3673 905 3738; x_wconf 89' lang='lat' dir='ltr'><strong>ecclesiae</strong></span> <span class='ocrx_word' id='word_1_574' title='bbox 922 3696 1042 3740; x_wconf 90' lang='lat' dir='ltr'><strong>nomen</strong></span> <span class='ocrx_word' id='word_1_575' title='bbox 1060 3676 1216 3740; x_wconf 90' lang='lat' dir='ltr'><strong>obtendit.</strong></span> <span class='ocrx_word' id='word_1_576' title='bbox 1269 3678 1372 3742; x_wconf 89' lang='lat' dir='ltr'><strong>multo</strong></span> <span class='ocrx_word' id='word_1_577' title='bbox 1401 3678 1531 3760; x_wconf 88' lang='lat' dir='ltr'><strong>longius</strong></span> <span class='ocrx_word' id='word_1_578' title='bbox 1558 3675 1730 3759; x_wconf 89' lang='lat' dir='ltr'><strong>procedere</strong></span> <span class='ocrx_word' id='word_1_579' title='bbox 1763 3675 1971 3756; x_wconf 88' lang='lat' dir='ltr'><strong>indulgentia</strong></span> <span class='ocrx_word' id='word_1_580' title='bbox 1998 3680 2112 3736; x_wconf 89' lang='lat' dir='ltr'><strong>nostra</strong></span> <span class='ocrx_word' id='word_1_581' title='bbox 2145 3671 2247 3736; x_wconf 85' lang='lat' dir='ltr'><strong>debet.</strong></span> 
     </span>
     <span class='ocr_line' id='line_1_40' title="bbox 235 3746 2248 3842; baseline 0.002 -28"><span class='ocrx_word' id='word_1_582' title='bbox 235 3746 274 3814; x_wconf 79' lang='lat' dir='ltr'><strong>Si</strong></span> <span class='ocrx_word' id='word_1_583' title='bbox 297 3749 444 3815; x_wconf 88' lang='lat' dir='ltr'><strong>ordinem</strong></span> <span class='ocrx_word' id='word_1_584' title='bbox 468 3753 567 3818; x_wconf 89' lang='lat' dir='ltr'><strong>habet</strong></span> <span class='ocrx_word' id='word_1_585' title='bbox 582 3757 618 3818; x_wconf 90' lang='lat' dir='ltr'><strong>in</strong></span> <span class='ocrx_word' id='word_1_586' title='bbox 640 3757 739 3822; x_wconf 87' lang='lat' dir='ltr'><strong>verbo</strong></span> <span class='ocrx_word' id='word_1_587' title='bbox 754 3769 787 3822; x_wconf 93' lang='lat' dir='ltr'><strong>et</strong></span> <span class='ocrx_word' id='word_1_588' title='bbox 810 3763 1022 3826; x_wconf 90' lang='lat' dir='ltr'><strong>sacramentis</strong></span> <span class='ocrx_word' id='word_1_589' title='bbox 1038 3784 1057 3828; x_wconf 92' lang='lat' dir='ltr'><strong>a</strong></span> <span class='ocrx_word' id='word_1_590' title='bbox 1073 3763 1217 3827; x_wconf 91' lang='lat' dir='ltr'><strong>Domino</strong></span> <span class='ocrx_word' id='word_1_591' title='bbox 1269 3764 1335 3829; x_wconf 87' lang='lat' dir='ltr'><strong>Hic</strong></span> <span class='ocrx_word' id='word_1_592' title='bbox 1353 3765 1441 3828; x_wconf 88' lang='lat' dir='ltr'><strong>enim</strong></span> <span class='ocrx_word' id='word_1_593' title='bbox 1460 3762 1555 3828; x_wconf 89' lang='lat' dir='ltr'><strong>valde</strong></span> <span class='ocrx_word' id='word_1_594' title='bbox 1573 3763 1719 3827; x_wconf 89' lang='lat' dir='ltr'><strong>lubricus</strong></span> <span class='ocrx_word' id='word_1_595' title='bbox 1736 3771 1786 3825; x_wconf 90' lang='lat' dir='ltr'><strong>est</strong></span> <span class='ocrx_word' id='word_1_596' title='bbox 1804 3762 1922 3842; x_wconf 80' lang='lat' dir='ltr'><strong>lapsus,</strong></span> <span class='ocrx_word' id='word_1_597' title='bbox 1941 3781 2045 3841; x_wconf 88' lang='lat' dir='ltr'><strong>noque</strong></span> <span class='ocrx_word' id='word_1_598' title='bbox 2057 3756 2248 3840; x_wconf 87' lang='lat' dir='ltr'><strong>vulgaribus</strong></span> 
     </span>
     <span class='ocr_line' id='line_1_41' title="bbox 235 3837 2250 3918; baseline 0.003 -18"><span class='ocrx_word' id='word_1_599' title='bbox 235 3837 512 3918; x_wconf 89' lang='lat' dir='ltr'><strong>commendatum,</strong></span> <span class='ocrx_word' id='word_1_600' title='bbox 541 3862 607 3904; x_wconf 93' lang='lat' dir='ltr'><strong>non</strong></span> <span class='ocrx_word' id='word_1_601' title='bbox 636 3843 740 3907; x_wconf 87' lang='lat' dir='ltr'><strong>fallet:</strong></span> <span class='ocrx_word' id='word_1_602' title='bbox 772 3865 885 3910; x_wconf 89' lang='lat' dir='ltr'><strong>secure</strong></span> <span class='ocrx_word' id='word_1_603' title='bbox 907 3846 956 3910; x_wconf 91' lang='lat' dir='ltr'><strong>illi</strong></span> <span class='ocrx_word' id='word_1_604' title='bbox 983 3847 1143 3912; x_wconf 89' lang='lat' dir='ltr'><strong>honorem</strong></span> <span class='ocrx_word' id='word_1_605' title='bbox 1165 3869 1216 3912; x_wconf 90' lang='lat' dir='ltr'><strong>ee·</strong></span> <span class='ocrx_word' id='word_1_606' title='bbox 1268 3851 1541 3915; x_wconf 86' lang='lat' dir='ltr'><strong>machinamentis</strong></span> <span class='ocrx_word' id='word_1_607' title='bbox 1570 3848 1623 3913; x_wconf 89' lang='lat' dir='ltr'><strong>hic</strong></span> <span class='ocrx_word' id='word_1_608' title='bbox 1640 3857 1733 3911; x_wconf 87' lang='lat' dir='ltr'><strong>satan</strong></span> <span class='ocrx_word' id='word_1_609' title='bbox 1752 3847 1846 3911; x_wconf 92' lang='lat' dir='ltr'><strong>nobis</strong></span> <span class='ocrx_word' id='word_1_610' title='bbox 1868 3845 2050 3911; x_wconf 88' lang='lat' dir='ltr'><strong>insidiatur.</strong></span> <span class='ocrx_word' id='word_1_611' title='bbox 2095 3845 2250 3907; x_wconf 79' lang='lat' dir='ltr'><strong>Fuerimt</strong></span> 
     </span>
     <span class='ocr_line' id='line_1_42' title="bbox 236 3920 2249 4018; baseline 0.002 -33"><span class='ocrx_word' id='word_1_612' title='bbox 236 3920 342 3986; x_wconf 88' lang='lat' dir='ltr'><strong>elesiis</strong></span> <span class='ocrx_word' id='word_1_613' title='bbox 369 3923 515 3989; x_wconf 91' lang='lat' dir='ltr'><strong>debitum</strong></span> <span class='ocrx_word' id='word_1_614' title='bbox 543 3925 741 4009; x_wconf 87' lang='lat' dir='ltr'><strong>deferamus;</strong></span> <span class='ocrx_word' id='word_1_615' title='bbox 774 3951 906 3995; x_wconf 89' lang='lat' dir='ltr'><strong>rursum</strong></span> <span class='ocrx_word' id='word_1_616' title='bbox 934 3954 1012 3997; x_wconf 90' lang='lat' dir='ltr'><strong>vero</strong></span> <span class='ocrx_word' id='word_1_617' title='bbox 1041 3935 1068 3997; x_wconf 91' lang='lat' dir='ltr'><strong>si</strong></span> <span class='ocrx_word' id='word_1_618' title='bbox 1096 3933 1217 4015; x_wconf 89' lang='lat' dir='ltr'><strong>absque</strong></span> <span class='ocrx_word' id='word_1_619' title='bbox 1268 3938 1355 4001; x_wconf 92' lang='lat' dir='ltr'><strong>enim</strong></span> <span class='ocrx_word' id='word_1_620' title='bbox 1379 3957 1507 4018; x_wconf 89' lang='lat' dir='ltr'><strong>semper</strong></span> <span class='ocrx_word' id='word_1_621' title='bbox 1528 3936 1584 4015; x_wconf 88' lang='lat' dir='ltr'><strong>qui</strong></span> <span class='ocrx_word' id='word_1_622' title='bbox 1610 3933 1693 3998; x_wconf 83' lang='lat' dir='ltr'><strong>falsa</strong></span> <span class='ocrx_word' id='word_1_623' title='bbox 1720 3933 1886 3997; x_wconf 86' lang='lat' dir='ltr'><strong>absolutae</strong></span> <span class='ocrx_word' id='word_1_624' title='bbox 1913 3931 2146 3997; x_wconf 74' lang='lat' dir='ltr'><strong>sanchmoniae</strong></span> <span class='ocrx_word' id='word_1_625' title='bbox 2172 3950 2249 4010; x_wconf 91' lang='lat' dir='ltr'><strong>per-</strong></span> 
     </span>
     <span class='ocr_line' id='line_1_43' title="bbox 235 4006 2248 4105; baseline -0.015 -1"><span class='ocrx_word' id='word_1_626' title='bbox 235 4006 335 4105; x_wconf 48' lang='lat' dir='ltr'>vqflf&#39;</span> <span class='ocrx_word' id='word_1_627' title='bbox 365 4018 397 4072; x_wconf 60' lang='lat' dir='ltr'><strong>et</strong></span> <span class='ocrx_word' id='word_1_628' title='bbox 424 4015 637 4078; x_wconf 63' lang='lat' dir='ltr'><strong>⁸fl⁰fflm9¹¹ti⁸</strong></span> <span class='ocrx_word' id='word_1_629' title='bbox 664 4036 699 4079; x_wconf 72' lang='lat'><strong>⁸0</strong></span> <span class='ocrx_word' id='word_1_630' title='bbox 728 4016 891 4094; x_wconf 58' lang='lat' dir='ltr'><strong>Vssssdilsslt</strong></span> <span class='ocrx_word' id='word_1_631' title='bbox 927 4039 946 4081; x_wconf 91' lang='lat' dir='ltr'><strong>a</strong></span> <span class='ocrx_word' id='word_1_632' title='bbox 974 4017 1094 4083; x_wconf 89' lang='lat' dir='ltr'><strong>talibus</strong></span> <span class='ocrx_word' id='word_1_633' title='bbox 1122 4041 1216 4102; x_wconf 90' lang='lat' dir='ltr'><strong>prae-</strong></span> <span class='ocrx_word' id='word_1_634' title='bbox 1268 4024 1418 4086; x_wconf 90' lang='lat' dir='ltr'><strong>suasione</strong></span> <span class='ocrx_word' id='word_1_635' title='bbox 1435 4022 1550 4086; x_wconf 88' lang='lat' dir='ltr'><strong>imbuti</strong></span> <span class='ocrx_word' id='word_1_636' title='bbox 1567 4032 1725 4101; x_wconf 89' lang='lat' dir='ltr'><strong>tanquam</strong></span> <span class='ocrx_word' id='word_1_637' title='bbox 1748 4020 1827 4082; x_wconf 90' lang='lat' dir='ltr'><strong>aerii</strong></span> <span class='ocrx_word' id='word_1_638' title='bbox 1842 4019 1974 4100; x_wconf 90' lang='lat' dir='ltr'><strong>quidam</strong></span> <span class='ocrx_word' id='word_1_639' title='bbox 1992 4015 2162 4081; x_wconf 90' lang='lat' dir='ltr'><strong>daemones</strong></span> <span class='ocrx_word' id='word_1_640' title='bbox 2179 4015 2248 4076; x_wconf 88' lang='lat' dir='ltr'><strong>iam</strong></span> 
     </span>
     <span class='ocr_line' id='line_1_44' title="bbox 235 4098 2248 4186; baseline 0.006 -30"><span class='ocrx_word' id='word_1_641' title='bbox 235 4099 341 4175; x_wconf 84' lang='lat' dir='ltr'><strong>atrgirs</strong></span> <span class='ocrx_word' id='word_1_642' title='bbox 358 4116 424 4158; x_wconf 92' lang='lat' dir='ltr'><strong>non</strong></span> <span class='ocrx_word' id='word_1_643' title='bbox 442 4098 920 4183; x_wconf 85' lang='lat' dir='ltr'><strong>minusreligiosecavendum‚</strong></span> <span class='ocrx_word' id='word_1_644' title='bbox 944 4125 1041 4186; x_wconf 89' lang='lat' dir='ltr'><strong>quam</strong></span> <span class='ocrx_word' id='word_1_645' title='bbox 1059 4106 1095 4168; x_wconf 93' lang='lat' dir='ltr'><strong>in</strong></span> <span class='ocrx_word' id='word_1_646' title='bbox 1113 4106 1217 4170; x_wconf 90' lang='lat' dir='ltr'><strong>altera</strong></span> <span class='ocrx_word' id='word_1_647' title='bbox 1267 4109 1345 4173; x_wconf 87' lang='lat' dir='ltr'><strong>fact-i</strong></span> <span class='ocrx_word' id='word_1_648' title='bbox 1366 4114 1483 4184; x_wconf 87' lang='lat' dir='ltr'><strong>essent,</strong></span> <span class='ocrx_word' id='word_1_649' title='bbox 1504 4107 1650 4170; x_wconf 89' lang='lat' dir='ltr'><strong>omnium</strong></span> <span class='ocrx_word' id='word_1_650' title='bbox 1673 4105 1844 4169; x_wconf 91' lang='lat' dir='ltr'><strong>hominum</strong></span> <span class='ocrx_word' id='word_1_651' title='bbox 1865 4103 2061 4169; x_wconf 86' lang='lat' dir='ltr'><strong>consortium</strong></span> <span class='ocrx_word' id='word_1_652' title='bbox 2089 4119 2248 4181; x_wconf 74' lang='lat' dir='ltr'><strong>asperna-</strong></span> 
     </span>
     <span class='ocr_line' id='line_1_45' title="bbox 234 4183 2249 4275; baseline 0.001 -31"><span class='ocrx_word' id='word_1_653' title='bbox 234 4187 328 4261; x_wconf 82' lang='lat' dir='ltr'><strong>parte</strong></span> <span class='ocrx_word' id='word_1_654' title='bbox 348 4183 514 4247; x_wconf 84' lang='lat' dir='ltr'><strong>temeritas</strong></span> <span class='ocrx_word' id='word_1_655' title='bbox 535 4187 753 4268; x_wconf 85' lang='lat' dir='ltr'><strong>superbiaque</strong></span> <span class='ocrx_word' id='word_1_656' title='bbox 774 4189 938 4271; x_wconf 87' lang='lat' dir='ltr'><strong>fugienda.</strong></span> <span class='ocrx_word' id='word_1_657' title='bbox 1267 4204 1398 4270; x_wconf 82' lang='lat' dir='ltr'><strong>rantur,</strong></span> <span class='ocrx_word' id='word_1_658' title='bbox 1421 4191 1596 4275; x_wconf 93' lang='lat' dir='ltr'><strong>inquibus</strong></span> <span class='ocrx_word' id='word_1_659' title='bbox 1618 4191 1801 4255; x_wconf 90' lang='lat' dir='ltr'><strong>humanum</strong></span> <span class='ocrx_word' id='word_1_660' title='bbox 1830 4190 1938 4254; x_wconf 90' lang='lat' dir='ltr'><strong>adhuc</strong></span> <span class='ocrx_word' id='word_1_661' title='bbox 1967 4184 2087 4269; x_wconf 88' lang='lat' dir='ltr'><strong>aliquid</strong></span> <span class='ocrx_word' id='word_1_662' title='bbox 2111 4183 2249 4249; x_wconf 87' lang='lat' dir='ltr'><strong>subesse</strong></span> 
     </span>
     <span class='ocr_line' id='line_1_46' title="bbox 325 4267 2247 4355; baseline 0.003 -28"><span class='ocrx_word' id='word_1_663' title='bbox 325 4269 371 4329; x_wconf 87' lang='lat'><strong>12.</strong></span> <span class='ocrx_word' id='word_1_664' title='bbox 424 4267 521 4348; x_wconf 82' lang='lat' dir='ltr'><strong>Quod</strong></span> <span class='ocrx_word' id='word_1_665' title='bbox 544 4270 696 4350; x_wconf 88' lang='lat' dir='ltr'><strong>dicimus,</strong></span> <span class='ocrx_word' id='word_1_666' title='bbox 727 4294 847 4355; x_wconf 91' lang='lat' dir='ltr'><strong>purum</strong></span> <span class='ocrx_word' id='word_1_667' title='bbox 871 4275 964 4340; x_wconf 88' lang='lat' dir='ltr'><strong>verbi</strong></span> <span class='ocrx_word' id='word_1_668' title='bbox 995 4277 1216 4341; x_wconf 89' lang='lat' dir='ltr'><strong>ministerium</strong></span> <span class='ocrx_word' id='word_1_669' title='bbox 1240 4268 1244 4297; x_wconf 81' lang='lat'><em>¹</em></span> <span class='ocrx_word' id='word_1_670' title='bbox 1267 4287 1447 4344; x_wconf 88' lang='lat' dir='ltr'><strong>cernerent.</strong></span> <span class='ocrx_word' id='word_1_671' title='bbox 1500 4279 1597 4343; x_wconf 80' lang='lat' dir='ltr'><strong>&#39;Pales</strong></span> <span class='ocrx_word' id='word_1_672' title='bbox 1629 4277 1707 4341; x_wconf 90' lang='lat' dir='ltr'><strong>olim</strong></span> <span class='ocrx_word' id='word_1_673' title='bbox 1742 4287 1837 4340; x_wconf 88' lang='lat' dir='ltr'><strong>erant</strong></span> <span class='ocrx_word' id='word_1_674' title='bbox 1865 4274 2016 4349; x_wconf 60' lang='lat' dir='ltr'><strong>(dathan,</strong></span> <span class='ocrx_word' id='word_1_675' title='bbox 2047 4286 2081 4337; x_wconf 91' lang='lat' dir='ltr'><strong>et</strong></span> <span class='ocrx_word' id='word_1_676' title='bbox 2113 4271 2169 4353; x_wconf 90' lang='lat' dir='ltr'><strong>qui</strong></span> <span class='ocrx_word' id='word_1_677' title='bbox 2205 4269 2247 4335; x_wconf 91' lang='lat' dir='ltr'><strong>ad</strong></span> 
     </span>
     <span class='ocr_line' id='line_1_47' title="bbox 234 4354 2247 4434; baseline 0.002 -19"><span class='ocrx_word' id='word_1_678' title='bbox 234 4360 268 4415; x_wconf 90' lang='lat' dir='ltr'><strong>et</strong></span> <span class='ocrx_word' id='word_1_679' title='bbox 290 4374 409 4434; x_wconf 90' lang='lat' dir='ltr'><strong>purum</strong></span> <span class='ocrx_word' id='word_1_680' title='bbox 432 4354 467 4416; x_wconf 90' lang='grc' dir='ltr'><strong>ιιι</strong></span> <span class='ocrx_word' id='word_1_681' title='bbox 489 4356 691 4421; x_wconf 86' lang='lat' dir='ltr'><strong>celebrandis</strong></span> <span class='ocrx_word' id='word_1_682' title='bbox 709 4363 922 4425; x_wconf 86' lang='lat' dir='ltr'><strong>sacramentis</strong></span> <span class='ocrx_word' id='word_1_683' title='bbox 944 4363 1045 4425; x_wconf 91' lang='lat' dir='ltr'><strong>ritum</strong></span> <span class='ocrx_word' id='word_1_684' title='bbox 1062 4362 1214 4427; x_wconf 90' lang='lat' dir='ltr'><strong>idoneum</strong></span> <span class='ocrx_word' id='word_1_685' title='bbox 1267 4387 1380 4430; x_wconf 87' lang='lat' dir='ltr'><strong>eorum</strong></span> <span class='ocrx_word' id='word_1_686' title='bbox 1401 4366 1569 4431; x_wconf 87' lang='lat' dir='ltr'><strong>vesaniam</strong></span> <span class='ocrx_word' id='word_1_687' title='bbox 1597 4362 1794 4429; x_wconf 82' lang='lat' dir='ltr'><strong>accedebant</strong></span> <span class='ocrx_word' id='word_1_688' title='bbox 1815 4361 2018 4425; x_wconf 90' lang='lat' dir='ltr'><strong>Donatistae.</strong></span> <span class='ocrx_word' id='word_1_689' title='bbox 2063 4358 2161 4423; x_wconf 80' lang='lat' dir='ltr'><strong>&#39;Pales</strong></span> <span class='ocrx_word' id='word_1_690' title='bbox 2188 4357 2247 4420; x_wconf 91' lang='lat' dir='ltr'><strong>ho·</strong></span> 
     </span>
     <span class='ocr_line' id='line_1_48' title="bbox 233 4439 2247 4532; baseline 0.002 -31"><span class='ocrx_word' id='word_1_691' title='bbox 233 4456 303 4502; x_wconf 84' lang='lat' dir='ltr'><strong>esse</strong></span> <span class='ocrx_word' id='word_1_692' title='bbox 326 4439 447 4523; x_wconf 83' lang='lat' dir='ltr'><strong>pignus</strong></span> <span class='ocrx_word' id='word_1_693' title='bbox 469 4448 503 4503; x_wconf 94' lang='lat' dir='ltr'><strong>et</strong></span> <span class='ocrx_word' id='word_1_694' title='bbox 523 4442 752 4519; x_wconf 88' lang='lat' dir='ltr'><strong>arrhabonem,</strong></span> <span class='ocrx_word' id='word_1_695' title='bbox 777 4455 815 4508; x_wconf 90' lang='lat' dir='ltr'><strong>ut</strong></span> <span class='ocrx_word' id='word_1_696' title='bbox 837 4455 907 4510; x_wconf 90' lang='lat' dir='ltr'><strong>tuto</strong></span> <span class='ocrx_word' id='word_1_697' title='bbox 929 4450 1092 4529; x_wconf 90' lang='lat' dir='ltr'><strong>possimus</strong></span> <span class='ocrx_word' id='word_1_698' title='bbox 1114 4451 1215 4514; x_wconf 88' lang='lat' dir='ltr'><strong>secie-</strong></span> <span class='ocrx_word' id='word_1_699' title='bbox 1267 4451 1319 4517; x_wconf 93' lang='lat' dir='ltr'><strong>die</strong></span> <span class='ocrx_word' id='word_1_700' title='bbox 1346 4458 1424 4515; x_wconf 91' lang='lat' dir='ltr'><strong>sunt</strong></span> <span class='ocrx_word' id='word_1_701' title='bbox 1450 4472 1491 4514; x_wconf 79' lang='lat' dir='ltr'><strong>ex</strong></span> <span class='ocrx_word' id='word_1_702' title='bbox 1514 4450 1739 4531; x_wconf 80' lang='lat' dir='ltr'><strong>Anabaptistis</strong></span> <span class='ocrx_word' id='word_1_703' title='bbox 1766 4448 1930 4525; x_wconf 90' lang='lat' dir='ltr'><strong>nonnulli,</strong></span> <span class='ocrx_word' id='word_1_704' title='bbox 1960 4447 2017 4532; x_wconf 91' lang='lat' dir='ltr'><strong>qui</strong></span> <span class='ocrx_word' id='word_1_705' title='bbox 2044 4465 2154 4527; x_wconf 73' lang='lat' dir='ltr'><strong>supra</strong></span> <span class='ocrx_word' id='word_1_706' title='bbox 2166 4443 2247 4507; x_wconf 87' lang='lat' dir='ltr'><strong>alios</strong></span> 
     </span>
     <span class='ocr_line' id='line_1_49' title="bbox 232 4526 2247 4619; baseline 0.002 -33"><span class='ocrx_word' id='word_1_707' title='bbox 232 4529 343 4602; x_wconf 87' lang='lat' dir='ltr'><strong>tatem,</strong></span> <span class='ocrx_word' id='word_1_708' title='bbox 371 4526 406 4588; x_wconf 92' lang='lat' dir='ltr'><strong>in</strong></span> <span class='ocrx_word' id='word_1_709' title='bbox 428 4546 493 4608; x_wconf 90' lang='lat' dir='ltr'><strong>qua</strong></span> <span class='ocrx_word' id='word_1_710' title='bbox 512 4535 689 4610; x_wconf 90' lang='lat' dir='ltr'><strong>utrumque</strong></span> <span class='ocrx_word' id='word_1_711' title='bbox 711 4531 883 4608; x_wconf 86' lang='lat' dir='ltr'><strong>exstiterit,</strong></span> <span class='ocrx_word' id='word_1_712' title='bbox 905 4554 964 4614; x_wconf 88' lang='lat' dir='ltr'><strong>pro</strong></span> <span class='ocrx_word' id='word_1_713' title='bbox 987 4534 1123 4600; x_wconf 86' lang='lat' dir='ltr'><strong>eeclesia</strong></span> <span class='ocrx_word' id='word_1_714' title='bbox 1145 4547 1214 4599; x_wconf 90' lang='lat' dir='ltr'><strong>am·</strong></span> <span class='ocrx_word' id='word_1_715' title='bbox 1266 4538 1385 4604; x_wconf 90' lang='lat' dir='ltr'><strong>volunt</strong></span> <span class='ocrx_word' id='word_1_716' title='bbox 1405 4536 1509 4601; x_wconf 91' lang='lat' dir='ltr'><strong>videri</strong></span> <span class='ocrx_word' id='word_1_717' title='bbox 1531 4537 1714 4619; x_wconf 87' lang='lat' dir='ltr'><strong>profecisse.</strong></span> <span class='ocrx_word' id='word_1_718' title='bbox 1748 4534 1816 4597; x_wconf 81' lang='lat' dir='ltr'><strong>Alii</strong></span> <span class='ocrx_word' id='word_1_719' title='bbox 1835 4543 1912 4598; x_wconf 91' lang='lat' dir='ltr'><strong>sunt</strong></span> <span class='ocrx_word' id='word_1_720' title='bbox 1929 4533 1985 4615; x_wconf 90' lang='lat' dir='ltr'><strong>qui</strong></span> <span class='ocrx_word' id='word_1_721' title='bbox 2006 4530 2247 4597; x_wconf 88' lang='lat' dir='ltr'><strong>inconsiderato</strong></span> 
     </span>
     <span class='ocr_line' id='line_1_50' title="bbox 232 4608 2246 4706; baseline 0.004 -33"><span class='ocrx_word' id='word_1_722' title='bbox 232 4608 372 4691; x_wconf 74' lang='lat' dir='ltr'><strong>planari,</strong></span> <span class='ocrx_word' id='word_1_723' title='bbox 402 4634 504 4694; x_wconf 92' lang='lat' dir='ltr'><strong>usque</strong></span> <span class='ocrx_word' id='word_1_724' title='bbox 534 4634 571 4677; x_wconf 92' lang='lat' dir='ltr'><strong>eo</strong></span> <span class='ocrx_word' id='word_1_725' title='bbox 601 4614 689 4678; x_wconf 91' lang='lat' dir='ltr'><strong>valet</strong></span> <span class='ocrx_word' id='word_1_726' title='bbox 715 4623 752 4678; x_wconf 90' lang='lat' dir='ltr'><strong>nt</strong></span> <span class='ocrx_word' id='word_1_727' title='bbox 778 4638 938 4699; x_wconf 90' lang='lat' dir='ltr'><strong>nusquam</strong></span> <span class='ocrx_word' id='word_1_728' title='bbox 966 4621 1148 4685; x_wconf 89' lang='lat' dir='ltr'><strong>abiicienda</strong></span> <span class='ocrx_word' id='word_1_729' title='bbox 1173 4623 1216 4686; x_wconf 86' lang='lat' dir='ltr'><strong>eit</strong></span> <span class='ocrx_word' id='word_1_730' title='bbox 1266 4624 1372 4706; x_wconf 90' lang='lat' dir='ltr'><strong>magis</strong></span> <span class='ocrx_word' id='word_1_731' title='bbox 1393 4623 1537 4687; x_wconf 87' lang='lat' dir='ltr'><strong>iustitiae</strong></span> <span class='ocrx_word' id='word_1_732' title='bbox 1559 4623 1628 4687; x_wconf 83' lang='lat' dir='ltr'><strong>zelo</strong></span> <span class='ocrx_word' id='word_1_733' title='bbox 1654 4642 1753 4703; x_wconf 90' lang='lat' dir='ltr'><strong>quam</strong></span> <span class='ocrx_word' id='word_1_734' title='bbox 1782 4621 1898 4685; x_wconf 87' lang='lat' dir='ltr'><strong>insana</strong></span> <span class='ocrx_word' id='word_1_735' title='bbox 1918 4619 1977 4683; x_wconf 87' lang='lat' dir='ltr'><strong>illa</strong></span> <span class='ocrx_word' id='word_1_736' title='bbox 1998 4618 2151 4701; x_wconf 91' lang='lat' dir='ltr'><strong>superbia</strong></span> <span class='ocrx_word' id='word_1_737' title='bbox 2170 4636 2246 4696; x_wconf 85' lang='lat' dir='ltr'><strong>pec·</strong></span> 
     </span>
     <span class='ocr_line' id='line_1_51' title="bbox 231 4697 2246 4791; baseline 0.003 -32"><span class='ocrx_word' id='word_1_738' title='bbox 231 4697 387 4777; x_wconf 88' lang='lat' dir='ltr'><strong>quamdiu</strong></span> <span class='ocrx_word' id='word_1_739' title='bbox 416 4699 451 4761; x_wconf 92' lang='lat' dir='ltr'><strong>in</strong></span> <span class='ocrx_word' id='word_1_740' title='bbox 479 4698 545 4764; x_wconf 90' lang='lat' dir='ltr'><strong>illis</strong></span> <span class='ocrx_word' id='word_1_741' title='bbox 573 4702 767 4782; x_wconf 85' lang='lat' dir='ltr'><strong>perstiterit,</strong></span> <span class='ocrx_word' id='word_1_742' title='bbox 801 4703 929 4768; x_wconf 90' lang='lat' dir='ltr'><strong>etiamsi</strong></span> <span class='ocrx_word' id='word_1_743' title='bbox 955 4707 1067 4770; x_wconf 89' lang='lat' dir='ltr'><strong>multis</strong></span> <span class='ocrx_word' id='word_1_744' title='bbox 1094 4707 1214 4789; x_wconf 91' lang='lat' dir='ltr'><strong>alioqui</strong></span> <span class='ocrx_word' id='word_1_745' title='bbox 1265 4719 1350 4775; x_wconf 88' lang='lat' dir='ltr'><strong>cant.</strong></span> <span class='ocrx_word' id='word_1_746' title='bbox 1394 4708 1486 4773; x_wconf 93' lang='lat' dir='ltr'><strong>Dum</strong></span> <span class='ocrx_word' id='word_1_747' title='bbox 1508 4710 1597 4773; x_wconf 89' lang='lat' dir='ltr'><strong>enim</strong></span> <span class='ocrx_word' id='word_1_748' title='bbox 1619 4707 1706 4791; x_wconf 88' lang='lat' dir='ltr'><strong>apud</strong></span> <span class='ocrx_word' id='word_1_749' title='bbox 1731 4726 1788 4771; x_wconf 83' lang='lat' dir='ltr'><strong>eos</strong></span> <span class='ocrx_word' id='word_1_750' title='bbox 1810 4705 1928 4789; x_wconf 90' lang='lat' dir='ltr'><strong>quibus</strong></span> <span class='ocrx_word' id='word_1_751' title='bbox 1956 4704 2163 4788; x_wconf 89' lang='lat' dir='ltr'><strong>evangelium</strong></span> <span class='ocrx_word' id='word_1_752' title='bbox 2185 4722 2246 4764; x_wconf 91' lang='lat' dir='ltr'><strong>an-</strong></span> 
     </span>
     <span class='ocr_line' id='line_1_52' title="bbox 233 4781 2247 4875; baseline 0.002 -29"><span class='ocrx_word' id='word_1_753' title='bbox 233 4781 320 4846; x_wconf 89' lang='lat' dir='ltr'><strong>vitiis</strong></span> <span class='ocrx_word' id='word_1_754' title='bbox 347 4791 479 4848; x_wconf 83' lang='lat' dir='ltr'><strong>scateat.</strong></span> <span class='ocrx_word' id='word_1_755' title='bbox 524 4784 616 4866; x_wconf 78' lang='lat' dir='ltr'><strong>Quin</strong></span> <span class='ocrx_word' id='word_1_756' title='bbox 644 4788 742 4852; x_wconf 92' lang='lat' dir='ltr'><strong>etiam</strong></span> <span class='ocrx_word' id='word_1_757' title='bbox 770 4791 889 4870; x_wconf 84' lang='lat' dir='ltr'><strong>peterit</strong></span> <span class='ocrx_word' id='word_1_758' title='bbox 909 4792 963 4857; x_wconf 89' lang='lat' dir='ltr'><strong>vel</strong></span> <span class='ocrx_word' id='word_1_759' title='bbox 990 4794 1025 4856; x_wconf 94' lang='lat' dir='ltr'><strong>in</strong></span> <span class='ocrx_word' id='word_1_760' title='bbox 1048 4792 1214 4857; x_wconf 75' lang='lat' dir='ltr'><strong>dommac</strong></span> <span class='ocrx_word' id='word_1_761' title='bbox 1265 4797 1447 4872; x_wconf 88' lang='lat' dir='ltr'><strong>nuntiatur,</strong></span> <span class='ocrx_word' id='word_1_762' title='bbox 1470 4796 1541 4859; x_wconf 88' lang='lat' dir='ltr'><strong>eius</strong></span> <span class='ocrx_word' id='word_1_763' title='bbox 1559 4794 1727 4859; x_wconf 87' lang='lat' dir='ltr'><strong>doctrinae</strong></span> <span class='ocrx_word' id='word_1_764' title='bbox 1748 4813 1815 4856; x_wconf 93' lang='lat' dir='ltr'><strong>non</strong></span> <span class='ocrx_word' id='word_1_765' title='bbox 1837 4790 2034 4875; x_wconf 89' lang='lat' dir='ltr'><strong>respondere</strong></span> <span class='ocrx_word' id='word_1_766' title='bbox 2052 4791 2141 4854; x_wconf 87' lang='lat' dir='ltr'><strong>vitae</strong></span> <span class='ocrx_word' id='word_1_767' title='bbox 2158 4789 2247 4852; x_wconf 83' lang='lat' dir='ltr'><strong>lme-</strong></span> 
     </span>
     <span class='ocr_line' id='line_1_53' title="bbox 232 4866 2247 4961; baseline 0.004 -32"><span class='ocrx_word' id='word_1_768' title='bbox 232 4866 285 4930; x_wconf 92' lang='lat' dir='ltr'><strong>vel</strong></span> <span class='ocrx_word' id='word_1_769' title='bbox 302 4869 337 4932; x_wconf 92' lang='grc' dir='ltr'><strong>ιιι</strong></span> <span class='ocrx_word' id='word_1_770' title='bbox 356 4880 634 4936; x_wconf 85' lang='lat' dir='ltr'><strong>sacramentorum</strong></span> <span class='ocrx_word' id='word_1_771' title='bbox 653 4872 935 4941; x_wconf 89' lang='lat' dir='ltr'><strong>administratione</strong></span> <span class='ocrx_word' id='word_1_772' title='bbox 955 4879 1029 4943; x_wconf 93' lang='lat' dir='ltr'><strong>vitii</strong></span> <span class='ocrx_word' id='word_1_773' title='bbox 1045 4877 1213 4961; x_wconf 91' lang='lat' dir='ltr'><strong>quidpiam</strong></span> <span class='ocrx_word' id='word_1_774' title='bbox 1265 4892 1336 4946; x_wconf 94' lang='lat' dir='ltr'><strong>tum</strong></span> <span class='ocrx_word' id='word_1_775' title='bbox 1364 4880 1494 4959; x_wconf 89' lang='lat' dir='ltr'><strong>vident,</strong></span> <span class='ocrx_word' id='word_1_776' title='bbox 1524 4880 1650 4945; x_wconf 89' lang='lat' dir='ltr'><strong>nullam</strong></span> <span class='ocrx_word' id='word_1_777' title='bbox 1676 4879 1744 4944; x_wconf 90' lang='lat' dir='ltr'><strong>illic</strong></span> <span class='ocrx_word' id='word_1_778' title='bbox 1773 4900 1843 4943; x_wconf 90' lang='lat' dir='ltr'><strong>esse</strong></span> <span class='ocrx_word' id='word_1_779' title='bbox 1871 4878 2040 4943; x_wconf 88' lang='lat' dir='ltr'><strong>ecclesiam</strong></span> <span class='ocrx_word' id='word_1_780' title='bbox 2062 4877 2175 4940; x_wconf 89' lang='lat' dir='ltr'><strong>statim</strong></span> <span class='ocrx_word' id='word_1_781' title='bbox 2196 4875 2247 4938; x_wconf 93' lang='lat' dir='ltr'><strong>iu·</strong></span> 
     </span>
     <span class='ocr_line' id='line_1_54' title="bbox 232 4950 2246 5047; baseline 0.004 -32"><span class='ocrx_word' id='word_1_782' title='bbox 232 4950 404 5036; x_wconf 90' lang='lat' dir='ltr'><strong>obrepere,</strong></span> <span class='ocrx_word' id='word_1_783' title='bbox 437 4956 523 5037; x_wconf 91' lang='lat' dir='ltr'><strong>quod</strong></span> <span class='ocrx_word' id='word_1_784' title='bbox 555 4958 699 5024; x_wconf 90' lang='lat' dir='ltr'><strong>alienare</strong></span> <span class='ocrx_word' id='word_1_785' title='bbox 728 4982 788 5025; x_wconf 90' lang='lat' dir='ltr'><strong>nos</strong></span> <span class='ocrx_word' id='word_1_786' title='bbox 816 4962 857 5027; x_wconf 94' lang='lat' dir='ltr'><strong>ab</strong></span> <span class='ocrx_word' id='word_1_787' title='bbox 886 4965 956 5028; x_wconf 89' lang='lat' dir='ltr'><strong>eius</strong></span> <span class='ocrx_word' id='word_1_788' title='bbox 985 4966 1213 5031; x_wconf 89' lang='lat' dir='ltr'><strong>communione</strong></span> <span class='ocrx_word' id='word_1_789' title='bbox 1265 4967 1383 5032; x_wconf 89' lang='lat' dir='ltr'><strong>dicant.</strong></span> <span class='ocrx_word' id='word_1_790' title='bbox 1428 4967 1613 5031; x_wconf 89' lang='lat' dir='ltr'><strong>Iustissima</strong></span> <span class='ocrx_word' id='word_1_791' title='bbox 1633 4963 1765 5047; x_wconf 91' lang='lat' dir='ltr'><strong>quidem</strong></span> <span class='ocrx_word' id='word_1_792' title='bbox 1788 4973 1838 5027; x_wconf 89' lang='lat' dir='ltr'><strong>est</strong></span> <span class='ocrx_word' id='word_1_793' title='bbox 1860 4964 2009 5040; x_wconf 87' lang='lat' dir='ltr'><strong>offensio,</strong></span> <span class='ocrx_word' id='word_1_794' title='bbox 2040 4971 2074 5026; x_wconf 90' lang='lat' dir='ltr'><strong>et</strong></span> <span class='ocrx_word' id='word_1_795' title='bbox 2095 4963 2148 5027; x_wconf 92' lang='lat' dir='ltr'><strong>cui</strong></span> <span class='ocrx_word' id='word_1_796' title='bbox 2170 4961 2246 5043; x_wconf 91' lang='lat' dir='ltr'><strong>plus</strong></span> 
     </span>
     <span class='ocr_line' id='line_1_55' title="bbox 233 5039 2246 5132; baseline 0.006 -34"><span class='ocrx_word' id='word_1_797' title='bbox 233 5056 299 5100; x_wconf 92' lang='lat' dir='ltr'><strong>non</strong></span> <span class='ocrx_word' id='word_1_798' title='bbox 328 5039 451 5104; x_wconf 91' lang='lat' dir='ltr'><strong>debeat.</strong></span> <span class='ocrx_word' id='word_1_799' title='bbox 497 5043 573 5123; x_wconf 89' lang='lat' dir='ltr'><strong>Non</strong></span> <span class='ocrx_word' id='word_1_800' title='bbox 601 5044 691 5109; x_wconf 90' lang='lat' dir='ltr'><strong>enim</strong></span> <span class='ocrx_word' id='word_1_801' title='bbox 717 5047 815 5111; x_wconf 92' lang='lat' dir='ltr'><strong>unius</strong></span> <span class='ocrx_word' id='word_1_802' title='bbox 844 5056 921 5113; x_wconf 88' lang='lat' dir='ltr'><strong>sunt</strong></span> <span class='ocrx_word' id='word_1_803' title='bbox 949 5050 1074 5116; x_wconf 83' lang='lat' dir='ltr'><strong>formae</strong></span> <span class='ocrx_word' id='word_1_804' title='bbox 1102 5054 1214 5117; x_wconf 86' lang='lat' dir='ltr'><strong>omnia</strong></span> <span class='ocrx_word' id='word_1_805' title='bbox 1265 5055 1345 5119; x_wconf 92' lang='lat' dir='ltr'><strong>satis</strong></span> <span class='ocrx_word' id='word_1_806' title='bbox 1372 5053 1550 5119; x_wconf 88' lang='lat' dir='ltr'><strong>occasionis</strong></span> <span class='ocrx_word' id='word_1_807' title='bbox 1579 5052 1641 5115; x_wconf 89' lang='lat' dir='ltr'><strong>hoc</strong></span> <span class='ocrx_word' id='word_1_808' title='bbox 1667 5050 1850 5113; x_wconf 90' lang='lat' dir='ltr'><strong>miserrimo</strong></span> <span class='ocrx_word' id='word_1_809' title='bbox 1877 5049 2007 5115; x_wconf 89' lang='lat' dir='ltr'><strong>saeculo</strong></span> <span class='ocrx_word' id='word_1_810' title='bbox 2039 5049 2246 5132; x_wconf 87' lang='lat' dir='ltr'><strong>praebemus.</strong></span> 
     </span>
    </p>
   </div>
   <div class='ocr_carea' id='block_1_4' title="bbox 110 5125 2247 5217">
    <p class='ocr_par' dir='ltr' id='par_1_4' title="bbox 110 5125 2247 5217">
     <span class='ocr_line' id='line_1_56' title="bbox 110 5125 2247 5217; baseline 0.007 -33"><span class='ocrx_word' id='word_1_811' title='bbox 110 5184 115 5193; x_wconf 88' lang='grc'><strong>,</strong></span> <span class='ocrx_word' id='word_1_812' title='bbox 229 5138 330 5187; x_wconf 88' lang='lat' dir='ltr'><strong>verae</strong></span> <span class='ocrx_word' id='word_1_813' title='bbox 362 5125 529 5193; x_wconf 90' lang='lat' dir='ltr'><strong>doctrinae</strong></span> <span class='ocrx_word' id='word_1_814' title='bbox 557 5131 672 5211; x_wconf 90' lang='lat' dir='ltr'><strong>capita.</strong></span> <span class='ocrx_word' id='word_1_815' title='bbox 723 5129 813 5197; x_wconf 79' lang='lat' dir='ltr'><strong>Sunt</strong></span> <span class='ocrx_word' id='word_1_816' title='bbox 838 5134 996 5217; x_wconf 89' lang='lat' dir='ltr'><strong>quaedam</strong></span> <span class='ocrx_word' id='word_1_817' title='bbox 1024 5139 1070 5202; x_wconf 90' lang='lat' dir='ltr'><strong>ita</strong></span> <span class='ocrx_word' id='word_1_818' title='bbox 1101 5160 1213 5204; x_wconf 87' lang='lat' dir='ltr'><strong>neces-</strong></span> <span class='ocrx_word' id='word_1_819' title='bbox 1264 5140 1333 5204; x_wconf 92' lang='lat' dir='ltr'><strong>Nec</strong></span> <span class='ocrx_word' id='word_1_820' title='bbox 1360 5159 1517 5204; x_wconf 85' lang='lat' dir='ltr'><strong>excusare</strong></span> <span class='ocrx_word' id='word_1_821' title='bbox 1547 5137 1624 5201; x_wconf 88' lang='lat' dir='ltr'><strong>lieet</strong></span> <span class='ocrx_word' id='word_1_822' title='bbox 1654 5134 1862 5199; x_wconf 80' lang='lat' dir='ltr'><strong>maledictam</strong></span> <span class='ocrx_word' id='word_1_823' title='bbox 1891 5145 2038 5200; x_wconf 89' lang='lat' dir='ltr'><strong>nostram</strong></span> <span class='ocrx_word' id='word_1_824' title='bbox 2066 5135 2247 5216; x_wconf 85' lang='lat' dir='ltr'><strong>ignaviam,</strong></span> 
     </span>
    </p>
   </div>
   <div class='ocr_carea' id='block_1_5' title="bbox 233 5208 2247 5309">
    <p class='ocr_par' dir='ltr' id='par_1_5' title="bbox 233 5208 2247 5309">
     <span class='ocr_line' id='line_1_57' title="bbox 233 5208 2247 5309; baseline 0.016 -36"><span class='ocrx_word' id='word_1_825' title='bbox 233 5208 322 5273; x_wconf 88' lang='lat' dir='ltr'><strong>caria</strong></span> <span class='ocrx_word' id='word_1_826' title='bbox 348 5214 496 5296; x_wconf 89' lang='lat' dir='ltr'><strong>cognitu,</strong></span> <span class='ocrx_word' id='word_1_827' title='bbox 529 5225 568 5280; x_wconf 92' lang='grc' dir='ltr'><strong>ιιι</strong></span> <span class='ocrx_word' id='word_1_828' title='bbox 593 5217 662 5281; x_wconf 85' lang='lat' dir='ltr'><strong>fixa</strong></span> <span class='ocrx_word' id='word_1_829' title='bbox 688 5237 759 5282; x_wconf 88' lang='lat' dir='ltr'><strong>esse</strong></span> <span class='ocrx_word' id='word_1_830' title='bbox 786 5226 820 5284; x_wconf 91' lang='lat' dir='ltr'><strong>et</strong></span> <span class='ocrx_word' id='word_1_831' title='bbox 846 5219 1032 5288; x_wconf 85' lang='lat' dir='ltr'><strong>indubitata</strong></span> <span class='ocrx_word' id='word_1_832' title='bbox 1063 5225 1213 5290; x_wconf 89' lang='lat' dir='ltr'><strong>omnibns</strong></span> <span class='ocrx_word' id='word_1_833' title='bbox 1264 5246 1362 5309; x_wconf 90' lang='lat' dir='ltr'><strong>quam</strong></span> <span class='ocrx_word' id='word_1_834' title='bbox 1383 5223 1549 5289; x_wconf 89' lang='lat' dir='ltr'><strong>Dominus</strong></span> <span class='ocrx_word' id='word_1_835' title='bbox 1576 5222 1773 5304; x_wconf 86' lang='lat' dir='ltr'><strong>impunitam</strong></span> <span class='ocrx_word' id='word_1_836' title='bbox 1794 5243 1862 5287; x_wconf 90' lang='lat' dir='ltr'><strong>non</strong></span> <span class='ocrx_word' id='word_1_837' title='bbox 1890 5223 1990 5300; x_wconf 75' lang='lat' dir='ltr'><strong>sinen</strong></span> <span class='ocrx_word' id='word_1_838' title='bbox 2017 5228 2054 5286; x_wconf 71' lang='lat' dir='ltr'><strong>ul</strong></span> <span class='ocrx_word' id='word_1_839' title='bbox 2080 5221 2148 5284; x_wconf 61' lang='lat' dir='ltr'><strong>iam</strong></span> <span class='ocrx_word' id='word_1_840' title='bbox 2169 5240 2247 5304; x_wconf 45' lang='grc' dir='ltr'><strong>μ’</strong></span> 
     </span>
    </p>
   </div>
   <div class='ocr_carea' id='block_1_6' title="bbox 0 0 2340 5842">
    <p class='ocr_par' dir='ltr' id='par_1_6' title="bbox 0 0 2340 5842">
     <span class='ocr_line' id='line_1_58' title="bbox 0 0 2340 5842; baseline 0 0"><span class='ocrx_word' id='word_1_841' title='bbox 0 0 2340 5842; x_wconf 95' lang='lat' dir='ltr'><strong> </strong></span> 
     </span>
    </p>
   </div>
  </div>
 </body>
</html>
