4672 5842
121 311 185 373 22⁵
484 307 574 371 LIB.
598 307 644 372 [L
687 308 751 372 DE
775 306 1063 374 COGNI'PIONE
1085 311 1168 376 DEI
1189 309 1537 377 REDEMPTORIS.
1582 311 1682 378 CAP.
1704 313 1764 378 IV.
2069 320 2134 383 220

121 495 165 561 221
190 504 329 561 satanae
354 496 517 560 actionem
542 497 626 560 iusto
654 495 773 562 iudicio
801 496 939 580 ableget
991 496 1102 577 Quare
1157 497 1235 562 dum
1256 498 1383 562 solutus
1404 506 1469 577 est;
1491 499 1976 586 2221221112οά2122121112121)
1998 504 2134 569 indura·

120 582 285 665 apostolus
302 582 412 647 Deum
434 581 532 645 huius
554 581 676 646 saeculi
697 603 887 648 excaecasse
904 591 1030 648 mentes
1052 588 1103 649 in·
1157 585 1280 648 tionem
1308 593 1342 648 et
1368 586 1628 650 excaecationem
1655 607 1722 651 non
1746 587 1788 652 ad
1814 590 2036 671 operationem
2057 592 2132 671 Dei,
2220 610 2227 620 ‘

120 668 272 734 fidelibus
299 668 398 732 exitio
425 667 597 732 destinatis
624 668 672 732 ait
692 668 727 751 (2
747 668 821 733 Cor.
840 674 876 745 4,
895 668 945 751 4),
969 691 1010 733 ne
1033 690 1102 739 cer·
1155 669 1214 734 sed
1247 669 1289 734 ad
1319 671 1570 752 praescientiam
1598 679 1753 754 spectare.
1804 676 1851 738 At
1877 675 1957 739 istas
1986 677 2133 759 argutias

119 763 202 821 nant
233 754 346 818 lumen
377 753 547 836 evangelii.
603 754 649 818 Dt
679 753 743 818 alio
776 754 846 820 loco
873 754 974 838 (Eph.
993 759 1028 833 2,
1056 755 1100 855 2),
1154 777 1220 819 non
1242 757 1405 839 recipiunt
1425 763 1475 820 tot
1496 757 1676 839 scripturae
1699 758 1919 840 loquutiones,
1949 782 2032 842 quae
2055 763 2129 845 plus

119 842 230 923 ipsum
261 840 390 922 operari
421 840 457 903 in
489 839 566 904 filiis
600 841 853 906 contumacibus.
904 841 1101 906 Excaecatro
1155 840 1278 923 aliquid
1299 840 1379 919 Dei,
1409 862 1507 922 quam
1528 844 1793 924 praescientiam,
1821 845 2019 912 intervenire
2042 848 2128 915 clare

119 927 310 1009 impiorum,
344 935 378 989 et
410 946 620 1007 quaeeunque
652 925 729 990 inde
756 932 938 1009 sequuntur
965 928 1099 1010 flagitia,
1153 925 1339 992 ostendunt.
1382 928 1428 991 Et
1450 928 1656 1011 Augustinus
1684 931 1754 1012 ipse
1781 931 1864 995 libro
1892 933 2130 999 2222212112-

121 1033 220 1095 opera
251 1021 385 1077 satanae
411 1020 658 1094 nuncupantur;
691 1031 829 1094 quorum
861 1021 973 1077 tamen
1003 1033 1101 1078 causa
1152 1034 1232 1076 num
1259 1014 1375 1094 quinto
1402 1013 1501 1097 longa
1527 1015 1673 1079 oratione
1694 1016 1874 1095 contendit,
1904 1039 1970 1081 non
1991 1021 2129 1101 permis-

120 1106 215 1164 extra
242 1097 421 1163 humanam
444 1098 647 1162 voluntatem
668 1097 940 1181 quaerendenon
963 1109 1027 1177 est,
1058 1120 1099 1163 ex
1152 1098 1252 1162 sionis
1277 1106 1407 1163 tantum
1435 1107 1493 1163 aut
1519 1101 1695 1181 patientiae
1722 1100 1852 1167 divinae
1885 1124 1955 1168 esse
1986 1113 2129 1186 peccata,

118 1205 186 1268 qua
212 1182 309 1249 radix
330 1183 408 1248 mali
431 1185 553 1268 surgit;
582 1185 617 1247 in
645 1205 710 1265 222
731 1184 981 1249 fundamentum
1005 1185 1099 1268 regni
1151 1182 1209 1248 sed
1238 1185 1338 1249 etiam
1365 1186 1544 1266 potentiae,
1578 1196 1616 1250 ut
1636 1187 1682 1252 sic
1703 1188 1813 1269 priora
1833 1197 1968 1271 peccata
1989 1191 2129 1271 punian—¹

65 1290 71 1297 ·
117 1276 256 1337 satanae
277 1268 354 1351 (hoc
372 1277 430 1348 est
454 1267 637 1352 peecatum)
658 1270 786 1334 residet
1151 1277 1214 1334 tur.
1259 1268 1421 1336 Similiter
1448 1270 1533 1353 quod
1561 1271 1601 1335 de
1622 1273 1835 1354 permissione
1857 1275 2014 1347 afferunt,
2044 1276 2128 1342 dilu-

17 1382 22 1391 ·
122 1372 125 1377 ·
206 1360 236 1421 2.
281 1356 399 1440 Longe
427 1366 477 1421 est
498 1356 562 1420 alia
583 1357 667 1420 ratio
689 1355 820 1421 divinae
846 1357 883 1419 in
904 1355 1025 1421 talibus
1045 1377 1098 1422 ae·
1151 1357 1215 1421 tius
1248 1362 1298 1422 est
1324 1378 1423 1438 quam
1450 1364 1488 1421 2ι
1518 1357 1681 1423 subsistat.
1728 1356 1926 1441 Saepissime
1955 1382 2130 1428 excaecare

118 1443 224 1508 nonis
275 1440 369 1521 Quae
399 1450 437 1506 nt
462 1442 582 1507 certius
609 1440 703 1506 nobis
730 1449 856 1524 pateat,
885 1441 1034 1524 exemplo
1056 1442 1100 1507 sit
1151 1440 1269 1507 dieitur
1299 1442 1392 1507 Deus
1424 1452 1458 1507 et
1488 1443 1643 1508 indurare
1675 1444 1843 1526 reprobos,
1884 1467 1997 1510 eorum
2030 1446 2128 1514 corda

118 1528 292 1594 muratas
321 1549 346 1599 a,
362 1527 538 1592 Chaldaeis
566 1535 680 1592 saneto
702 1527 762 1592 Iob
782 1526 883 1592 illata
928 1526 1097 1604 Chaldaei,
1150 1535 1293 1603 vertere,
1325 1528 1500 1605 inclinare,
1533 1529 1715 1613 impellere,
1743 1535 1778 1593 at
1803 1529 1880 1594 albi
1899 1532 2007 1613 fusius
2027 1531 2127 1600 110221.

117 1614 324 1697 interemptis
356 1615 426 1679 eius
453 1612 651 1697 pastoribus,
685 1633 819 1696 gregem
846 1613 1009 1678 hostiliter
1042 1614 1097 1678 de·
1150 1612 1190 1677 Id
1211 1614 1307 1695 quale
1325 1615 1378 1692 sit,
1401 1635 1607 1696 nequaquam
1625 1615 1816 1697 explicatur,
1836 1616 1863 1680 si
1881 1619 2068 1702 confugitur
2084 1619 2128 1686 ad

117 1699 330 1783 praedantur.
373 1699 447 1763 Iam
474 1720 587 1763 eorum
612 1699 798 1782 improbum
828 1700 957 1764 >facinus
988 1700 1097 1782 palam
1148 1700 1399 1781 praescientiam
1428 1708 1486 1764 aut
1513 1702 1767 1782 permissionem.
1811 1701 1880 1767 Nos
1904 1724 1981 1787 ergo
2004 1704 2127 1786 duplici

119 1793 242 1864 exstat3
264 1806 370 1866 neque
390 1785 426 1848 in
447 1806 485 1849 eo
507 1805 604 1867 opere
626 1793 731 1849 cessat
751 1793 855 1863 satan,
879 1807 979 1867 aquo
992 1794 1097 1850 totum
1150 1785 1276 1851 ratione
1298 1784 1532 1868 respondemus
1554 1785 1590 1850 id
1611 1788 1692 1851 fieri
1737 1785 1908 1871 Siquidem
1929 1809 2030 1871 quum
2050 1790 2127 1856 sub·

118 1872 152 1938 id
180 1871 356 1955 provenire
383 1881 497 1935 narrat
525 1869 670 1935 historia
714 1871 790 1954 Ipse
818 1877 929 1936 autem
948 1866 1008 1936 Iob
1028 1873 1097 1936 Do-
1148 1869 1215 1935 lato
1233 1872 1304 1936 eius
1321 1871 1454 1948 lumine,
1472 1871 1557 1936 nihil
1576 1893 1674 1955 quam
1691 1872 1796 1957 caligo
1813 1881 1847 1938 et
1864 1875 2000 1940 caecitas
2012 1897 2126 1958 super·

119 1958 201 2022 mini
223 1977 306 2039 opus
327 1958 363 2021 in
385 1977 423 2022 eo
442 1957 661 2040 recognoscit,
684 1977 783 2039 quem
804 1955 882 2022 dicit
902 1958 966 2022 sibi
987 1957 1097 2022 abstu·
1150 1956 1206 2034 sit3
1228 1978 1330 2039 quum
1352 1957 1460 2022 ablato
1478 1958 1549 2023 eius
1566 1959 1686 2040 spiritu
1702 1958 1801 2025 corda
1817 1970 1930 2025 nostra
1947 1960 1983 2024 in
2000 1960 2126 2043 lapidee

119 2044 195 2114 lisso
228 2063 311 2126 quae
340 2050 452 2125 erepta
480 2051 575 2106 erant
602 2063 663 2124 per
690 2039 881 2107 Chaldaeos.
927 2042 1097 2123 Quomodo
1149 2041 1380 2122 obdurescant;
1403 2064 1504 2126 quum
1525 2052 1672 2109 cessante
1690 2045 1761 2110 eius
1778 2045 1964 2123 directione,
1987 2047 2023 2110 in
2044 2047 2125 2112 obli·

119 2131 208 2195 idem
230 2149 311 2211 opus
333 2129 375 2193 ad
396 2129 515 2205 Deum,
541 2127 582 2191 ad
605 2138 763 2204 satanam,
788 2127 829 2192 ad
851 2128 1018 2194 hominem
1040 2149 1097 2193 au·
1148 2128 1306 2210 quitatem
1329 2136 1617 2212 contorqueantur:
1653 2131 1714 2196 rite
1741 2151 1929 2210 excaecare,
1959 2132 2124 2213 indurare,

120 2225 225 2281 torem
250 2214 443 2293 referamus,
472 2215 551 2297 quin
571 2213 625 2278 vel
646 2221 797 2279 satanam
817 2235 1011 2281 excusemus
1032 2214 1097 2280 Dei
1148 2213 1308 2279 inclinare
1329 2213 1448 2281 dieitur
1467 2215 1583 2298 quibus
1604 2215 1794 2282 facultatem
1815 2216 1958 2295 videndi,
1979 2217 2126 2300 parendi,

120 2302 297 2378 consortio,
329 2299 383 2366 vel
415 2301 525 2366 Deum
556 2299 636 2364 mali
669 2309 816 2364 autorem
849 2300 1095 2383 praedicemus?
1148 2308 1235 2365 reete
1253 2300 1451 2383 exsequendi
1469 2301 1591 2366 adimit
1633 2300 1786 2367 Secunda
1808 2304 1900 2381 ratio,
1922 2323 2004 2386 quae
2021 2304 2127 2370 multo

119 2387 242 2466 Facile,
264 2387 294 2452 si
313 2387 413 2451 finem
436 2384 553 2470 agendi
575 2386 721 2469 primum
738 2384 957 2468 inspiciamus,
980 2386 1097 2452 deinde
1147 2386 1281 2468 propius
1303 2385 1428 2452 accedit
1448 2385 1491 2451 ad
1513 2386 1687 2452 verborum
1709 2388 1951 2470 proprietatem,
1978 2389 2061 2471 quod
2083 2390 2127 2457 ad

121 2472 263 2538 modum.
302 2473 438 2537 Domini
459 2471 632 2537 consilium
653 2480 704 2537 est
725 2473 812 2538 servi
834 2473 885 2537 sui
904 2473 1097 2555 patientiam
1149 2472 1356 2553 exsequenda
1392 2493 1451 2537 sua
1482 2472 1603 2539 iudicia
1633 2495 1693 2556 per
1722 2475 1912 2539 ministrum
1943 2475 2012 2539 irae
2044 2497 2124 2543 suae

122 2558 305 2625 calamitate
323 2580 490 2637 exercere;
512 2565 607 2623 satan
628 2557 763 2622 molitur
784 2579 860 2622 eum
881 2559 923 2623 ad
945 2559 1097 2641 despera·
1149 2564 1314 2635 satanam,
1337 2566 1371 2622 et
1391 2558 1526 2624 consilia
1546 2580 1660 2624 eorum
1681 2558 1825 2625 destinat
1846 2581 1911 2642 quo
1934 2561 2041 2625 visum
2064 2571 2122 2642 est,

121 2646 246 2710 tionem
273 2643 418 2728 adigere;
446 2642 605 2709 Chaldaei
635 2664 676 2708 ex
703 2665 741 2708 re
765 2643 873 2709 aliena
892 2651 1023 2728 praeter
1044 2645 1097 2710 ius
1150 2649 1183 2707 et
1203 2642 1390 2710 voluntates
1411 2645 1541 2724 excitat,
1564 2652 1598 2711 et
1619 2654 1753 2711 conatus
1774 2646 1892 2710 firmat
1928 2644 1982 2711 sa
2002 2647 2057 2712 ubi
2077 2669 2125 2714 re-

121 2740 156 2797 et
174 2731 224 2797 fas
245 2729 375 2796 lucrum
395 2751 551 2812 quaerere
573 2729 736 2794 affectant
770 2730 878 2795 Penta
898 2730 934 2795 in
956 2730 1098 2796 consiliis
1149 2727 1340 2795 ammosa
1361 2730 1474 2814 (Deut
1495 2734 1524 2809 2,
1544 2730 1610 2815 30),
1635 2729 1733 2796 &bon
1754 2753 1774 2796 r
1808 2752 1856 2796 em
1875 2733 2045 2797 saetas
2065 2754 2127 2798 nos

121 2816 294 2882 diversitas
314 2836 397 2898 opus
416 2816 482 2880 iam
502 2814 598 2880 valde
621 2815 802 2899 distinguit
846 2816 889 2880 In
913 2815 1009 2881 modo
1030 2837 1098 2881 non
1149 2815 1271 2880 dedisse
1286 2816 1415 2897 popolo,
1443 2817 1520 2897 quia
1547 2817 1751 2882 induraverat
1808 2837 1863 2882 222
1886 2817 2126 2898 2212122222

120 2903 230 2967 minus
251 2908 302 2968 est
322 2899 527 2967 discriminis.
568 2898 712 2967 Satanae
733 2900 946 2986 affligendum
966 2912 1099 2967 servum
1149 2904 1249 2966 cicer
1269 2900 1497 2982 obfirosaoerot,
1523 2901 1618 2983 fines
1643 2903 1767 2968 22221111
1793 2922 1865 2968 moe
1886 2901 2061 2986 22212292,
2089 2908 2127 2970 af

121 3009 217 3053 suum
232 2988 397 3054 Dominus
414 2989 591 3071 permittit;
613 2986 806 3066 Chaldaeos,
829 3009 910 3071 quos
927 2986 969 3053 ad
989 2986 1023 3052 id
1040 3010 1098 3053 ex·
1149 2986 1239 3050 aare
1258 3006 1329 3050 eam
1348 2987 1384 3051 in
1403 3008 1519 3052 mnus
1538 2993 1671 3066 222222,
1693 2989 1805 3069 inquit.
1844 2987 1939 3070 Erpa,
1962 2990 2039 3069 qaia
2054 3011 2127 3072 pcr-

121 3073 323 3158 sequendum
344 3073 513 3139 ministms
534 3073 665 3157 delegit,
684 3072 732 3137 illi
751 3073 914 3156 permittit
935 3095 973 3139 ao
995 3073 1097 3161 tradit
1150 3071 1250 3137 ditem
1270 3071 1361 3138 Deus
1386 3073 1514 3152 2212021,
1541 3073 1704 3139 mamutio
1724 3073 1843 3154 cordia,
1869 3073 1978 3139 dicim
1998 3074 2064 3156 fuit
2083 3075 2128 3143 aa

120 3160 347 3245 impellendos;
368 3168 462 3225 satan
483 3158 603 3243 alioqui
626 3180 745 3242 pravos
762 3157 1004 3225 Chaldaeorum
1027 3161 1098 3224 ani-
1149 3159 1280 3222 miaom
1295 3161 1511 3239 praeparatio.
2096 3189 2098 3192 ·

120 3268 191 3312 mos
213 3245 384 3317 venenatis
411 3246 479 3312 suis
500 3245 621 3329 aculeis
643 3243 685 3310 ad
705 3245 962 3328 perpetrandum
982 3245 1023 3310 id·
1038 3247 1098 3311 fis·
1235 3248 1265 3308 4.
1310 3242 1500 3310 Secundum
1524 3245 1668 3327 priorem
1694 3244 1856 3309 rationem
1881 3243 1970 3309 istud
1997 3244 2128 3313 ridetur

121 3334 238 3417 gitium
271 3333 420 3416 instigat
454 3331 503 3395 illi
541 3331 583 3396 ad
616 3331 809 3397 iniustitiam
837 3332 960 3397 furiose
986 3339 1096 3410 ruunt
1151 3328 1290 3395 dietum:
1314 3331 1421 3395 aufert
1435 3329 1560 3395 labium
1577 3350 1597 3393 a
1616 3331 1796 3408 veracibus,
1813 3337 1847 3394 et
1864 3330 2023 3394 rationem
2040 3332 2128 3399 tollit

119 3419 293 3499 omniaque
320 3419 468 3482 membra
495 3417 616 3483 scelere
643 3415 853 3501 obstringrmt
880 3439 919 3484 22
940 3417 1098 3483 contami·
1151 3436 1172 3479 a
1205 3416 1390 3481 senioribus
1395 3415 1497 3567 u(Iob.
1526 3418 1582 3496 12,
1611 3415 1684 3500 20),
1716 3417 1824 3481 aufert
1854 3437 1908 3481 oor
1937 3415 1978 3480 ab
2000 3417 2041 3483 iis
2069 3419 2126 3501 qui

119 3511 213 3568 nant
249 3502 386 3585 Proprie
407 3524 485 3586 ergo
507 3524 604 3587 agere
627 3502 749 3568 dicitur.
768 3512 863 3569 satan
884 3504 920 3568 in
942 3503 1097 3586 reprobis,
1150 3510 1309 3585 praesunt
1330 3523 1394 3584 pop
1430 3522 1449 3566 o
1472 3509 1589 3581 terrae,
1614 3522 1725 3566 errare
1746 3523 1801 3567 eos
1822 3502 1900 3567 faoit
1920 3523 1979 3585 per
2000 3503 2128 3569 invium

119 3590 156 3653 in
179 3585 296 3669 quibus
316 3609 456 3671 regnum
476 3610 583 3669 suum,
607 3589 669 3655 hoo
692 3595 743 3655 est
763 3590 936 3672 nequitiae,
958 3597 1097 3655 exercet
1150 3585 1418 3686 (Ρ221.107,10).
1453 3588 1540 3652 Item
1557 3587 1784 3672 (122.63,17);
1808 3607 1909 3671 quare
1932 3587 2129 3655 dementasti
2216 3664 2221 3677 ,

120 3675 254 3741 Dicitur
275 3680 309 3738 et
329 3673 421 3737 Deus
451 3695 508 3739 suo
534 3674 630 3740 modo
653 3696 766 3759 agere,
799 3675 885 3758 quod
912 3684 1007 3741 satan
1029 3675 1098 3758 ipse
1149 3673 1372 3751 nosDomine,
1390 3672 1554 3738 indurasti
1571 3693 1628 3739 cor
1644 3682 1804 3751 nostrum,
1822 3694 1864 3738 ne
1882 3673 2057 3739 timeamus
2072 3674 2127 3740 te?

121 3760 393 3845 (instrumentum
421 3780 523 3841 quum
551 3762 595 3830 sit
619 3761 688 3826 irae
717 3761 803 3845 eius)
829 3782 889 3844 pro
918 3762 989 3826 eius
1015 3769 1099 3826 nutu
1151 3757 1425 3841 Quandoquidem
1444 3757 1591 3825 indicant
1611 3758 1719 3841 potius
1740 3758 1851 3842 quales
1868 3760 1961 3824 Deus
1979 3758 2129 3826 homines

122 3867 160 3911 ac
180 3845 319 3928 irnperio
341 3845 406 3910 huc
423 3851 520 3927 atque
541 3845 619 3912 illuc
635 3867 668 3912 ac
684 3847 822 3913 inflectit
838 3846 1100 3930 adexsequends
1150 3844 1249 3908 faciet
1269 3843 1462 3924 deserendo,
1488 3866 1587 3929 quam
1608 3844 1749 3928 qualiter
1768 3865 1850 3926 opus
1871 3845 1907 3907 in
1928 3844 2008 3926 ipsis
2030 3865 2129 3910 suum

122 3932 192 3996 eius
213 3932 303 3996 iusta
323 3930 452 3997 iudicia.
483 3928 609 3996 Omitto
629 3931 682 3998 hio
704 3933 925 3998 universalem
943 3932 1008 3997 Dei
1029 3955 1099 3997 mo-
1150 3939 1294 4013 peragat
1339 3931 1387 3995 At
1410 3937 1489 3996 sunt
1509 3931 1573 3995 2112
1592 3929 1781 3995 testimonia
1801 3951 1884 4011 quae
1906 3930 1994 3995 ultra
2014 3951 2128 4012 proce·

121 4018 258 4096 tionem,
290 4016 379 4082 unde
411 4025 579 4082 creaturae
610 4038 721 4084 omnes
742 4027 781 4083 ut
801 4019 1019 4098 sustinentur,
1052 4019 1100 4084 ita
1151 4014 1249 4094 dunt;
1277 4016 1386 4098 qualia
1412 4025 1490 4081 sunt
1511 4014 1551 4081 de
1573 4016 1757 4081 Pharaonis
1777 4015 1986 4081 induratione
2007 4016 2127 4100 (Exod.

123 4104 301 4169 efficaciam
329 4103 457 4185 quidvis
486 4102 604 4186 agendi
633 4103 763 4169 ducunt.
807 4106 860 4170 De
887 4105 944 4169 1112
966 4105 1100 4188 speciali
1152 4106 1181 4180 4,
1202 4105 1240 4164 21
1266 4113 1301 4168 et
1325 4106 1352 4179 7,
1372 4102 1422 4186 3);
1451 4102 1611 4167 indurabo
1632 4122 1687 4177 cor
1707 4100 1903 4180 Pharaonis,
1926 4123 1967 4167 ne
1991 4124 2048 4167 vos
2069 4124 2128 4168 au·

124 4189 249 4254 actione
276 4196 408 4254 tantum
435 4188 549 4270 loquor
575 4209 658 4269 2222
685 4190 720 4252 12
741 4211 934 4274 unoquoque
955 4191 1099 4257 facinore
1152 4186 1233 4265 diat,
1263 4208 1301 4253 ae
1328 4185 1473 4253 dimittat
1492 4187 1658 4272 populum.
1703 4187 1825 4252 Postea
1847 4187 1926 4253 dicit
1954 4210 1989 4254 se
2011 4209 2128 4272 aggra-

124 4283 266 4357 apparet.
310 4275 406 4339 Idem
434 4295 512 4359 ergo
539 4274 665 4339 facinus
685 4275 772 4354 Deo,
796 4286 944 4354 satanae,
974 4277 1099 4341 homini
1150 4294 1246 4339 vassa
1266 4295 1323 4339 cor
1343 4273 1431 4338 illius
1454 4281 1487 4338 et
1506 4274 1674 4338 roborasse
1693 4272 1784 4357 (ibid.
1807 4278 1855 4353 10,
1877 4275 1919 4357 1).
1953 4274 2010 4338 An
2031 4273 2127 4337 indu·

124 4361 302 4510 assifiglparit
315 4361 466 4511 videimqs
488 4382 554 4509 aton
576 4381 661 4509 ιέ22112Β
669 4360 867 4512 absurSumtg¹
883 4361 1100 4514 21212211ἓὶιὲιὲ
1151 4360 1237 4509 relevit
1246 4358 1586 4511 ΒιΙιίοιι,(ῗιιΐ12111ῢ122ι121ἀ
1618 4357 1817 4510 Issltquitdem
1841 4380 1958 4507 verffi
1977 4367 2048 4506 ἓῗῑιιὲ
2069 4356 2128 4506 {hl

123 4467 286 4609 healf
311 4467 680 4613 :abactae
702 4468 1100 4616 12322313...
1150 4466 1349 4596 attat
1375 4465 1736 4597 ..tutata
1751 4465 1959 4626 attat...
1982 4527 2125 4593 222,

119 4617 248 4697 probriu
269 4639 305 4682 se
326 4616 450 4700 prodat.
839 4667 846 4675 .
1151 4615 1268 4682 tenebo
1300 4637 1357 4682 cor
1387 4617 1476 4682 illius
1499 4616 1589 4702 (ibid.
1610 4622 1644 4694 3,
1672 4615 1734 4699 19).
1779 4613 1959 4697 Egreditur
1986 4614 2127 4696 populus

212 4707 240 4766 3.
304 4703 440 4768 Veteres
485 4703 666 4786 religiosius
710 4701 875 4766 interdum
919 4703 1100 4787 simplicem
1152 4725 1194 4768 ex
1221 4704 1389 4787 Aegypto,
1423 4703 1586 4788 prodeunt
1617 4699 1746 4765 obviam
1773 4698 1883 4763 infesti
1906 4699 2049 4783 regionis
2076 4701 2127 4765 in·

125 4809 252 4871 quoque
280 4789 428 4854 veritatis
454 4789 688 4854 confessionem
719 4789 755 4853 in
781 4789 843 4854 hae
873 4796 966 4871 parte
998 4791 1100 4854 refor-
1152 4788 1255 4855 colae:
1279 4789 1366 4854 unde
1388 4787 1542 4854 excitati?
1582 4787 1692 4851 Moses
1714 4794 1801 4849 certe
1822 4785 1940 4867 populo
1963 4786 2129 4851 asserebat

125 4874 266 4953 midant,
295 4876 380 4957 quod
408 4883 566 4940 verentur
592 4897 634 4942 ne
662 4872 822 4958 impietati
849 4875 1027 4940 fenestram
1059 4876 1099 4942 de
1152 4875 1265 4959 (Dent.
1286 4879 1320 4953 2,
1341 4875 1406 4959 30),
1427 4873 1605 4937 Dominum
1622 4871 1721 4935 fuisse
1743 4870 1798 4953 221
1820 4871 1919 4936 eorda
1940 4893 2052 4936 eorum
2075 4893 2128 4937 ro-

126 4960 278 5108 ⁰Pff¹lb¹¹⁸
289 4961 354 5026 Dei
363 4962 582 5111 irreverenutpr
598 4961 793 5062 obloquendi
808 4961 965 5060 aperiant
971 4960 1100 5111 utlluam
1151 4960 1306 5026 borassot
1340 4959 1508 5043 Propheta
1528 4979 1606 5023 vero
1624 4955 1762 5022 eandem
1783 4956 1955 5023 historiam
1976 4960 2128 5040 recitans,

124 5054 1100 5230 tttftttttttttrtt.ttf⁶..ttt.⁰t”t
1424 5224 1427 5229 ¹

126 5217 183 5282 dit.
218 5218 272 5283 Ne
291 5220 498 5304 Augustinus
520 5217 651 5301 quidem
671 5220 729 5285 ills
749 5220 978 5304 superstitione
998 5221 1099 5297 inter·
1221 5235 1249 5301 1)
1269 5228 1342 5288 thr.
1362 5235 1395 5287 ds
1413 5232 1548 5304 praedest.
1566 5240 1594 5286 et
1611 5234 1701 5302 gratis
1717 5250 1741 5290 a
1759 5232 1784 5286 4.
1802 5231 1826 5288 5.

232 5320 343 5376 0212121
354 5337 448 5391 opera
484 5321 543 5377 Vol.
558 5320 602 5378 11.
1890 5315 1925 5372 15

1151 5134 1356 5145 -na--u—
