4672 5842
112 337 152 399 13
725 333 994 399 Praesumo
1016 335 1081 399 m
1103 333 1271 400 aranu
1293 334 1513 401 emuna.
1705 420 1714 437 ι
2084 342 2124 402 u

109 536 236 589 matam
258 545 330 589 esse
350 524 457 589 voluit
478 522 589 601 (Rom.
612 526 660 595 12,
679 523 723 607 6),
747 523 962 587 certissimam
984 544 1093 588 amus·
1117 522 1121 573 l
1146 524 1273 597 Deum,
1302 534 1335 585 et
1356 544 1454 605 quem
1478 523 1534 586 ille
1556 524 1647 587 misit
1667 524 1780 587 Iesum
1802 523 1974 590 Christum
1995 526 2122 608 (Ioann.

110 637 176 700 sim
203 636 314 720 posuit
342 654 408 717 qua
428 634 570 717 probari,
584 634 766 716 scripturae
788 636 1014 716 interpretatio
1038 634 1093 699 de-
1150 638 1202 703 17,
1228 638 1272 717 3).
1316 636 1458 717 Propter
1488 635 1572 699 hanc
1601 656 1693 716 spem
1721 635 1777 699 alii
1804 650 1953 700 nostrum
1983 637 2124 703 vinculis

109 746 196 811 beat.
237 746 292 811 Ad
312 746 398 812 hauc
419 747 530 828 itaque
552 745 628 809 fidei
655 746 805 829 regulam
833 747 860 810 si
888 760 1001 811 nostru
1025 747 1093 810 exi·
1146 746 1429 828 constringimur,
1459 747 1513 810 alii
1543 746 1646 829 virgis
1674 745 1869 823 eraduntur,
1898 748 1953 811 alii
1981 749 2017 811 in
2037 748 2123 812 ludi·
2220 738 2227 745 ¹

110 870 245 943 gantur,
268 859 305 921 in
321 856 473 921 manibus
496 866 546 922 est
566 858 711 922 ricmria.
753 856 844 938 Quid
866 859 954 922 eninr
977 858 1094 923 melius
1118 826 1121 1001 i
1147 856 1255 920 brium
1277 857 1582 935 circumducrmtur,
1609 858 1663 922 alii
1686 859 1951 940 proscribuntur,
1975 859 2030 924 alii
2052 880 2123 925 sae·

111 982 212 1052 atque
245 970 352 1052 aptius
390 967 466 1034 fidei
501 971 656 1035 convenit
693 990 793 1051 quam
826 991 1001 1053 agnoscere
1034 991 1093 1035 nos
1145 970 1278 1033 vissime
1318 980 1527 1050 torquentur,
1569 970 1624 1032 alii
1662 970 1742 1052 fuga
1780 968 1970 1048 elabuntur;
2010 991 2123 1037 omnes

110 1082 204 1145 omni
235 1082 358 1145 virtute
391 1079 513 1160 nudos,
548 1090 585 1145 ut
618 1103 638 1144 a
665 1081 738 1145 Deo
771 1082 971 1146 vestiamur?
1006 1082 1095 1145 omni
1146 1101 1257 1144 remm
1297 1081 1449 1163 augeatis
1487 1082 1680 1162 premimur,
1724 1081 1805 1145 diris
1844 1083 2123 1149 exsecrationibus

109 1192 200 1257 bono
229 1214 362 1269 vacuos,
394 1200 431 1255 ut
458 1190 499 1256 ab
527 1193 597 1274 ipso
628 1192 845 1274 impleamur?
880 1214 940 1257 nos
970 1194 1093 1276 peccati
1118 1178 1121 1233 l
1146 1192 1358 1269 devoremur,
1407 1192 1587 1255 maledictis
1638 1192 1834 1270 laceramur,
1887 1193 2124 1277 indignissimis
2180 1218 2186 1243 ¹

114 1326 240 1381 servos,
263 1316 301 1367 ut
320 1303 361 1368 ab
378 1306 451 1387 ipso
468 1301 666 1368 liberemur?
690 1326 749 1369 nos
762 1326 882 1380 caecos,
902 1314 939 1369 ut
960 1305 999 1370 ab
1022 1305 1093 1387 ipso
1147 1303 1250 1367 modis
1280 1311 1468 1369 tractamur.
1513 1303 1648 1368 Intuere
1674 1306 1741 1367 iam
1771 1306 1806 1367 in
1836 1304 2040 1370 adversarios
2064 1328 2123 1371 no-

111 1414 363 1480 illuminemur?
398 1437 457 1480 nos
485 1414 631 1494 claudos,
661 1426 699 1481 ut
721 1418 761 1481 ab
789 1418 860 1500 ipso
890 1416 1092 1500 dirigamur?
1147 1424 1232 1479 stros
1255 1413 1311 1499 (dc
1333 1414 1445 1478 ordine
1468 1415 1689 1479 sacrificorum
1715 1416 1842 1498 loquor,
1871 1438 2011 1498 quorum
2037 1426 2124 1483 nutu
2227 1428 2238 1443 “

112 1548 177 1592 nos
199 1526 334 1605 debiles,
358 1536 394 1592 ut
417 1529 457 1592 ab
479 1528 551 1610 ipso
574 1529 818 1593 sustentemur?
849 1530 942 1593 nobis
964 1549 1093 1592 omnem
1146 1534 1179 1589 et
1207 1527 1341 1590 arbitrio
1376 1524 1432 1590 alii
1464 1526 1634 1591 nobiseum
1668 1527 1854 1592 inimicitias
1887 1530 2057 1613 exercent)
2089 1536 2124 1593 et
2153 1548 2159 1555 ·

113 1639 280 1723 gloriandi
300 1642 472 1703 materiam
494 1638 683 1717 detrahere,
714 1648 751 1703 ut
773 1641 861 1705 solus
881 1641 951 1721 ipse
974 1641 1095 1723 glorio·
1118 1598 1122 1693 i
1145 1659 1273 1702 mecum
1292 1638 1457 1720 paulisper
1475 1652 1591 1721 reputa
1609 1660 1671 1719 quo
1690 1637 1798 1703 studio
1816 1639 1972 1703 ferantur.
2000 1641 2124 1705 Veram

112 1772 175 1815 sus
196 1751 339 1816 emineat
360 1759 394 1815 et
414 1771 474 1813 nos
497 1751 532 1815 in
556 1753 627 1834 ipse
648 1751 847 1834 gloriemur?
881 1748 983 1817 Haec
997 1759 1093 1833 atque
1118 1810 1121 1819 ,
1145 1749 1346 1831 religionem,
1365 1772 1447 1832 quae
1465 1751 1634 1831 seripturis
1652 1748 1773 1814 tradita
1790 1758 1847 1827 est,
1869 1770 2019 1832 quaeque
2035 1754 2124 1817 inter

112 1860 149 1924 id
181 1882 285 1944 genus
307 1863 432 1944 reliqua
456 1884 558 1943 quum
580 1884 600 1925 a
621 1864 715 1929 nobis
737 1862 907 1940 dicuutur,
936 1864 1093 1945 interpcl·
1118 1840 1121 1933 l
1145 1881 1259 1925 omues
1281 1870 1430 1926 constare
1454 1861 1619 1932 debuerat,
1640 1861 1734 1925 facile
1756 1873 1788 1925 et
1807 1860 1867 1925 sibi
1887 1872 1919 1925 et
1937 1862 2010 1927 aliis
2031 1864 2123 1945 iguo·
2188 1936 2202 1959 ,Ι

113 1972 273 2049 lentilli,
302 1975 565 2057 quiritanturque
589 1975 651 2040 hcc
672 1975 769 2039 modo
792 1975 937 2041 subverti
960 1995 1094 2040 caecum
1118 1990 1121 2077 p
1146 1993 1229 2050 rare,
1253 1973 1427 2055 negligere,
1451 1972 1615 2054 despicere
1637 1974 1846 2054 permittunt;
1868 1994 2049 2055 parumque
2071 1996 2123 2039 re-

112 2085 226 2260 ppscio
254 2085 480 2261 quodbpumen
508 2090 790 2259 miume’.tfiit²⁵
818 2087 1092 2260 praeparationes,
1118 2140 1121 2197 ι
1146 2086 1232 2258 torpe
1255 2092 1372 2166 putant
1393 2084 1471 2166 quid
1493 2083 1987 2261 qpispueldctaDeetetOhtriztp
2002 2092 2121 2163 teneat,

128 2216 256 2259 rerum
296 2217 484 2272 artuum,
526 2208 559 2262 et
591 2217 760 2261 menone
792 2210 908 2262 sautia
942 2206 1093 2262 aeternae
1118 2218 1121 2277 ζ
1147 2217 1186 2259 ve
1222 2218 1288 2259 non
1311 2208 1429 2273 teneat,
1451 2218 1505 2259 mo
1528 2219 1546 2259 ο
1569 2217 1690 2279 nuprcr
1727 2218 1778 2269 ,u
1817 2217 1918 2274 arun,
1955 2199 2122 2262 'esuam

117 2327 229 2388 opera,
268 2329 344 2373 cum
385 2309 453 2373 suis
486 2309 586 2372 etiam
619 2309 977 2392 supererogationibus;
1018 2311 1094 2391 quia
1117 2284 1121 2403 l
1145 2317 1291 2371 mentem
1311 2309 1464 2373 ecelesiae
1486 2307 1604 2373 iudicio
1627 2307 1808 2372 submittat.
1842 2309 1911 2372 Nec
1935 2306 2030 2373 valde
2051 2308 2122 2373 affi-

115 2419 201 2482 fcrre
233 2440 301 2484 non
328 2428 468 2502 possunt
495 2420 659 2503 integram
687 2421 792 2484 omnis
824 2419 916 2498 boni,
951 2422 1092 2495 virtutis,
1118 2446 1120 2455 ·
1146 2420 1279 2485 ciuntur
1308 2421 1334 2483 si
1357 2420 1421 2483 Dei
1450 2419 1588 2501 gloriam
1616 2420 1798 2483 manifestis
1821 2417 2030 2500 blasphemiis
2051 2420 2123 2502 pol·

113 2531 267 2607 iustitiae,
292 2532 480 2613 sapientiae,
504 2530 634 2596 laudem
656 2551 693 2596 ae
716 2532 854 2615 gloriam
877 2531 964 2613 apud
983 2532 1094 2595 Deum
1117 2590 1120 2645 ἲ
1146 2530 1191 2594 lui
1214 2532 1401 2613 contingat,
1428 2529 1524 2593 modo
1547 2553 1589 2595 ne
1611 2532 1684 2614 quis
1706 2530 1863 2595 adversus
1885 2530 1971 2595 sedis
1993 2540 2122 2614 aposto-

114 2642 267 2707 rcsidere.
312 2644 360 2707 At
381 2664 447 2707 non
469 2643 608 2726 legimus
636 2643 851 2725 reprehensos
874 2644 931 2724 qui
954 2645 1093 2708 nimium
1117 2666 1120 2721 ς
1144 2642 1227 2706 licae
1255 2643 1435 2724 primatum
1462 2652 1496 2706 et
1524 2652 1655 2708 sauctae
1683 2643 1799 2706 matris
1821 2643 1976 2708 ecclesiae
1997 2642 2122 2707 autori-

113 2753 245 2819 et'onte
272 2754 493 2930 equaleges
515 2754 700 2930 hausprina
729 2768 844 2821 contra
872 2755 1018 2838 graviter
1035 2756 1092 2820 ob·
1117 2742 1120 2857 l
1146 2766 1248 2930 taterp
1276 2752 1416 2837 digitum
1444 2754 1546 2819 tollat.
1593 2754 1663 2819 Our
1695 2775 1774 2838 ergo
1801 2762 1895 2819 trenta
1921 2755 2122 2931 saevitiabet

113 2866 291 2949 iurgantur
311 2867 367 2948 qui
443 2872 541 2931 erunt
563 2866 590 2930 si
612 2868 624 2930 i
642 2876 766 2950 puteos,
789 2874 905 2949 puteos
924 2867 1091 2945 contritos,
1117 2886 1119 2897 ·
1145 2887 1219 2931 acer
1241 2866 1322 2929 itate
1344 2886 1403 2948 pro
1425 2867 1539 2943 missa,
1567 2866 1773 2949 purgatorio,
1802 2866 2059 2949 peregrinationi
2080 2887 2122 2930 us

113 2982 150 3042 et
181 2978 236 3061 qui
270 2979 437 3043 continere
469 2999 587 3061 aquam
619 3000 686 3043 non
719 2978 833 3042 valent
860 2978 938 3063 (Ier.
967 2983 1000 3055 2,
1027 2981 1091 3064 13).
1116 2910 1119 3017 l
1145 2986 1179 3041 et
1200 2977 1234 3041 id
1255 2999 1360 3061 genus
1382 2978 1480 3061 nugis
1503 2976 1753 3061 belligerantur,
1777 2986 1815 3040 ut
1834 2978 1906 3042 sine
1928 2999 2042 3042 eorum
2064 3000 2121 3043 ex-

113 3088 262 3155 Rursum
287 3088 367 3172 quid
393 3090 469 3155 fidei
497 3090 745 3156 convenientius
773 3112 873 3173 quam
895 3089 1005 3156 Deum
1031 3090 1091 3156 sibi
1116 3068 1118 3159 l
1143 3089 1366 3172 plicatissima,
1391 3097 1428 3153 ut
1447 3090 1494 3153 ita
1506 3088 1621 3168 dicam,
1644 3089 1708 3155 fide
1727 3089 1853 3155 salvam
1872 3090 1941 3153 fore
1964 3091 2121 3172 pietatem

114 3199 260 3282 polliceri
287 3202 467 3285 propitium
494 3208 636 3285 patrem,
664 3202 721 3266 ubi
743 3201 897 3268 Christus
925 3205 1027 3267 frater
1054 3224 1092 3267 ac
1115 3166 1118 3253 l
1142 3211 1275 3284 negent,
1298 3222 1400 3282 quum
1422 3208 1533 3265 tamen
1556 3201 1640 3264 nihil
1663 3222 1778 3264 eorum
1799 3222 1820 3264 a
1839 3201 1940 3266 verbo
1962 3201 2028 3266 Dei
2049 3222 2120 3267 esse

112 3312 307 3395 propitiator
333 3313 546 3398 agnoscitur?
582 3334 682 3397 quam
709 3315 820 3379 omnia
848 3315 934 3378 laeta
957 3337 995 3381 ac
1015 3337 1091 3399 pro-
1115 3288 1118 3403 l
1143 3311 1304 3396 probent?
1350 3311 1440 3376 Gur?
1464 3313 1529 3376 nisi
1551 3313 1628 3394 quia
1649 3312 1715 3376 illis
1729 3311 1820 3377 Deus
1842 3320 1959 3376 venter
1980 3323 2040 3387 cst,
2063 3334 2120 3377 cu·

112 3440 213 3504 spera
240 3442 351 3489 secure
380 3424 422 3490 ab
448 3447 486 3491 eo
508 3432 712 3508 exspectare,
741 3427 835 3491 cuius
862 3426 1092 3492 inenarrabilis
1115 3424 1118 3541 l
1143 3426 1212 3489 lina
1234 3424 1363 3507 religio:
1393 3422 1511 3506 quibus
1533 3422 1684 3502 sublatis,
1713 3444 1783 3488 neu
1809 3422 1906 3488 modo
1933 3446 2000 3488 non
2022 3423 2120 3489 Chri·

112 3551 199 3615 erga
224 3552 285 3597 nos
311 3533 439 3602 duecte
467 3559 506 3603 eo
533 3558 708 3621 progressa
734 3548 786 3602 est
813 3546 851 3601 ut
871 3539 1001 3620 proprio
1022 3539 1091 3603 filio
1116 3546 1119 3597 :
1144 3537 1281 3615 stianos,
1301 3535 1358 3601 sed
1375 3558 1417 3601 nc
1436 3536 1587 3601 homines
1605 3536 1738 3618 quidem
1755 3537 1886 3600 futuros
1904 3558 1939 3600 se
1957 3533 2119 3601 credunt?

114 3662 188 3708 non
226 3648 408 3727 pepercerit
442 3651 521 3732 quin
559 3672 618 3733 pro
657 3649 752 3714 nobis
783 3649 891 3732 ipsum
924 3649 1089 3715 traderet?
1116 3610 1119 3723 l
1144 3648 1288 3711 Tametsi
1316 3647 1405 3711 enirn
1427 3648 1483 3711 alii
1505 3646 1673 3731 splendide
1695 3669 1730 3713 se
1751 3648 1971 3733 ingurgitant,
1994 3647 2049 3711 alii
2071 3652 2121 3711 te-

117 3774 218 3839 quam
234 3755 272 3819 in
290 3764 381 3822 certa
393 3762 630 3841 exspectatione
648 3761 764 3825 salutis
782 3770 816 3824 et
834 3762 921 3827 vitae
939 3772 1091 3827 aeternae
1116 3786 1119 3879 p
1144 3760 1265 3824 auibus
1278 3759 1434 3825 crustulis
1447 3760 1608 3837 victitant,
1627 3780 1741 3824 omnes
1758 3768 1870 3824 tamen
1889 3781 1930 3823 ex
1943 3757 2057 3824 eadem
2072 3758 2122 3822 ri·

117 3867 337 3949 acquiescere,
365 3867 420 3933 ubi
450 3868 601 3938 Christus
629 3894 649 3937 a
676 3881 770 3955 patre
797 3873 893 3938 datus
919 3873 1090 3957 cogitatur,
1115 3896 1119 3955 ι
1143 3880 1228 3937 vunt
1245 3872 1319 3948 olla,
1338 3893 1422 3955 quae
1440 3873 1510 3936 sine
1528 3871 1593 3935 illis
1610 3873 1765 3935 lomentis
1783 3892 1851 3934 uon
1867 3871 2002 3953 frigeret
2012 3869 2120 3947 modo,

115 3978 153 4041 in
179 3999 242 4060 que
269 3979 351 4043 tales
380 3978 529 4045 thesauri
555 3993 634 4048 sunt
665 3984 866 4050 absconditi?
905 3985 971 4050 Hic
999 3986 1092 4050 nobis
1115 3960 1119 4101 l
1144 3983 1201 4048 sed
1219 3985 1350 4066 penitus
1368 3984 1594 4066 conglaciaret.
1623 3981 1701 4047 Ideo
1719 3994 1758 4046 ut
1776 3983 1915 4066 quisque
1928 4004 2045 4047 eorum
2059 4000 2120 4064 pro

111 4110 249 4155 manum
280 4090 449 4169 iniiciunt,
491 4103 524 4156 et
560 4094 651 4159 illam
688 4096 825 4162 fiduciae
860 4097 1091 4162 certitudinem
1116 4108 1119 4175 l
1142 4104 1259 4161 ventre
1277 4105 1328 4159 cst
1346 4095 1488 4159 maxime
1506 4094 1679 4173 sollicitus,
1701 4096 1749 4160 ita
1767 4115 1826 4176 pro
1844 4116 1904 4160 sua
1922 4094 1987 4159 fide
2005 4092 2120 4176 depre-

111 4204 301 4285 arrogantia
334 4212 368 4268 et
400 4207 663 4287 praesumptione
695 4229 761 4273 nen
793 4229 904 4273 carcre
936 4209 1089 4274 clamant.
1115 4204 1118 4343 Ι
1143 4206 1301 4271 henditur
1318 4206 1456 4271 bellator
1473 4207 1659 4271 acerrimus.
1698 4205 1850 4288 Denique
1873 4206 1938 4270 huc
1956 4205 1997 4269 ad
2015 4224 2120 4268 unum

113 4315 175 4391 At,
204 4326 242 4378 ut
268 4315 352 4379 nihil
376 4315 417 4380 de
439 4314 548 4394 nobis,
576 4317 625 4380 ita
652 4320 761 4383 omnia
788 4319 828 4384 de
856 4319 928 4385 Deo
954 4342 1090 4404 praesu·
1114 4346 1118 4413 l
1142 4340 1256 4383 onmes
1279 4318 1489 4391 incumbunt,
1512 4318 1565 4382 vel
1590 4330 1628 4382 ut
1646 4340 1785 4402 regnum
1803 4318 1979 4389 incolume,
2004 4317 2057 4381 vel
2082 4320 2121 4379 ut

112 4425 232 4490 menda
246 4438 344 4513 sunt.
390 4427 460 4493 Nec
488 4427 553 4492 alia
579 4428 705 4493 ratione
732 4452 818 4495 rana
845 4432 950 4515 gloria
971 4433 1090 4515 spolia·
1142 4440 1294 4494 ventrem
1324 4430 1508 4495 confertum
1535 4431 1698 4495 retineant
1704 4454 1712 4510 ;
1746 4450 1844 4493 ncmo
1872 4430 1924 4493 vel
1947 4427 2119 4490 minimam

110 4557 204 4617 mur,
232 4539 296 4602 nisi
328 4540 429 4604 utin
450 4539 593 4604 Domino
622 4539 785 4605 discaums
814 4543 954 4625 gloriari.
1001 4543 1090 4625 Quid
1143 4541 1263 4606 sinceri
1284 4541 1345 4605 seli
1368 4540 1425 4604 dat
1447 4541 1726 4623 significationem.
1771 4541 1840 4605 Nec
1863 4540 1909 4605 sic
1931 4548 2042 4603 tamen
2063 4538 2119 4602 de·

111 4647 222 4713 ultra?
267 4650 446 4729 Percurre,
479 4652 657 4717 fortissime
690 4651 781 4729 ch,
815 4675 928 4719 omnes
959 4665 1090 4720 nostrae
1142 4654 1257 4718 sinunt
1280 4652 1463 4717 doctrinam
1490 4661 1637 4717 nestram
1662 4653 1824 4719 incessere
1847 4657 1880 4714 et
1902 4648 2022 4733 quibus
2043 4670 2119 4734 pos-

111 4730 230 4825 c‘ausae
251 4767 370 4843 partes,
394 4770 428 4827 et
448 4764 563 4844 quovis
586 4765 819 4829 sceleratorum
841 4764 1011 4830 hominum
1034 4788 1090 4849 ge-
1142 4776 1221 4830 sunt
1243 4762 1433 4829 nominibus
1455 4764 1622 4829 criminari
1644 4773 1677 4828 et
1698 4763 1873 4839 infamare,
1901 4744 1965 4845 quo
1993 4762 2046 4827 vel
2070 4762 2120 4825 in·

111 4894 191 4937 nere
212 4874 384 4955 nequiores
406 4893 467 4937 nos
488 4875 655 4954 existima,
684 4877 748 4941 nisi
774 4876 874 4959 plane
900 4879 1088 4961 comperias,
1143 4879 1248 4943 visam
1271 4878 1324 4941 vel
1345 4886 1530 4959 suspectam
1552 4874 1698 4939 reddant.
1744 4876 1874 4940 Novam
1900 4875 2066 4959 appellant
2087 4881 2121 4938 ct

110 4986 149 5048 in
168 4984 228 5050 hoc
246 5005 305 5049 nos
322 4984 471 5049 laborare
489 4994 523 5050 et
538 4988 666 5069 probris
686 4988 772 5054 effici
790 4988 869 5073 quia
886 5009 977 5072 spem
996 5010 1089 5073 repe-
1142 5010 1250 5071 nuper
1270 4996 1399 5065 natam,
1423 4988 1557 5053 dubiam
1578 5007 1650 5052 esse
1671 4993 1704 5051 et
1725 4988 1885 5052 incertam
1907 4986 2120 5065 cavillantur3

48 5104 51 5111 '
111 5095 223 5160 nimus
243 5096 281 5159 in
301 5094 784 5185 Deovivo(1rim.4‚1o);
811 5101 889 5184 quia
912 5101 998 5167 hanc
1020 5123 1089 5166 cre-
1142 5110 1262 5183 rogant
1284 5101 1404 5182 quibus
1421 5100 1613 5165 confirmate
1630 5100 1674 5164 sit
1689 5098 1871 5176 miraculis;
1894 5104 2059 5181 quaerimt
2076 5116 2121 5163 au

111 5205 222 5270 dimus
253 5228 324 5273 esse
355 5209 459 5272 ritem
492 5217 674 5287 aeternam,
708 5232 804 5278 nosse
835 5234 941 5278 unum
974 5234 1089 5279 verum
1143 5212 1187 5276 sit
1214 5233 1355 5295 aequum
1383 5221 1422 5276 ut
1451 5220 1567 5275 contra
1595 5220 1644 5309 tot
1670 5220 1859 5276 sanctorum
1886 5214 2021 5292 patrum
2041 5226 2120 5272 con·
