4672 5842
87 339 149 402 trs
459 336 550 402 LIB.
572 336 634 401 IV.
678 338 743 402 DE
765 337 1002 404 EXTERMS
1025 337 1191 403 MEDHS
1214 337 1278 403 AD
1302 335 1533 403 SALUTEM.
1578 337 1677 403 CAP.
1701 337 1728 402 I.
2034 343 2098 407 750

87 527 178 591 utilis
199 526 242 589 sit
262 525 351 590 nobis
371 526 441 589 eius
462 527 606 608 coquitic,
635 527 700 590 imo
722 528 915 605 necessaria;
944 528 1069 607 quando
1093 544 1096 635 p
1120 526 1260 590 sciamus
1276 546 1315 588 en
1329 526 1417 589 nasis
1433 526 1571 588 testaceis
1587 527 1675 590 rubis
1684 527 1826 607 proferri
1840 528 2098 594 inaestimabilem

88 633 149 684 non
173 611 258 675 alius
280 613 377 675 estin
400 614 497 675 uitam
517 613 679 694 inpressas
699 613 765 675 uisi
790 632 845 675 nos
871 614 944 693 ipsa
973 615 1070 676 correi·
1093 640 1096 657 =
1120 613 1313 688 thesaurum,
1336 611 1426 674 Deris
1447 613 1514 691 ipse
1535 610 1570 673 in
1591 612 1728 676 medium
1745 615 1866 693 prodit,
1895 621 1923 679 et
1944 621 2097 695 quatenus

82 700 157 780 piat
177 698 214 760 iu
235 702 330 775 utero,
353 699 419 762 uisi
432 699 555 778 pariat,
577 699 642 761 nisi
663 717 725 762 nos
742 700 809 763 alat
826 700 895 761 suis
911 698 1068 774 uberibus,
1093 662 1096 757 l
1120 698 1216 761 huius
1237 697 1358 760 ordinis
1380 702 1470 760 arctor
1492 701 1543 774 est,
1566 698 1634 761 orrlt
1650 717 1682 761 se
1694 705 1889 779 praesentem
1911 703 1944 763 in
1967 720 2028 763 sua
2049 703 2098 763 irr-

88 785 218 864 denique
240 784 297 846 sub
318 784 457 847 custodia
479 786 507 846 et
527 784 745 865 qubematione
771 804 832 847 sua
858 804 915 848 nos
934 788 1068 860 tueatur,
1121 784 1277 847 stitutione
1303 784 1434 865 aqnosei.
1482 781 1593 863 Itaque
1621 789 1788 863 postquam
1822 787 1983 868 auquriis,
2018 787 2098 851 dini·

88 872 181 934 dcrreo
197 870 285 933 cauti
302 889 393 933 earne
410 869 536 934 mortali
558 870 678 934 similes
695 871 813 934 erimus
836 871 964 953 anqelis.
1007 871 1068 933 No
1120 869 1317 945 nationibus,
1350 869 1471 931 artibus
1502 869 1651 951 ruaqicis,
1685 873 1930 952 necromantiae,
1964 873 2097 953 aliisque

89 976 148 1038 que
175 957 257 1019 enim
286 957 412 1036 potitur
440 960 547 1020 nostra
574 956 747 1035 infimitas
774 978 793 1019 a·
820 956 925 1020 schola
946 976 1003 1019 nos
1021 956 1070 1021 di·
1120 954 1389 1036 superstitionibus
1415 974 1488 1016 suos
1515 956 1610 1017 uetuit
1636 956 1714 1020 dare
1743 976 1882 1038 operam,
1911 958 2038 1022 urbiicr't
2064 977 2098 1023 se

89 1043 181 1119 mitti,
203 1042 295 1105 donec
312 1047 370 1104 toto
388 1043 469 1104 citae
490 1059 587 1104 cursu
608 1042 759 1122 discipuli
779 1043 943 1122 fuerimus.
977 1042 1070 1106 Adde
1120 1042 1267 1105 daturum
1294 1041 1375 1119 quod
1399 1061 1461 1121 pro
1494 1041 1635 1103 munibus
1668 1041 1810 1121 sufficere
1839 1043 1956 1120 debeat,
1989 1063 2098 1125 nempe

90 1129 171 1209 quod
197 1133 286 1191 entra
312 1128 381 1191 eius
407 1129 562 1209 qrernium
583 1127 673 1191 nulla
693 1134 738 1191 est
758 1129 917 1207 speranda
933 1133 1070 1207 peccato
1115 1126 1278 1208 prophetis
1295 1146 1457 1206 nunquam
1474 1127 1655 1190 destitutum
1671 1129 1715 1189 iri
1734 1128 1846 1200 (Deut.
1864 1135 1911 1207 18,
1933 1136 1971 1193 10
1984 1129 2095 1213 seqq).

89 1233 161 1278 rum
182 1214 340 1291 remissio,
362 1233 416 1276 nec
436 1212 503 1276 ulla
525 1214 617 1278 salus
636 1219 708 1278 teste
730 1213 839 1277 [esaia
866 1217 933 1291 (37,
958 1215 1014 1295 32)
1043 1218 1071 1276 et
1094 1258 1097 1273 .
1124 1213 1224 1275 ‚lunii
1245 1218 1348 1275 autem
1369 1217 1497 1275 ueterem
1514 1213 1667 1292 poprrlum
1688 1234 1749 1277 non
1771 1214 1920 1294 ableqanit
1942 1216 1985 1279 ad
2006 1235 2097 1297 anpe-

91 1298 172 1364 Iaele
195 1300 240 1383 (3,
264 1299 306 1383 5).
344 1298 464 1379 Qurbm
481 1299 648 1363 subscribit
665 1299 808 1365 Ezechiel
830 1298 896 1380 (13,
916 1301 951 1379 9)
974 1319 1070 1379 quum
1120 1299 1180 1370 los,
1210 1300 1263 1361 sed
1288 1299 1423 1363 doctores
1449 1299 1595 1362 escitaoit
1621 1320 1637 1361 e
1663 1304 1762 1377 terra,
1790 1302 1846 1380 qui
1868 1322 1938 1365 nere
1953 1306 2097 1382 praesta-
2165 1370 2168 1383 ,

89 1386 261 1463 denuntiat,
282 1387 317 1448 in
339 1386 474 1467 cataloqc
491 1386 605 1468 papuli
614 1384 679 1449 Dei
699 1406 761 1448 uon
781 1385 848 1466 fore
869 1405 945 1466 quos
967 1405 987 1448 a
1009 1405 1070 1449 eoe-
1120 1389 1189 1447 rent
1204 1404 1319 1448 munus
1337 1384 1517 1466 anpelicum,
1540 1385 1587 1446 ita
1604 1389 1633 1447 et
1648 1404 1705 1446 nas
1721 1384 1810 1450 hodie
1828 1386 2010 1450 humanitus
2031 1386 2098 1451 nult

89 1473 158 1536 lesti
180 1474 245 1535 nita
268 1471 397 1535 maner
449 1471 551 1535 Sicuti
572 1491 610 1535 er
631 1473 770 1551 opposito
791 1471 939 1536 dicuntur
960 1491 1070 1534 uanum
1121 1471 1233 1534 άοοονο.
1265 1470 1315 1533 Αο
1331 1471 1412 1533 sicut
1428 1470 1503 1532 olim
1519 1490 1580 1532 nan
1601 1477 1755 1534 conteritas
1774 1472 1839 1552 suit
1859 1474 1928 1537 sola
1950 1473 2020 1555 leqe,
2043 1471 2098 1536 sed

89 1578 184 1622 suum
204 1557 372 1621 inscribere
393 1559 474 1620 inter
501 1558 581 1626 eines
604 1557 853 1638 Ilierosolpmae,
882 1559 937 1638 qui
966 1577 999 1620 se
1026 1558 1069 1621 ad
1093 1512 1097 1623 l
1120 1557 1290 1620 sacerdotes
1306 1556 1430 1620 addidit
1446 1556 1633 1635 interpretes.
1652 1576 1691 1618 aa
1705 1577 1837 1637 quorum
1853 1559 1947 1622 luchiis
1957 1560 2098 1638 populus

84 1645 215 1725 pietatis
233 1644 348 1707 mltum
365 1648 548 1706 caraertunt.
586 1644 794 1722 era'ratiorre
813 1644 921 1706 etalio
942 1641 1069 1707 Psalmo
1094 1657 1096 1691 ¹
1120 1642 1292 1722 inquireret
1312 1661 1420 1704 aerrrm
1441 1641 1532 1704 illius
1552 1661 1689 1717 sensum,
1718 1645 1763 1705 ita
1785 1643 1874 1707 hodie
1895 1664 1955 1707 narr
1977 1649 2097 1706 carcirem

90 1730 178 1811 (106,
201 1732 238 1813 4)
267 1730 401 1793 dicitur:
427 1734 573 1793 manento
600 1731 662 1792 mei
685 1728 799 1798 Ichana
821 1730 856 1791 iu
884 1728 1069 1808 beneplacito
1120 1728 1186 1791 uult
1203 1747 1259 1790 nos
1276 1747 1341 1791 esse
1358 1727 1477 1791 lectioni
1494 1732 1628 1804 ahenos,
1646 1729 1700 1790 sed
1714 1731 1880 1811 maqistros
1897 1730 1990 1792 etiam
2002 1748 2097 1810 qnae

85 1817 198 1897 populi
219 1817 283 1894 tui;
307 1815 403 1879 aisita
423 1833 471 1878 me
493 1817 527 1877 in
549 1815 650 1879 salute
672 1821 740 1890 tua,
762 1819 797 1876 ut
817 1815 940 1879 uideam
962 1814 1069 1894 hareb>
1118 1814 1184 1893 licit
1205 1833 1338 1893 quorum
1363 1834 1457 1893 opera
1487 1814 1682 1877 adiuvemur.
1727 1813 1828 1879 Cuius
1848 1817 1896 1879 rei
1915 1815 2033 1896 duplae
2054 1819 2098 1877 eet

90 1903 222 1966 centiam
236 1901 397 1965 electorum
418 1906 550 1979 tuorrrm,
568 1901 663 1964 laeter
680 1902 713 1963 in
731 1901 851 1964 laetitia
866 1901 968 1984 qeutis
988 1906 1068 1977 luae,
1120 1900 1252 1963 utilitas.
1299 1899 1385 1962 Nam
1406 1898 1445 1961 ab
1466 1919 1530 1962 rraa
1547 1904 1641 1980 parte
1662 1902 1774 1980 optimo
1796 1903 1940 1965 anamim
1960 1900 2097 1965 aman

88 1987 243 2070 qaedam
265 2006 335 2050 eum
356 1987 543 2051 haereditate
559 1992 623 2050 tua.
661 1987 780 2066 ouum
797 1985 899 2059 uerbis
914 1991 1070 2066 potamus
1120 1986 1199 2048 tiam
1220 1990 1358 2048 nostram
1374 1986 1495 2066 probat,
1514 1984 1568 2048 ubi
1586 1987 1656 2049 eius
1676 1988 1849 2057 ministros,
1869 2007 1929 2050 non
1946 2006 2033 2051 semis
2049 1991 2097 2049 at-

90 2072 155 2137 Der'
183 2073 273 2154 fauor
300 2078 328 2135 et
349 2073 512 2152 pearliare
539 2073 722 2154 spiritualis
750 2073 833 2136 ritae
860 2074 1069 2135 ustimouium
1120 2091 1179 2150 que
1200 2071 1317 2151 ipsum,
1345 2073 1498 2151 loquentes
1519 2072 1685 2150 audimus,·
1713 2092 1751 2134 ec
1772 2074 1909 2154 apposito
1930 2073 2024 2136 etiarn
2046 2091 2098 2135 ua·

90 2160 137 2231 ad
151 2179 273 2242 qreqem
295 2161 363 2223 eius
384 2160 595 2241 restrinqitur,
616 2164 653 2221 ut
669 2178 788 2239 semper
804 2159 945 2232 initialis
966 2160 1009 2222 sit
1030 2157 1069 2221 ab
1120 2163 1202 2220 strae
1224 2158 1403 2237 infirmitati
1424 2157 1563 2235 consulit,
1586 2158 1662 2221 dum
1679 2178 1740 2238 per
1762 2160 1942 2240 interpretes
1962 2159 2099 2222 humano

89 2245 216 2309 ecclesia
236 2246 391 2310 discessio.
776 2306 781 2322 ,
1121 2262 1204 2306 more
1225 2263 1282 2306 nos
1302 2244 1421 2306 umnalt
1441 2244 1574 2323 alloqui,
1601 2249 1636 2307 ut
1657 2245 1699 2308 ad
1720 2265 1754 2307 se
1775 2245 1909 2322 alliciat,
1938 2263 2035 2326 quom
2056 2248 2098 2307 to-

179 2337 206 2394 5.
249 2329 411 2395 Caeterum
433 2331 515 2411 quod
536 2329 633 2394 huius
654 2329 712 2393 loci
728 2329 899 2410 proprium
920 2334 964 2392 est
985 2349 1069 2394 ense-
1120 2329 1225 2393 nando
1253 2349 1274 2391 a
1302 2349 1336 2392 se
1362 2329 1492 2411 abiqere.
1537 2327 1582 2391 Et
1608 2335 1699 2405 certe,
1726 2350 1822 2410 quam
1845 2330 1932 2394 nobis
1953 2330 2099 2411 aspellat

89 2419 144 2497 qui
157 2437 337 2499 perqamus.
374 2417 487 2480 Scribit
507 2415 741 2499 PaulusOEph.
762 2423 791 2493 4,
818 2416 878 2497 11),
900 2413 1068 2495 Christum,
1120 2414 1195 2478 haec
1213 2415 1391 2495 familiaris
1411 2415 1539 2479 docerrdi
1558 2417 1656 2492 ratio,
1686 2417 1822 2479 sentiunt
1851 2436 1954 2480 auses
1976 2417 2029 2497 pii
2059 2435 2098 2480 eu

88 2508 124 2566 ut
140 2503 281 2584 impleret
297 2503 411 2581 omnia,
429 2502 551 2567 dedisse
568 2503 648 2566 alios
663 2502 788 2582 quidem
805 2501 967 2582 apostolos,
990 2501 1070 2566 alios
1119 2501 1381 2582 formidineque
1407 2502 1515 2563 meritc
1541 2501 1613 2564 illos
1644 2507 1817 2566 amisternat
1846 2501 1909 2565 Dei
1939 2503 2096 2566 maiestas.

88 2607 160 2654 uero
182 2588 366 2670 prophetas,
392 2589 472 2653 alios
495 2593 598 2652 autem
621 2587 838 2670 eoanqelistas,
864 2587 945 2650 alios
968 2592 1070 2651 autem
1094 2612 1097 2625 ·
1118 2586 1244 2666 ‘Quibus
1266 2592 1369 2650 auteur
1389 2587 1512 2651 uidetur
1533 2607 1570 2650 eu
1591 2587 1765 2667 hormarum,
1787 2589 1843 2669 qui
1865 2588 1908 2651 ad
1928 2588 2098 2652 decenderat

82 2680 229 2756 pastores
248 2695 286 2739 ac
306 2676 454 2752 doctores,
484 2674 527 2738 ad
554 2675 814 2738 instaurationem
835 2676 1013 2736 sanctorum
1033 2674 1069 2736 in
1093 2632 1097 2789 Ι
1121 2674 1219 2736 carad
1247 2678 1334 2750 urat,
1369 2677 1537 2753 eademptu
1564 2674 1722 2737 ecinanirr'
1749 2674 1905 2738 doctrinae
1934 2674 2097 2751 autoritas,

87 2781 166 2841 opus
178 2761 472 2838 administrationis,
484 2762 520 2823 iu
531 2759 928 2840 aeditimtimancmpoms
940 2758 1068 2837 Christi,
1121 2758 1155 2820 hi
1177 2759 1433 2840 iuqratitudinem
1454 2779 1546 2822 uram
1562 2760 1717 2839 prodam:
1744 2762 1822 2841 quia
1843 2760 1925 2822 inter
1945 2763 1987 2824 lot
2001 2777 2098 2838 prae·

87 2849 181 2912 dorice
196 2848 421 2927 pauenvmmus
442 2865 547 2910 ornnes
567 2846 603 2909 in
624 2847 774 2909 unitatem
794 2845 870 2925 noa
891 2849 919 2907 ct
939 2846 1069 2927 aquilio·
1119 2845 1225 2908 claras
1254 2844 1337 2908 dotes
1369 2845 1481 2926 quibus
1513 2847 1634 2925 ornanit
1665 2844 1754 2909 Deus
1787 2845 1959 2909 humanum
1989 2861 2095 2927 qenus,

86 2934 139 2996 nis
155 2933 219 3013 dlii
236 2933 309 3011 Dei,
332 2934 367 2996 iu
383 2933 489 2996 rrirum
505 2933 687 3014 perfectum,
709 2933 743 2994 in
760 2950 941 2994 morsuram
957 2933 1070 2995 aetatis
1093 2938 1096 2991 ἐ
1120 2930 1193 2994 haec
1208 2931 1431 3013 praeroqatiua
1452 2930 1628 3012 sinqularis
1648 2936 1701 3008 est,
1724 2933 1805 3013 quod
1826 2932 1975 3013 diqnatur
1996 2950 2052 2992 ora
2069 2931 2096 2993 et

82 3018 174 3100 plene
195 3019 320 3083 adultae
343 3018 471 3083 Christi.
524 3018 674 3083 Videmus
695 3023 730 3081 ut
752 3017 856 3094 Deus,
884 3017 939 3096 qui
962 3023 1069 3096 posset
1092 2996 1096 3075 l
1122 3017 1248 3098 linquas
1274 3016 1434 3080 luminum
1455 3015 1517 3079 sibi
1538 3036 1728 3096 cmrseorare,
1755 3023 1791 3081 ut
1811 3019 1847 3081 in
1868 3017 1937 3082 illis
1956 3036 2017 3080 sua
2038 3035 2097 3080 aaa

85 3111 235 3169 momento
256 3124 330 3169 suas
353 3104 516 3186 perticere,
545 3105 624 3168 nolit
644 3110 746 3167 tamen
768 3122 819 3167 eos
840 3102 1011 3167 adolescere
1032 3105 1068 3166 iu
1113 3108 1265 3183 personet.
1323 3102 1428 3182 erare
1459 3122 1497 3165 ne
1528 3103 1668 3167 omnum
1697 3109 1723 3166 et
1750 3123 1808 3169 nos
1834 3103 2004 3168 obedienter
2031 3121 2096 3164 am-

87 3191 210 3254 nirilem
243 3196 373 3255 aarum
405 3191 472 3253 nisi
502 3191 681 3254 educatione
716 3189 864 3253 artesae
917 3187 1068 3254 Vidunus
1114 3188 1208 3268 plecti
1231 3188 1339 3270 piqeat
1364 3188 1478 3252 salutis
1504 3189 1677 3254 doctrinam
1703 3191 1772 3254 eius
1804 3189 1953 3253 mmdato
1985 3193 2012 3252 el
2045 3205 2097 3251 ore

86 3275 214 3338 modum
235 3276 387 3356 caprini:
407 3276 486 3356 quia
501 3275 685 3357 pastoribus
706 3276 848 3339 iniuncta
869 3279 914 3338 est
933 3275 1069 3341 caelestis
1092 3262 1096 3339 l
1113 3274 1323 3355 propositam:
1351 3275 1428 3354 qui-a
1449 3276 1508 3337 etsi
1528 3277 1663 3339 oeternis
1684 3276 1798 3341 nudus
1818 3274 1948 3358 alliqaur
1969 3293 2031 3336 non
2052 3275 2097 3337 cst

88 3361 246 3424 doctrinae
262 3361 466 3440 praedicatio.
520 3361 669 3425 Videmus
690 3381 795 3426 ornnes
815 3360 859 3424 ad
880 3379 978 3425 unum
1000 3361 1068 3443 capi
1119 3360 1184 3424 Dei
1204 3361 1318 3437 nimus,
1345 3379 1400 3423 nos
1421 3365 1523 3424 tamen
1545 3360 1706 3425 ordinario
1727 3362 1855 3427 docendi
1875 3359 1965 3424 modo
1986 3359 2096 3441 alliqu-

88 3449 124 3509 in-
146 3446 277 3511 eundem
298 3447 452 3525 ordinem,
482 3451 517 3509 ut
537 3452 698 3511 mansueto
720 3452 747 3510 et
767 3447 861 3511 docili
882 3447 1000 3526 spiritu
1020 3466 1068 3511 re·
1118 3446 1177 3508 ait:
1199 3466 1290 3526 quem
1310 3447 1386 3510 dum
1407 3451 1552 3510 recusant
1571 3452 1672 3511 unere
1691 3448 1824 3528 sanctior?
1846 3446 1992 3524 hornines,
2015 3444 2096 3509 mul·

85 3532 202 3615 perulas
225 3551 257 3596 se
279 3532 453 3597 dadoribus
474 3534 510 3596 in
530 3533 611 3596 hunc
631 3552 727 3597 usum
749 3533 860 3596 meotis
878 3535 1067 3612 permittant.
1120 3534 1162 3596 tis
1187 3551 1220 3593 se
1247 3531 1428 3597 exitialibus
1454 3532 1576 3612 laqueis
1604 3534 1772 3598 innclount.
1817 3531 1936 3597 Multos
1963 3529 2097 3612 impellit

87 3616 132 3681 Et
150 3616 208 3680 hac
224 3623 298 3681 nota
311 3618 436 3698 pridem
452 3638 583 3701 requam
602 3617 721 3683 Christi
737 3619 924 3701 insiqnierat
942 3618 1069 3683 Iesaias
1118 3619 1165 3680 ael
1182 3616 1338 3698 superbia,
1357 3620 1405 3683 nel
1424 3619 1603 3700 fastidium,
1625 3620 1671 3684 ael
1693 3621 1868 3697 aemulatio,
1891 3628 1925 3682 ut
1941 3618 2003 3682 sibi
2018 3636 2095 3696 per-

86 3704 155 3786 (59,
180 3704 254 3786 21).·
281 3703 415 3782 spiritus
441 3725 529 3769 meus
556 3707 612 3784 qui
634 3707 669 3768 in
689 3710 717 3768 te
738 3709 797 3781 est,
826 3705 967 3769 etaerba
989 3725 1068 3784 quae
1118 3704 1273 3769 suadeant
1288 3705 1443 3784 priuatim
1465 3704 1587 3787 leqendo
1604 3710 1633 3769 et
1653 3705 1832 3770 meditando
1853 3725 1886 3768 se
1901 3722 1994 3785 posse
2015 3701 2096 3764 satis

80 3792 178 3870 posui
200 3791 235 3852 in
257 3809 308 3852 ore
329 3794 390 3865 tuo,
413 3809 575 3872 nunquam
595 3791 749 3855 discedent
769 3809 865 3872 neque
882 3810 921 3853 ea
937 3810 989 3854 ore
1005 3796 1066 3869 tuo,
1112 3789 1273 3871 proficere,
1296 3795 1388 3871 atque
1405 3793 1452 3854 ita
1469 3796 1661 3855 contemnant
1672 3791 1815 3871 publicos
1832 3794 1939 3864 coetus,
1962 3792 1989 3850 et
2000 3804 2096 3865 prae-

84 3895 181 3956 ncque
203 3895 242 3938 eu
263 3895 315 3939 ore
337 3876 466 3938 seminis
487 3877 536 3940 tui
557 3883 584 3940 et
609 3882 759 3958 nepotum.
811 3876 900 3941 Unde
925 3878 1067 3957 sequitur
1117 3877 1301 3943 dicationem
1322 3896 1550 3956 superuacuam
1573 3877 1696 3941 ducant,
1744 3876 1896 3956 Quoniam
1919 3876 2022 3936 autem
2044 3890 2095 3934 sa·

85 3961 197 4044 diqnos
216 3981 283 4025 esse
303 3962 359 4041 qui
379 3962 463 4040 fame
480 3968 508 4026 et
524 3963 630 4028 inedia
645 3967 783 4043 pereant.
806 3963 980 4044 quicunque
1001 3964 1066 4042 spi-
1116 3982 1206 4028 crum
1222 3964 1355 4025 unitatis
1375 3962 1543 4039 circulum,
1560 3967 1713 4041 quantam
1731 3962 1766 4024 iu
1783 3981 1816 4023 se
1833 3964 1886 4037 est,
1907 3958 2029 4022 saliunt
2048 3956 2097 4021 ael

83 4047 231 4112 ritualem
248 4047 372 4111 camme
389 4048 491 4111 cibum
509 4048 663 4112 diomitus
683 4048 745 4111 sibi
761 4069 821 4129 per
841 4068 957 4112 manem
978 4049 1065 4114 eccle·
1116 4049 1314 4128 abrumpunt,
1336 4068 1425 4112 eremo
1442 4049 1559 4110 iustam
1580 4048 1675 4126 impii
1697 4047 1795 4110 huius
1814 4046 1942 4110 diuortii
1958 4062 2095 4127 poenam

84 4134 152 4197 siae
167 4139 347 4214 porrectum
368 4138 529 4212 respuunt.
565 4134 676 4198 Fidem
698 4135 786 4198 nobis
806 4133 898 4198 Deus
918 4135 1063 4216 inspirat,
1116 4135 1224 4218 etrapit
1245 4136 1322 4215 quin
1350 4154 1383 4196 se
1404 4132 1568 4213 pestiferis
1589 4133 1746 4196 erroribus
1775 4151 1811 4197 ac
1832 4132 1999 4197 teterrimis
2020 4130 2096 4197 deli-

84 4220 139 4282 sed
155 4219 309 4302 eaanqelir'
327 4220 380 4283 sui
397 4239 520 4300 orqauo.
553 4219 654 4283 Sicrrti
670 4221 812 4284 admonet
832 4220 956 4284 Paulus
970 4221 1065 4301 fidem
1115 4222 1179 4286 riis
1198 4221 1340 4300 tasoinet.
1388 4220 1492 4298 Quare
1520 4222 1554 4280 ut
1580 4219 1682 4300 nipeat
1709 4220 1798 4298 apud
1826 4239 1883 4286 nos
1904 4241 1993 4301 pura
2019 4219 2096 4300 fidei

85 4325 150 4368 esse
167 4306 330 4369 exauditu
347 4305 458 4388 (Ram.
477 4304 598 4388 10,17).
624 4305 724 4369 Siardi
741 4305 834 4368 etiarn
846 4326 944 4388 penes
960 4306 1065 4371 Deum
1115 4305 1312 4388 simplicitas,
1334 4326 1373 4368 ne
1389 4305 1436 4367 uti
1451 4324 1619 4386 qraoemur
1632 4304 1687 4369 hoc
1696 4306 1829 4384 pietatis
1842 4309 1991 4383 exercitio,
2013 4305 2098 4385 quod

84 4410 145 4454 sua
166 4393 280 4456 residet
297 4393 437 4471 potentia
458 4392 501 4454 ad
523 4391 727 4469 seruandum·
753 4391 807 4454 sed
828 4412 896 4456 eam
917 4393 954 4455 in
974 4413 1064 4456 enau-
1115 4392 1206 4457 Deus
1231 4391 1321 4456 nobis
1348 4411 1409 4454 sua
1437 4391 1630 4455 institutimre
1655 4395 1838 4456 masuam
1864 4412 1929 4456 esse
1958 4408 2096 4455 rreeessa·

83 4476 159 4558 polii
175 4478 422 4557 praedicatione,
445 4478 547 4541 eodem
571 4477 674 4541 Paulo
694 4480 780 4553 teste,
801 4477 953 4559 depromt
974 4482 1064 4558 atqcue
1115 4479 1210 4557 rium,
1232 4485 1260 4541 et
1280 4481 1435 4557 tantopere
1457 4477 1653 4542 commundat.
1698 4477 1766 4541 Dea
1788 4480 1844 4560 qui
1866 4499 1959 4543 aures
1980 4479 2096 4542 diceret

84 4562 225 4642 euplieat.
271 4563 340 4627 Hoc
360 4563 491 4628 consilio
512 4564 609 4627 noluit
631 4563 705 4626 alim
731 4580 837 4626 sacros
864 4562 971 4627 baberi
996 4584 1064 4628 corr-
1115 4564 1308 4629 claudendas
1329 4583 1402 4632 esse,
1425 4583 1513 4631 uerna
1539 4584 1681 4644 unquam
1702 4563 1749 4627 vel
1771 4585 1810 4628 ea
1828 4563 2097 4646 petulantissimis

83 4653 195 4712 centus
216 4650 259 4713 ad
280 4650 507 4726 sanctuarium,
530 4655 565 4714 ut
584 4649 659 4730 fidei
681 4666 861 4713 consensum
881 4649 977 4714 aleret
997 4649 1064 4712 doo-
1115 4651 1246 4715 οοοῶοο
1274 4650 1417 4713 incertus
1444 4655 1505 4726 est,·
1538 4651 1592 4714 sed
1624 4650 1766 4714 omuibus
1798 4650 1934 4715 saeculis
1965 4650 2097 4731 difficile

84 4734 171 4797 trirra
197 4755 259 4814 per
291 4755 326 4799 cs
357 4736 529 4800 sacerdotis
556 4737 692 4817 prolata.
739 4733 805 4797 Nec
837 4734 901 4798 alio
927 4739 1064 4813 spectant
1112 4737 1176 4817 fuit
1201 4742 1353 4803 catanien>
1376 4734 1538 4817 prophetis
1564 4738 1683 4816 etpiis
1710 4736 1884 4800 doctoribus
1910 4740 2015 4800 corrtm
2036 4737 2096 4800 r'eu-

82 4822 242 4900 maqnihci
263 4821 312 4884 illi
334 4822 434 4898 tituli,
458 4821 512 4885 ubi
533 4823 680 4904 templum
701 4823 826 4885 noaatm
846 4821 968 4899 requies
989 4820 1062 4901 Dei,
1108 4824 1196 4902 pios,
1228 4842 1359 4904 quorum
1381 4822 1561 4901 peruicacia
1587 4841 1749 4902 nunquam
1776 4823 1886 4904 iuqum
1914 4822 1968 4886 hoe
1989 4823 2094 4888 subire

82 4908 300 4971 sanctuarium
327 4909 395 4973 eius
421 4908 624 4986 dorrrioilium,
646 4908 701 4972 uhi
722 4907 837 4972 dicitur
857 4907 962 4970 sedere
982 4908 1063 4971 inter
1108 4914 1209 4988 potest
1230 4913 1264 4971 ut
1286 4928 1337 4972 ore
1359 4907 1583 4983 etministerio
1605 4907 1765 4970 bominum
1787 4908 1962 4972 doceantur.
2006 4908 2094 4990 erod

84 4990 250 5056 Cherubim
273 4993 376 5076 (Paul.
399 4995 469 5070 132,
497 4999 535 5056 14
559 5003 592 5060 et
613 4999 663 5073 80,
678 4993 722 5077 2),
745 5011 840 5073 quam
862 4998 896 5055 ut
911 4994 1061 5074 pretium,
1107 4995 1244 5073 perinde
1265 4999 1310 5058 est
1331 5012 1367 5056 ac
1388 4991 1452 5056 Dei
1471 4991 1593 5072 facien,
1615 5012 1695 5072 quae
1716 4992 1804 5057 uobis
1824 4995 1861 5058 iu
1881 4995 2093 5079 dactriacus-

81 5077 232 5156 amorem,
262 5080 465 5143 reverentiam
486 5100 523 5143 ae
543 5082 726 5164 diqnitatem
748 5080 884 5143 coelestis
905 5079 1062 5144 doctrinae
1111 5079 1217 5163 fulqet,
1241 5080 1347 5145 delere.
1390 5078 1497 5159 Neque
1518 5077 1603 5141 enim
1622 5077 1728 5158 fideles
1748 5079 1823 5144 olim
1844 5079 1912 5146 alia
1934 5082 2092 5147 derauso

78 5165 255 5229 ministeria
277 5165 451 5229 concilient:
478 5164 591 5245 quibus
612 5167 732 5247 alioqui
753 5186 815 5230 nou
831 5185 951 5247 partun
973 5166 1060 5231 dero
1111 5166 1226 5248 facian
1248 5166 1313 5230 Dei
1339 5165 1375 5228 in
1400 5163 1582 5228 sandrario
1609 5183 1757 5245 quaerere
1778 5167 1861 5231 iussi
1882 5172 1968 5246 sunt,
1995 5168 2090 5250 idque

76 5255 166 5334 paret
187 5249 329 5314 mortalis
340 5255 368 5313 et
381 5252 543 5332 amenpu
563 5251 698 5319 hominis
720 5253 890 5334 adspectus.
923 5250 1011 5335 'Erpa
1026 5255 1061 5315 ul
1112 5255 1199 5318 toties
1221 5252 1372 5335 repetitur
1392 5251 1427 5314 iu
1449 5250 1519 5333 leqe,
1540 5249 1608 5314 m'si
1629 5250 1705 5342 quia
1722 5250 1800 5334 lepis
1816 5253 1957 5319 doctrina
1974 5259 2003 5318 et
2014 5274 2090 5335 pro-
