4672 5842
81 326 139 397 a·
366 285 372 291 ’
493 323 633 391 ΠΜ
677 325 742 392 au
764 326 1051 394 cocmrronu
1073 327 1157 392 am
1178 328 1451 395 ecunacum.
1498 329 1597 396 cnr.
1620 333 1662 397 v.
2044 342 2086 403 ee

170 514 218 575 ll.
264 510 367 593 Atqui
387 520 639 597 quantacunque
663 515 811 580 claritate
831 523 865 579 ct
885 537 920 581 so
942 526 975 580 ct
996 518 1058 580 im·
1109 521 1186 580 esset
1205 515 1295 594 tinia
1318 522 1345 578 et
1365 522 1401 579 ut
1421 516 1546 581 nabun
1566 519 1688 582 nullum
1707 520 1778 600 fiat,
1800 522 1880 586 satis
1901 542 1939 585 ea
1959 527 2001 587 tet
2021 544 2087 590 eer-

79 596 220 662 mortale
248 617 344 661 suum
364 619 503 681 regnum
525 600 687 666 Dominus
710 603 745 665 in
767 623 901 684 operum
924 623 1058 666 suorum
1109 602 1239 682 repares
1265 607 1395 681 apparet
1421 624 1516 683 quam
1542 603 1701 669 terribilis
1725 607 1766 669 sit
1793 605 1948 672 humanae
1975 612 2086 675 urentis

80 683 214 766 speculo
241 689 478 765 repraesentet,
507 686 563 767 qui
588 695 700 752 tamen
727 695 778 752 cst
804 697 913 751 noster
936 697 1057 770 stupor,
1110 689 1248 751 caecum.
1295 687 1385 752 Rude
1407 693 1435 752 et
1455 690 1611 753 indoctum
1632 691 1744 772 vulqus
1768 695 1879 757 emitte.
1924 692 1985 758 Sed
2005 696 2085 760 inter·

80 769 124 835 ad
146 778 215 832 tem
232 769 421 852 perspicuas
438 772 680 838 testificationes
698 795 826 855 semper
844 774 1056 852 hebescimus,
1103 771 1303 854 pbilesepbes
1324 775 1378 853 qui
1390 775 1511 838 ratione
1532 781 1559 838 et
1580 776 1720 840 doctrina
1730 784 1896 857 penetrare
1917 780 1952 842 iu
1969 782 2085 845 eoelum

79 861 117 920 ut
141 856 209 919 sine
229 854 371 936 profedu
397 856 536 937 efficiant.
580 859 666 923 Nam
689 868 851 941 quantum
879 859 919 922 ad
942 860 1058 923 mundi
1110 859 1210 923 cenati
1231 863 1317 935 sunt,
1351 880 1445 938 quam
1461 861 1612 941 parderrda
1639 868 1683 926 est
1707 864 1867 927 uarietas?
1899 868 2084 948 utquisque

77 941 234 1023 famiam
255 940 545 1021 etpulcberrimam
562 946 756 1027 positionem
774 946 901 1023 attinet,
924 953 1057 1027 quotus·
1110 945 1219 1008 attiere
1240 945 1364 1026 inparia
1380 948 1547 1026 praeditus
1557 947 1630 1028 fuit,
1651 953 1775 1029 arteque
1796 955 1823 1012 et
1843 951 1972 1013 scieritis
1994 952 2085 1016 lima

79 1027 216 1110 quisque
237 1034 287 1091 est
308 1034 467 1105 nestrum,
492 1031 546 1112 qui
571 1030 648 1093 dum
671 1030 779 1096 oculos
801 1031 853 1095 rel
875 1033 910 1094 in
932 1032 1057 1095 coelum
1110 1035 1168 1109 tus,
1191 1031 1236 1093 ita
1258 1031 1406 1109 speciosas
1427 1032 1538 1096 cebres
1558 1054 1634 1096 suae
1651 1035 1815 1098 sententiae
1832 1036 1976 1098 inducere
1996 1040 2085 1103 uiues

79 1112 216 1189 attollit,
250 1112 303 1176 vel
329 1134 388 1195 per
416 1115 566 1197 regiones
593 1127 700 1180 terrae
728 1118 837 1180 varias
862 1117 1057 1195 circumfert,
1109 1122 1169 1196 est,·
1195 1136 1271 1195 ques
1292 1121 1394 1179 tamen
1414 1138 1517 1181 ornnes
1538 1119 1568 1181 si
1585 1121 1720 1198 propius
1740 1122 1909 1200 inspicias,
1936 1125 2084 1188 everrides

78 1207 224 1263 mentem
247 1198 288 1262 ad
310 1200 464 1264 creatoris
485 1203 676 1266 memoriam
698 1204 826 1277 referat,
851 1223 887 1266 ac
904 1224 970 1266 non
988 1224 1057 1266 ma-
1109 1222 1173 1265 esse
1192 1202 1279 1282 fures
1297 1204 1438 1282 reperies.
1472 1205 1593 1285 Arqute
1613 1205 1673 1267 sibi
1691 1207 1753 1268 cisi
1769 1211 1842 1269 sunt
1860 1206 1960 1271 duem
1979 1207 2084 1288 Stoici,

103 1287 146 1362 's,
169 1286 345 1366 praeterito
368 1292 495 1364 autore,
518 1289 553 1350 in
577 1309 712 1370 opernm
735 1300 867 1370 aspectu
890 1287 1055 1353 desideat?
1104 1309 1197 1369 pesse
1218 1288 1288 1351 elici
1316 1309 1352 1350 cu
1374 1291 1490 1353 cunctis
1518 1296 1649 1353 tietmar
1663 1284 1811 1372 partibus
1832 1293 1926 1354 uaria
1948 1292 2012 1357 Dei
2033 1315 2085 1359 ne-

78 1308 254 1452 ssuantum
276 1392 353 1435 vero
375 1372 493 1442 attinet
520 1372 561 1437 ad
589 1396 730 1456 eaquae
753 1374 1057 1455 praeternaturalia
1109 1376 1210 1450 mina,
1239 1394 1333 1453 neque
1363 1379 1465 1438 tenua
1486 1383 1651 1457 prepterea
1680 1376 1815 1440 inaerari
1843 1398 1942 1441 uuum
1971 1378 2085 1443 Deum.

79 1457 237 1523 decursus
259 1455 406 1520 ordinem
433 1459 576 1539 quotidie
599 1461 772 1536 eveniunt,
803 1460 1057 1542 quotusquisque
1113 1461 1211 1539 Quasi
1233 1481 1303 1523 rere
1324 1480 1384 1522 nen
1405 1461 1472 1522 iam
1489 1462 1566 1542 pius
1588 1463 1667 1524 setis
1687 1462 1914 1526 adequitantem
1930 1464 2086 1543 proclives

77 1565 145 1608 non
167 1543 275 1624 magis
296 1550 435 1625 reputat,
459 1566 554 1609 caeca
575 1546 683 1627 potius
704 1546 852 1609 fortunae
874 1547 1057 1610 temeritate
1108 1547 1224 1620 simis,
1252 1547 1317 1608 nisi
1338 1546 1499 1626 multiplea
1520 1548 1648 1610 dearum
1669 1548 1759 1625 eopia
1780 1548 1866 1611 reebis
1887 1548 2000 1611 abiecta
2022 1550 2090 1626 iare,

76 1629 180 1693 rotari
213 1640 247 1691 ot
280 1629 419 1693 volutari
448 1630 597 1694 homines
629 1653 727 1713 quam
753 1633 817 1695 Dei
851 1632 1057 1714 providentia
1106 1633 1179 1714 qius
1201 1632 1544 1696 cartennensium
1566 1653 1699 1696 errarem
1720 1632 1914 1709 abstraheret.
1947 1633 2085 1714 Mystico

76 1713 277 1800 gubernari?
323 1713 421 1794 Quod
447 1717 475 1779 si
504 1716 632 1798 quande
662 1718 798 1782 istarum
822 1739 932 1781 rerum
957 1717 1056 1782 dtrctu
1108 1715 1201 1781 etiam
1230 1717 1454 1798 Acqqptierum
1480 1717 1630 1800 tbeeleqia
1658 1718 1800 1793 mandit,
1833 1719 1940 1782 sedula
1967 1720 2002 1781 in
2030 1720 2085 1785 bec

34 1835 39 1844 ·
76 1823 115 1866 ae
153 1800 347 1878 directione,
387 1800 430 1865 ad
460 1803 524 1866 Dei
563 1803 853 1867 considerationem
893 1803 1056 1886 adigimur
1108 1823 1210 1866 emeres
1231 1803 1420 1879 incubuisse,
1449 1824 1486 1866 ne
1512 1804 1626 1884 absque
1647 1805 1766 1866 ratione
1786 1804 1925 1884 desipere
1947 1805 2085 1869 rideren-

76 1885 180 1972 (quod
209 1885 360 1951 omnibus
387 1889 517 1952 evenire
539 1890 758 1953 necessarium
781 1889 844 1974 est)
873 1895 972 1953 terren
1002 1890 1056 1953 ubi
1107 1895 1168 1952 tur.
1210 1888 1259 1951 Ac
1288 1890 1392 1970 prime
1424 1890 1504 1970 ferte
1535 1891 1653 1952 intuitu
1685 1889 1807 1969 aliquid
1834 1894 1983 1969 tanquam
2012 1912 2085 1971 pre-

74 1980 199 2038 temere
228 1970 408 2037 divinitatis
434 1974 570 2039 alicuius
593 1997 724 2039 sensum
747 1977 968 2057 concepimus,
999 1997 1055 2038 ex·
1107 1975 1204 2038 babile
1226 1974 1381 2053 simplices
1403 1976 1759 2054 etineautesdeeqeeret5
1781 1975 1834 2039 sed
1853 1974 2084 2056 nibilunquam

74 2058 198 2141 templo
221 2057 264 2121 ad
286 2060 393 2123 carnis
414 2069 545 2124 nostrae
564 2059 678 2124 deliria
699 2062 745 2124 eet
762 2082 868 2142 prava
889 2067 1056 2125 caementa
1107 2060 1288 2143 acceptavit
1309 2061 1394 2124 ullus
1415 2062 1601 2137 monalium,
1627 2081 1686 2141 que
1708 2082 1768 2125 nau
1788 2061 1918 2140 turpiter
1940 2067 2085 2142 eerrrmta

74 2143 273 2222 delabimur,
297 2166 334 2209 ac
354 2166 473 2226 puram
494 2144 561 2209 Dei
582 2147 755 2210 veritatem
776 2155 888 2211 nostra
909 2168 1055 2211 cerrum·
1105 2147 1202 2228 sumit
1224 2147 1342 2228 reliqie.
1388 2146 1490 2226 Atque
1518 2145 1591 2209 baec
1612 2152 1677 2209 tam
1699 2147 1828 2227 eerrfusa
1848 2147 1985 2210 riarietas
2007 2147 2087 2227 Epi·

73 2231 184 2314 pimus
217 2231 370 2294 vanitate.
427 2229 469 2294 In
508 2253 545 2295 eo
578 2232 711 2314 quidem
743 2231 929 2307 dissimiles,
968 2231 1055 2314 quod
1106 2235 1209 2298 eureis
1230 2233 1392 2295 eterassis
1413 2232 1489 2296 aliis
1507 2233 1635 2311 pietatis
1656 2230 1906 2312 cemanpteribus
1919 2232 2086 2296 audaciam

74 2317 212 2399 quisque
242 2316 302 2380 sibi
331 2317 488 2399 privatim
517 2317 640 2400 aliquid
663 2318 836 2400 peculiaris
858 2319 978 2382 erroris
1001 2339 1054 2383 ae-
1107 2319 1239 2396 eddidit,
1261 2324 1294 2381 ut
1316 2338 1433 2381 amiran
1452 2316 1515 2381 Dei
1537 2339 1661 2382 sensum
1679 2318 1852 2382 abiicerent.
1885 2317 2087 2397 Numquam

74 2403 190 2479 cersit3
217 2402 254 2465 in
278 2402 338 2467 hee
359 2410 469 2466 tamen
492 2403 666 2482 simillimi,
691 2403 777 2486 quod
800 2403 841 2468 ad
862 2426 963 2467 unum
985 2425 1054 2467 om·
1101 2404 1363 2486 prudentissimas
1384 2424 1517 2484 quasque
1539 2409 1655 2467 certare
1675 2403 1813 2467 viderent
1834 2404 2004 2466 centrariis
2021 2404 2087 2484 epi-

74 2510 135 2553 nes
155 2488 196 2552 ab
216 2508 282 2551 uno
303 2510 381 2552 vero
403 2489 476 2553 Deo
504 2488 546 2552 ad
569 2489 752 2573 prodigiosa
776 2498 976 2571 nugamenta
997 2488 1053 2553 dc·
1106 2491 1265 2567 trientibus,
1294 2511 1332 2553 ea
1359 2511 1463 2554 eorum
1489 2490 1635 2554 dissidiis
1661 2495 1688 2553 et
1713 2489 1831 2569 friuola
1853 2490 1946 2552 etiarn
1967 2489 2013 2552 eet
2034 2488 2086 2552 ab

73 2575 212 2639 ficimus.
258 2571 333 2654 Quo
366 2573 478 2639 morbo
505 2596 572 2638 non
600 2576 728 2658 plebeia
756 2574 851 2639 modo
879 2584 911 2639 et
939 2574 1054 2639 obtusa
1106 2577 1205 2640 surda
1226 2577 1374 2656 cuiusque
1395 2576 1542 2651 doctrina,
1565 2575 1703 2657 colliqere
1724 2595 1785 2640 nen
1802 2575 1993 2653 dubitarunt,
2015 2574 2084 2655 fru-

74 2660 217 2744 ingenia,
242 2659 297 2724 sed
320 2661 579 2743 praeclarissima
600 2670 634 2725 et
652 2661 811 2743 singulari
833 2661 953 2743 alioqui
976 2683 1052 2726 acu-
1106 2667 1173 2726 stra
1194 2662 1327 2726 etstulte
1344 2667 1493 2724 ternanta
1511 2661 1571 2725 sibi
1593 2681 1744 2724 accersere
1762 2660 1901 2724 immines
1921 2659 1975 2722 ubi
1990 2660 2085 2723 'deum

73 2748 162 2811 mine
185 2744 342 2829 praedita,
365 2747 584 2828 implicantur.
623 2746 880 2830 Quamprolixc
902 2747 1052 2811 suumin
1107 2750 1162 2829 qui
1195 2748 1302 2812 niellus
1334 2752 1379 2811 est
1410 2748 1608 2828 incestiqant5
1641 2748 1734 2826 idque
1768 2767 1800 2810 se
1826 2748 1955 2826 ‘inmune
1981 2745 2085 2825 faeere

73 2832 137 2898 hae
165 2839 260 2914 parte
282 2831 493 2897 stoliditatem
520 2854 558 2896 ac
580 2834 799 2898 insulsitatem
820 2832 962 2915 prodidit
984 2840 1054 2896 tota
1106 2835 1279 2909 desumunt,
1312 2834 1388 2913 quia
1415 2838 1591 2914 paterere
1628 2831 1710 2895 breui
1743 2832 1918 2911 compendio
1947 2851 2084 2911 prorsus

73 2918 346 3002 philosopherum
367 2918 479 2982 natio?
523 2917 624 2992 Nam,
650 2928 689 2984 ut
711 2919 782 2984 aliis
804 2941 976 3002 parcamus
999 2919 1054 3001 qui
1106 2919 1211 2984 Deum
1236 2940 1361 3000 reeqare,
1391 2939 1486 3000 quarn
1512 2918 1626 3001 rinqere
1645 2919 1778 2982 incertas
1805 2918 1889 2993 dees,
1917 2922 1945 2979 et
1973 2916 2084 2980 deinde

74 3005 178 3069 multe
207 3003 378 3069 absurdius
407 3005 586 3085 ineptiunt,
620 3005 716 3070 Plato
742 3005 829 3069 inter
861 3027 974 3070 omnes
1002 3026 1053 3068 re·
1105 3006 1175 3070 lites
1196 3026 1314 3070 merere
1336 3026 1415 3085 quae
1436 3005 1559 3069 riulfum
1585 3004 1726 3068 baberent
1748 3004 1871 3066 eniterer.
1916 3001 1965 3066 Ac
1986 3002 2084 3064 nimis

73 3089 301 3176 ligiosissimus
323 3097 357 3154 ct
377 3091 521 3154 maxime
543 3090 684 3168 sobrius,
713 3092 782 3173 ipse
804 3112 930 3173 quoque
952 3093 988 3154 in
1006 3111 1055 3154 re·
1106 3092 1230 3171 quidem
1251 3092 1360 3155 inseite
1381 3092 1609 3155 ratiocinantur
1636 3090 1701 3166 iili,
1734 3089 1780 3152 eei
1803 3088 1914 3167 petius
1942 3088 2084 3169 teqeadae

74 3177 168 3242 ande
196 3197 252 3240 sere
277 3176 363 3258 plebe
391 3177 564 3241 evanescit.
608 3177 655 3240 Et
681 3176 760 3260 quid
790 3177 862 3240 aliis
890 3198 955 3240 neu
979 3198 1053 3241 eve-
1106 3198 1182 3242 suae
1204 3177 1356 3259 impietati
1375 3177 1518 3239 mulam
1539 3177 1689 3241 inducunt
1710 3196 1747 3238 eu
1765 3174 1925 3238 deminum
1946 3173 2083 3251 inscitia,

75 3264 169 3339 niret,
192 3282 296 3343 quum
313 3263 359 3325 ite
376 3263 544 3345 primores,
563 3283 703 3345 querum
720 3271 790 3327 erat
807 3263 941 3344 reliquis
959 3284 1053 3344 prae·
1106 3284 1144 3326 eu
1173 3284 1237 3343 qua
1258 3262 1326 3325 Dee
1352 3263 1523 3342 quidquam
1551 3262 1690 3326 decadae
1716 3261 1846 3324 minime
1872 3279 2005 3338 aequiem
2033 3263 2084 3321 est.

77 3347 199 3425 lucere,
222 3347 467 3413 hallucinantur
489 3354 522 3413 et
542 3348 750 3433 impingant?
796 3348 972 3426 Similiter,
998 3349 1053 3413 ubi
1109 3349 1170 3413 Sed
1192 3369 1287 3429 quum
1308 3348 1468 3428 fateantur
1489 3368 1604 3423 amnas,
1632 3347 1756 3411 nuliam
1777 3365 1841 3409 esse
1868 3365 1933 3408 reae
1960 3344 1997 3407 de
2020 3365 2085 3424 qua

76 3454 189 3499 rerum
212 3431 431 3497 humanarum
458 3434 652 3517 gubernatio
679 3435 920 3517 providentiam
949 3435 1054 3498 mani-
1106 3440 1262 3516 tantopere
1284 3434 1363 3499 decti
1385 3434 1481 3498 simul
1502 3439 1529 3496 et
1552 3434 1666 3498 indocti
1689 3432 1882 3507 dissentiant,
1907 3428 1980 3493 ltine
2001 3429 2085 3494 cedi

76 3518 190 3584 festius
213 3518 322 3598 arguit
340 3539 437 3599 quam
458 3527 495 3583 ut
516 3520 672 3604 abnegari
694 3528 799 3604 queat,
823 3520 926 3584 nihilo
945 3528 1054 3584 tamen
1104 3522 1199 3604 pit-nr,
1217 3520 1294 3602 plus
1307 3520 1527 3599 quambebetes
1548 3539 1585 3583 ae
1601 3539 1708 3584 caecas
1729 3518 1764 3580 in
1780 3516 1955 3582 coelestibus
1977 3520 2086 3597 myste-

76 3603 152 3668 inde
175 3601 251 3684 plus
273 3603 447 3682 proficitur,
470 3627 568 3686 quam
587 3607 614 3671 si
634 3609 808 3671 temeraria
824 3607 974 3670 fortunae
997 3627 1054 3670 vo·
1106 3609 1167 3671 riis
1189 3628 1253 3670 esse
1274 3605 1434 3670 leoninum
1461 3611 1575 3669 mentes
1603 3626 1681 3686 quae
1710 3605 1744 3666 iu
1768 3603 1829 3666 Dei
1850 3601 2086 3683 ineestipatiene

78 3689 204 3754 lentate
226 3685 436 3752 crederentur
457 3695 566 3756 omnia
587 3714 720 3758 sursum
742 3692 895 3757 deorsum
912 3693 1053 3756 versari:
1107 3694 1152 3758 sie
1173 3698 1285 3756 errant.
1331 3691 1498 3755 Laudateu
1524 3691 1561 3754 ab
1591 3691 1668 3754 otiis
1692 3689 1864 3752 Simonidis
1892 3705 2085 3766 responsum,

80 3781 169 3840 tanta
192 3781 244 3838 est
264 3780 378 3837 nestra
398 3775 433 3837 iu
454 3778 631 3842 vanitatem
653 3788 686 3843 et
707 3800 852 3843 errorem
873 3779 1054 3860 propensio.
1108 3780 1163 3860 qui
1184 3784 1309 3860 reqatus
1330 3778 1369 3842 ab
1381 3777 1516 3842 Hierone
1538 3782 1669 3858 tqrenrie
1691 3775 1768 3854 quid
1785 3778 1863 3837 esset
1881 3771 1978 3849 Deus,
2003 3771 2087 3835 diem

80 3861 127 3925 De
154 3859 438 3925 excelleutissimis
466 3882 591 3944 semper
617 3863 746 3946 loquor,
777 3886 844 3927 non
865 3863 1056 3946 vulgaribus
1107 3865 1168 3927 sibi
1191 3865 1233 3928 ad
1253 3864 1451 3946 eeqitandum
1471 3864 1546 3926 dari
1562 3863 1661 3943 petiit.
1700 3861 1802 3941 Quum
1824 3859 1906 3921 idem
1928 3860 2087 3937 quaereret

80 3946 156 4024 illis,
190 3967 330 4029 quorum
361 3946 396 4009 in
424 3946 625 4027 profananda
646 3951 710 4015 Dei
735 3952 872 4015 veritate
898 3950 1056 4031 processit
1103 3950 1258 4031 postridie
1279 3955 1447 4031 tyrannus,
1469 3949 1599 4011 biduum
1615 3947 1800 4027 pestutaeit:
1826 3965 1861 4007 ac
1881 3943 2010 4023 saepius
2031 3943 2088 4007 du

81 4032 112 4096 in
133 4033 333 4096 immensum
352 4031 490 4095 insania.
1080 4056 1083 4089 ι
1103 4036 1220 4117 plicata
1243 4056 1368 4099 numere
1389 4035 1520 4111 dierum,
1543 4034 1667 4097 taudem
1688 4031 1860 4112 resperuiit:
1883 4034 1996 4109 quante
2018 4029 2088 4091 diu·

167 4121 215 4181 12.
262 4117 348 4181 Hine
376 4119 529 4181 immensa
555 4118 612 4181 illa
639 4141 778 4184 errorum
805 4121 964 4200 colluvies,
994 4141 1057 4202 qua
1108 4123 1172 4185 tius
1206 4122 1379 4197 recanere,
1426 4125 1511 4184 tauto
1544 4141 1595 4183 res
1636 4117 1714 4181 mibi
1761 4117 1883 4179 eidem-r
1921 4114 2088 4178 obscurior.

82 4208 158 4269 tetus
177 4205 259 4268 erbis
279 4204 412 4285 refertus
435 4223 471 4266 ae
492 4208 647 4285 coopertus
662 4206 731 4284 fuit.
767 4206 868 4271 &um
889 4209 973 4270 enim
994 4208 1057 4270 eui-
1111 4206 1283 4271 Prudenter
1321 4227 1395 4270 sane
1427 4205 1479 4269 ille
1511 4206 1691 4269 seruent-iam
1730 4203 1767 4266 de
1799 4222 1832 4264 re
1866 4200 1927 4264 sibi
1959 4200 2087 4263 obseura

82 4310 136 4369 que
158 4291 319 4372 inqenium
340 4292 442 4353 instar
464 4289 633 4371 labyrinthi
654 4297 712 4368 est,·
740 4297 774 4354 ut
794 4294 912 4356 mirum
935 4314 994 4357 nen
1016 4294 1058 4356 sit
1109 4293 1302 4372 suspenderit
1309 4317 1318 4370 ;
1340 4292 1410 4356 ltine
1432 4297 1534 4355 tamen
1551 4295 1688 4372 apparet,
1711 4291 1740 4352 si
1760 4286 1947 4350 naturaliter
1967 4290 2087 4347 tentum

82 4376 223 4456 sinqulas
242 4381 345 4458 pentes
363 4377 398 4439 in
419 4377 511 4439 naria
533 4381 704 4439 emanente
726 4378 868 4443 diductis
890 4400 961 4443 esse.
996 4379 1057 4442 Ne-
1109 4379 1203 4443 alecti
1229 4384 1303 4441 suut
1330 4378 1483 4455 hemines,
1517 4377 1598 4440 nibil
1625 4381 1756 4450 emtum,
1784 4373 1830 4436 eet
1857 4371 2005 4466 solidum,
2039 4369 2088 4434 eei

83 4483 136 4541 que
163 4462 198 4526 id
226 4462 328 4539 mede,
356 4461 409 4524 sed
436 4462 573 4544 sinqulis
596 4483 693 4542 prope
719 4462 894 4529 bominibus
912 4466 1057 4546 proprios
1108 4466 1290 4529 distantum
1310 4469 1426 4541 ferrera·
1454 4465 1508 4528 sed
1532 4463 1668 4542 cerrfusis
1690 4466 1810 4523 tantum
1827 4457 2001 4536 principiis
2022 4476 2087 4519 esse

81 4549 179 4626 fuisse
200 4547 280 4610 dees.
327 4547 413 4611 Nam
434 4552 468 4610 ut
491 4548 533 4612 ad
555 4548 714 4634 inscitiam
735 4553 762 4610 et
783 4551 929 4615 tenebras·
942 4551 1058 4615 amedit
1109 4551 1233 4632 affines,
1255 4555 1290 4613 ut
1311 4550 1417 4613 Deum
1438 4551 1627 4631 incoquitum
1648 4547 1783 4610 aderent.

83 4632 236 4697 ternarias
264 4638 290 4696 et
317 4634 463 4710 lasciuia,
491 4635 547 4697 eie
576 4654 659 4697 unies
686 4653 824 4713 unquam
850 4643 988 4716 repertus
1015 4642 1058 4700 est
1201 4639 1246 4698 13.
1294 4635 1366 4698 lam
1393 4637 1553 4699 tenendum
1577 4653 1692 4714 queque
1714 4637 1757 4695 est
1777 4629 1952 4710 quicunque
1969 4647 2088 4707 puram

84 4722 135 4800 qui
164 4718 308 4783 nonsibi
330 4718 447 4783 idolum
474 4719 520 4783 eel
540 4725 692 4800 spectrum
715 4717 780 4782 Dei
802 4720 862 4783 lace
883 4721 1057 4799 fabricaret.
1110 4722 1288 4804 reliqienem
1309 4723 1499 4800 adulterant,
1522 4727 1556 4785 ut
1577 4719 1717 4782 erunibus
1742 4714 1879 4779 accidere
1903 4733 2021 4776 neeesse
2045 4717 2090 4776 est

87 4804 170 4869 Certe
200 4825 262 4868 neu
289 4822 376 4868 secus
403 4809 493 4884 atqm
515 4825 551 4867 ee
572 4811 662 4868 easta
684 4805 850 4886 amplaque
871 4808 1059 4889 scaturiqiue
1111 4809 1250 4890 opinioni
1271 4829 1347 4872 suae
1368 4808 1494 4885 deditis,
1518 4805 1734 4871 discessionem
1754 4802 1856 4882 tacere
1878 4799 1917 4861 ab
1934 4819 1995 4862 une
2013 4797 2089 4862 Dee.

85 4910 184 4973 equae
211 4890 372 4967 ebuiliunt,
398 4891 551 4953 immensa
577 4892 706 4955 deorum
728 4890 819 4955 turba
842 4890 1059 4957 abdominum
1112 4895 1216 4960 Aliud
1237 4895 1360 4975 quidem
1381 4893 1442 4957 sibi
1464 4896 1499 4957 iu
1522 4893 1627 4956 anime
1647 4910 1710 4953 esse
1732 4887 1909 4964 iactaburd,·
1936 4884 1990 4949 sed
2012 4885 2089 4966 quid

85 4982 181 5041 uena
196 4977 359 5058 metluait,
382 4975 458 5040 dum
479 4976 607 5058 quisque
628 4979 725 5042 reimis
746 4977 899 5043 licentiose
921 4979 1060 5060 repende
1112 4982 1285 5058 iratendant,
1315 4980 1361 5044 nel
1382 4981 1459 5060 quid
1480 4979 1541 5044 sibi
1559 4976 1781 5058 persuadeant,
1811 4993 1872 5036 nen
1895 4971 2026 5035 multum
2047 4970 2091 5034 ad

83 5080 247 5143 perperam
279 5061 333 5126 lece
365 5061 410 5124 'ecl
441 5061 522 5125 illud
552 5065 590 5128 de
617 5064 685 5145 ipsa
711 5063 778 5128 Dee
810 5065 1060 5129 eernrniniseitur.
1112 5088 1176 5130 rem
1203 5067 1294 5147 faeit5
1320 5067 1443 5145 quande
1470 5064 1604 5146 spiritus
1630 5067 1755 5127 sanetus
1777 5059 1961 5140 prenuntiat
1987 5075 2091 5120 omnes

90 5147 194 5229 Neque
215 5152 318 5212 temen
334 5147 384 5211 bie
399 5149 661 5228 superstitionum,
680 5151 791 5230 quibus
808 5151 979 5232 implicitis
999 5152 1062 5233 fuit
1113 5173 1177 5218 esse
1199 5157 1365 5234 apostatas,
1388 5153 1443 5233 qui
1460 5172 1521 5232 pre
1543 5151 1655 5214 mentis
1676 5169 1751 5212 suae
1773 5145 1905 5227 eulmine
1926 5142 2091 5206 daemonia

88 5234 231 5312 mundus,
254 5233 425 5316 aetatequm
445 5237 544 5297 terere
565 5255 681 5300 rucesse
708 5242 765 5301 est:
793 5238 869 5319 quia
895 5257 949 5302 nec
976 5237 1062 5302 ultus
1113 5243 1290 5320 supponunt
1311 5238 1346 5301 in
1368 5238 1431 5302 Dei
1452 5239 1560 5311 tecum
1603 5235 1674 5300 Hac
1700 5233 1819 5297 ratione
1843 5227 2090 5313 Paulus(pr

197 5335 305 5390 Osirim
320 5351 411 5405 epora.
455 5335 510 5390 Vol.
528 5335 571 5390 11.
1513 5348 1517 5359 ’
1870 5328 1888 5381 4
