4672 5842
396 1498 838 1661 'IOANNES
876 1520 1340 1671 CALVINUS
1376 1522 1786 1679 LECTORI.

240 1804 282 1868 In
308 1804 414 1886 prima
443 1802 539 1866 huius
567 1801 671 1864 nostri
695 1801 802 1881 operis
824 1798 982 1875 editione,
1012 1799 1088 1880 quia
1110 1820 1185 1863 eurn
1208 1818 1305 1879 quem
1328 1819 1387 1880 pro
1416 1800 1578 1863 immonsa
1605 1821 1665 1863 sua
1693 1798 1836 1864 bonitate
1858 1801 2022 1865 Dominus
2044 1822 2118 1867 suc·

10 1852 22 1981 l
106 1937 239 1983 cessum
262 1914 506 1979 deditminime
528 1913 773 1994 exspectabam,
801 1912 932 1987 leviter,
962 1911 1077 1974 maiori
1100 1918 1255 1991 exparte
1278 1908 1386 1989 (utrn
1408 1911 1544 1974 ιιιιιιιιιιι
1563 1910 1713 1993 operibus
1735 1912 1806 1975 fieri
1829 1910 1922 1991 solet)
1946 1911 2119 1977 defunctus

10 2026 16 2071 l
107 2048 218 2106 eram;
241 2048 357 2091 verum
378 2047 483 2108 quum
504 2023 731 2107 intelligerem,
754 2045 792 2087 eo
814 2024 944 2106 piorum
965 2022 1032 2086 fere
1055 2022 1200 2085 omnium
1222 2022 1334 2085 favore
1355 2030 1531 2103 exceptum
1552 2044 1632 2100 esse,
1655 2044 1752 2104 quem
1772 2044 1942 2106 nunquam
1963 2029 2039 2087 voto
2061 2045 2119 2087 ex-

108 2150 231 2223 petere,
253 2136 377 2202 nedum
398 2156 531 2219 sperare
554 2156 654 2199 ausus
676 2136 824 2200 fuissem:
855 2142 892 2199 ut
920 2133 1002 2197 mibi
1030 2133 1105 2216 plus
1130 2132 1234 2196 multo
1257 2132 1377 2197 deferri
1399 2154 1440 2197 ex
1463 2134 1571 2197 auimo
1594 2133 1774 2198 sentiebam
1797 2155 1894 2215 quam
1917 2156 2021 2199 essem
2043 2154 2119 2217 pro-

110 2251 262 2325 meritus,
296 2250 345 2313 ita
372 2268 511 2329 magnae
538 2246 784 2329 ingratitudinis
812 2246 881 2310 fore
908 2245 1022 2327 putavi
1044 2245 1108 2309 nisi
1136 2244 1216 2307 adeo
1239 2246 1409 2327 propensis
1437 2246 1472 2307 ιιι
1493 2267 1546 2308 me
1576 2244 1708 2322 studiis,
1736 2266 1773 2311 ac
1794 2267 1902 2309 meam
1923 2245 2120 2310 industriam

111 2370 227 2444 sponte
253 2359 485 2435 invitantibus,
513 2358 710 2439 respondere
737 2357 854 2422 saltem
882 2379 941 2440 pro
968 2378 1042 2419 mea
1071 2356 1228 2420 tenuitate
1247 2376 1400 2419 conarer.
1454 2356 1569 2437 Neque
1595 2356 1628 2420 id
1655 2357 1798 2422 secunda
1825 2363 1954 2421 tantum
1982 2357 2123 2423 editione

108 2473 247 2551 tentavi,
270 2470 328 2537 sed
350 2471 476 2553 quoties
499 2468 616 2533 deindo
639 2491 796 2533 excusum
819 2469 882 2532 fuit
906 2489 986 2550 opus
1008 2467 1167 2531 nonnulla
1189 2468 1371 2532 accessione
1396 2467 1630 2551 locupletatum
1658 2468 1728 2531 fuit.
1773 2469 1847 2533 Etsi
1870 2476 1981 2532 autem
2003 2469 2123 2535 laboris

108 2598 192 2649 tunc
214 2583 354 2666 impensi
371 2604 425 2645 mc
446 2603 512 2645 non
530 2580 732 2662 poenitebat,
756 2601 926 2661 nunquam
946 2590 1058 2644 tamen
1079 2578 1161 2642 mihi
1184 2578 1334 2656 satisfeci,
1360 2579 1461 2643 donec
1483 2579 1519 2642 ιιι
1540 2579 1629 2644 hunc
1650 2579 1797 2643 ordinem
1819 2581 1874 2662 qui
1897 2603 1985 2645 nunc
2006 2602 2123 2663 propo-

108 2697 203 2761 nitur
225 2694 388 2778 digestum
409 2693 480 2757 fuit
525 2691 623 2756 Nunc
645 2714 698 2756 me
721 2691 850 2756 dedisse
871 2691 998 2755 confido
1021 2689 1107 2771 quod
1130 2702 1240 2753 vestro
1262 2692 1408 2754 omnium
1436 2690 1554 2755 iudicio
1582 2691 1745 2772 probetur.
1789 2691 1886 2756 (terte
1909 2702 2031 2774 quanto
2053 2700 2124 2757 stu·

110 2807 166 2872 dio
194 2805 235 2871 ad
260 2826 392 2889 operam
414 2804 501 2869 hanc
528 2803 683 2868 ecclesiae
705 2803 769 2867 Dei
792 2801 1023 2884 praestandam
1045 2801 1250 2866 incubuerim
1271 2801 1473 2866 luculentum
1495 2802 1721 2866 testimonium
1743 2804 1888 2885 proferre
1916 2803 2006 2882 licet,
2038 2803 2124 2886 quod

111 2918 265 3002 proxima
286 2917 406 3002 hyeme
428 2916 509 2980 dum
530 2914 760 2981 existimabam
782 2936 802 2979 a
824 2914 913 2979 febre
935 2922 1096 2995 quartana
1117 2926 1257 2977 mortem
1279 2913 1361 2976 mibi
1384 2912 1585 2989 denuntiari,
1609 2935 1672 2995 quo
1694 2916 1799 2998 magis
1820 2914 1960 2998 urgebat
1980 2916 2123 2997 morbus,

111 3053 152 3096 eo
172 3032 282 3095 minus
304 3029 387 3093 mihi
409 3027 555 3112 peperci,
579 3026 683 3090 donec
705 3026 828 3090 librum
850 3026 1057 3107 superstitem
1081 3025 1313 3106 relinquerem,
1335 3025 1390 3106 qui
1413 3036 1482 3089 tam
1507 3026 1669 3108 benignae
1688 3027 1817 3107 piorum
1837 3027 2026 3091 invitationi
2048 3048 2124 3110 gra·

111 3145 195 3207 tiam
218 3142 360 3223 aliquam
383 3139 585 3222 rependeret.
631 3138 823 3202 Maluissem
846 3137 994 3219 equidem
1018 3136 1124 3214 citius,
1147 3158 1263 3200 verum
1286 3143 1337 3200 sat
1358 3137 1421 3201 cito
1442 3137 1470 3201 si
1492 3146 1543 3200 sat
1564 3137 1655 3201 bene.
1701 3136 1894 3221 Opportune
1917 3145 2027 3202 autem
2048 3160 2124 3221 pro-

112 3254 200 3320 disse
223 3264 302 3318 tunc
323 3252 447 3336 putabo
469 3252 524 3317 ubi
545 3272 676 3316 sensero
695 3248 878 3314 uberiorem
897 3246 1003 3313 adhuc
1021 3270 1120 3331 quam
1138 3248 1277 3312 antchac
1294 3249 1437 3312 fraretum
1455 3248 1596 3330 aliquem
1614 3249 1766 3314 ecclesiae
1783 3250 1848 3314 Dei
1866 3249 2021 3315 attulisse.
2050 3230 2126 3315 Hoc

109 3366 199 3429 mihi
224 3365 358 3429 unicum
382 3371 505 3428 votum.
558 3362 605 3427 Et
631 3383 710 3426 sane
738 3381 866 3424 mecum
888 3360 974 3423 male
997 3369 1162 3442 ageretur,
1191 3360 1255 3423 nisi
1277 3361 1374 3424 unius
1396 3361 1460 3424 Dei
1484 3359 1717 3442 approbatione
1739 3370 1924 3439 contentus,
1948 3361 2001 3426 vel
2022 3361 2125 3426 stulta

108 3482 151 3540 et
174 3494 328 3556 perversa
348 3475 575 3557 imperitorum
597 3473 778 3550 homimmr,
802 3471 854 3535 vel
876 3472 990 3554 iniqua
1012 3478 1045 3535 et
1066 3470 1211 3554 maligna
1231 3473 1453 3553 improborum
1475 3471 1596 3536 iudicia
1617 3480 1866 3536 contemnerem.
1905 3473 1991 3537 Nam
2010 3493 2124 3554 quam-

110 3585 168 3653 vis
192 3584 286 3648 Deus
307 3591 340 3646 ct
357 3586 558 3671 propagandi
580 3585 674 3669 regni
698 3583 757 3655 sui,
782 3594 815 3645 et
836 3581 1040 3647 adiuvandae
1062 3583 1211 3664 publicae
1232 3583 1384 3647 utilitatis
1408 3582 1513 3647 studio
1537 3584 1682 3647 animum
1705 3605 1815 3647 meum
1835 3586 1967 3667 penitus
1990 3584 2125 3650 addixe-

10 3696 12 3702 ’
113 3698 176 3776 ιιι,
206 3695 290 3758 mibi
318 3714 445 3777 quoque
469 3698 569 3779 probe
590 3697 738 3763 conscius
765 3697 844 3773 sim,
871 3696 979 3776 ipsum
1002 3704 1034 3758 et
1056 3694 1188 3777 angelos
1210 3702 1307 3759 testes
1330 3695 1484 3767 babeam,
1509 3694 1592 3758 nihil
1615 3717 1656 3758 ex
1678 3715 1741 3776 quo
1763 3696 1906 3760 officium
1928 3695 2068 3762 doctoris
2088 3698 2125 3761 in

112 3807 255 3873 ecclesia
277 3805 420 3887 suscepi,
447 3807 528 3870 mihi
555 3808 654 3872 fuisse
676 3808 878 3890 propositum
901 3827 1000 3888 quam
1023 3806 1177 3871 ecclesiae
1198 3805 1367 3887 prodesse,
1396 3806 1557 3871 sinceram
1578 3807 1708 3888 pietatis
1731 3806 1913 3872 doctrinam
1934 3808 2123 3873 asserendo:

114 3919 284 3984 nerninem
306 3926 419 3983 tamen
447 3938 517 3982 esse
543 3927 622 3999 puto
649 3920 704 4001 qui
727 3918 875 4002 pluribus
903 3919 1089 3999 impetatur,
1119 3916 1310 3981 mordeatur
1343 3924 1376 3981 ot
1402 3917 1564 3983 laceretur
1591 3917 1772 3982 calumniis.
1825 3916 1938 3999 Quum
1967 3920 2035 3985 iam
2064 3921 2125 3986 sub

116 4029 208 4113 prelo
231 4038 316 4094 esset
337 4028 488 4111 epistola,
516 4042 602 4091 certo
625 4032 755 4105 rescivi,
778 4032 963 4113 Augustae,
986 4030 1043 4094 ubi
1066 4038 1246 4093 conventus
1268 4028 1419 4092 ordinum
1442 4030 1570 4111 imperii
1590 4028 1761 4112 agebatur,
1791 4051 1941 4113 sparsum
1962 4030 2062 4097 brisso
2085 4031 2126 4097 da

113 4163 192 4207 mea
220 4141 261 4205 ad
290 4148 447 4223 papatum
475 4139 654 4203 detectione
681 4162 844 4205 rumorem
874 4149 906 4204 et
936 4140 1085 4223 cupidius
1114 4162 1212 4222 quarn
1239 4162 1300 4222 par
1326 4152 1397 4205 erat
1424 4142 1459 4204 in
1488 4141 1571 4205 aulis
1598 4142 1783 4223 principum
1805 4152 1986 4224 exceptum.
2032 4142 2126 4209 Haec

114 4264 169 4317 est
190 4253 312 4318 scilicet
333 4272 446 4315 eorum
469 4250 634 4333 gratitudo
656 4272 736 4332 quos
759 4259 845 4317 certe
868 4274 933 4316 uon
955 4252 1061 4317 latent
1081 4252 1223 4334 plurima
1244 4253 1446 4316 constantiae
1467 4273 1560 4316 meae
1582 4253 1816 4335 experimenta.
1839 4273 1924 4335 quae
1945 4261 1984 4317 ut
2001 4254 2125 4319 calum-

50 4338 58 4351 ·
113 4364 209 4428 niam
231 4364 311 4427 adeo
335 4362 462 4427 foedam
484 4373 654 4444 respuunt,
675 4363 723 4426 ita
744 4363 783 4427 ab
806 4384 844 4427 ea
865 4386 917 4428 me
941 4364 1028 4446 apud
1050 4386 1163 4429 omnes
1185 4384 1305 4445 aequos
1327 4370 1360 4427 et
1377 4363 1538 4428 humanos
1555 4362 1678 4428 iudices
1697 4364 1781 4428 tueri
1799 4363 1986 4428 debuerant
2019 4354 2141 4429 Falli-'¹'

112 4489 174 4539 tur
195 4484 305 4539 autem
334 4496 409 4539 cunr
437 4484 505 4538 tota
532 4496 592 4539 sua
619 4482 751 4538 caterva
778 4474 937 4554 diabolus,
964 4478 991 4539 si
1013 4497 1067 4540 me
1088 4474 1210 4557 putidis
1232 4473 1409 4539 mendaciis
1430 4475 1610 4552 obruendo,
1633 4476 1696 4539 hac
1716 4474 1916 4565 indignitate
1938 4475 2125 4541 stacdorem

112 4586 172 4651 vel
198 4587 303 4670 magis
331 4585 458 4649 lentum
485 4586 554 4649 fore
582 4594 689 4667 putat:
718 4586 794 4666 quia
814 4587 923 4650 Deum
950 4608 1009 4669 pro
1031 4589 1193 4650 immonsa
1220 4608 1279 4651 sua
1300 4586 1442 4651 bonitate
1465 4586 1620 4651 daturum
1642 4585 1726 4649 mihi
1747 4584 1889 4663 confido,
1911 4592 1951 4649 ut
1970 4587 2006 4651 in
2025 4608 2125 4653 cursu
2184 4562 2193 4573 .

114 4708 252 4763 sanctae
279 4718 358 4761 suae
379 4696 558 4761 vocationis
588 4696 748 4778 aequabili
772 4696 944 4763 tolerantia
972 4719 1186 4781 perseverem.
1232 4698 1334 4762 Cuius
1357 4699 1404 4762 rei
1433 4719 1555 4763 notmm
1583 4698 1617 4759 in
1644 4697 1707 4762 hac
1729 4695 1870 4761 editione
1891 4696 2125 4763 documentum

114 4810 181 4892 piis
208 4808 383 4873 lectoribus
412 4809 558 4873 exhibeo.
603 4808 709 4871 Porro
733 4808 796 4872 hoc
816 4808 900 4872 mihi
921 4809 956 4872 ιιι
978 4810 1039 4873 isto
1061 4809 1171 4874 labore
1193 4811 1393 4892 propositum
1414 4810 1490 4887 luit,
1527 4830 1637 4875 sacrae
1666 4808 1848 4893 theologiae
1870 4809 2060 4875 candidatos
2082 4806 2125 4874 ad

115 4920 222 4985 divini
244 4920 336 4985 verbi
354 4920 527 4984 lectionem
546 4918 593 4982 ita
613 4940 809 5002 praeparare
832 4927 866 4982 et
886 4920 1058 4997 instruere,
1080 4927 1172 4985 utet
1194 4920 1322 4986 facilem
1345 4921 1386 4985 ad
1408 4904 1481 4985 earn
1499 4920 1626 4985 aditum
1646 4921 1776 5007 habere,
1799 4928 1833 4985 et
1849 4921 2011 4987 inoffenso
2027 4922 2063 4985 in
2085 4940 2125 4985 ea

115 5031 223 5116 gradu
251 5051 388 5116 pergere
415 5036 544 5113 queant
595 5028 768 5114 Siquidem
795 5029 963 5116 religionis
990 5053 1152 5097 summam
1179 5032 1330 5097 omnibus
1351 5032 1499 5114 partibus
1527 5033 1573 5097 sic
1594 5032 1678 5097 mihi
1699 5033 1889 5117 complente
1908 5054 1980 5097 esse
2002 5031 2126 5113 videor,

116 5154 152 5208 et
173 5164 212 5207 eo
233 5164 362 5226 quoque
382 5142 495 5207 ordine
517 5140 706 5225 digessisse,
729 5154 767 5207 ut
788 5144 816 5209 si
838 5144 910 5227 quis
933 5164 1007 5209 eam
1028 5154 1116 5210 recte
1137 5144 1294 5221 tenuerit,
1318 5144 1348 5206 ei
1370 5165 1435 5208 non
1457 5145 1501 5209 sit
1520 5142 1650 5208 difficile
1673 5150 1817 5209 statuere
1836 5150 1872 5209 et
1891 5144 1972 5227 quid
1992 5142 2125 5227 potissi-

226 5260 335 5316 onasus·
349 5277 441 5331 opera.
482 5263 538 5317 Vol.
558 5261 600 5315 ll.
1011 5326 1016 5341 .
1901 5262 1918 5317 1
