4672 5842
95 322 160 383 us
347 319 437 385 nm.
461 321 525 385 111.
570 321 635 385 na
658 319 794 386 nono
817 318 1168 386 Paconianum
1191 315 1382 383 onmem
1405 298 1623 383 11111111.
1669 316 1768 383 ear.
1791 317 1852 384 rv.
2041 320 2106 381 474

184 511 234 573 20.
282 507 370 588 Quod
390 507 450 571 bue
471 507 633 572 1111111111
653 513 848 589 potestatem
866 507 1019 592 clavium,
1043 516 1077 573 et
1127 518 1265 589 possunt
1287 506 1532 571 damnationem
1543 506 1669 571 edicere
1688 506 1724 569 in
1741 528 1854 572 omnes
1871 515 1904 569 et
1922 527 2020 588 super
2038 528 2107 571 om·

95 595 132 659 in
160 614 199 659 ea
226 595 320 676 regni
343 596 392 658 sui
415 615 563 676 proram,
587 603 625 657 ut
647 594 755 671 aiunt,
785 603 819 658 et
839 596 976 676 puppim
999 615 1075 659 con·
1128 616 1201 670 nes,
1225 595 1281 675 qui
1295 592 1467 658 Christum
1487 613 1553 656 non
1572 593 1825 674 amplectuntur.
1858 593 1900 656 In
1924 593 1986 657 hoe
2007 593 2107 658 verbo

94 680 278 745 sessionarii
312 680 435 756 locant,
467 676 646 743 iidcndum
671 685 825 760 quamtum
852 680 954 744 ualere
986 680 1076 744 debet.
1128 680 1264 745 ecelesia
1285 679 1477 761 pronuntiat
1498 685 1700 754 scortatores,
1729 677 1904 758 adulteros,
1927 678 2026 754 tures,
2050 679 2108 742 ho-

94 768 186 850 Ergo
209 767 279 831 sine
301 786 413 842 111111,
436 766 604 847 inquiunt,
628 764 723 829 datae
745 775 824 830 sunt
845 765 974 830 claves?
999 787 1076 850 ergo
1128 766 1280 839 1111111111,
1304 785 1436 843 avaros,
1464 764 1592 846 iniquos
1619 772 1747 847 partem
1775 765 1810 827 in
1832 784 1934 847 regno
1956 764 2020 827 Dei
2041 786 2108 828 non

95 854 168 916 sine
191 873 290 917 eausa
312 851 435 916 dietum
457 860 520 915 est:
548 872 760 933 quaecunque
785 851 948 916 solverit-is
977 872 1077 934 super
1129 851 1251 916 habere
1262 850 1309 1002 lql
1331 850 1406 915 Cor.
1427 854 1462 927 6,
1482 851 1531 932 9);
1565 849 1711 932 talesque
1744 850 1935 915 certissimis
1968 849 2109 914 vinculis
2155 852 2160 858 '

94 946 228 1017 terram,
251 945 349 1002 erunt
371 937 477 1002 soluta
499 948 532 1000 et
553 932 728 1001 incaelis?
762 937 981 1002 Frustramur
997 958 1075 1021 ergo
1128 937 1217 1020 ligat.
1294 936 1388 1001 odem
1415 937 1515 1001 verbo
1543 936 1642 1001 solvit
1668 957 1753 1019 quos,
1775 936 2004 1018 resipiscentes
2032 957 2108 1000 con-

95 1024 236 1090 verbum
252 1023 400 1089 Christi?
435 1022 641 1105 Respondeo‚
664 1044 800 1106 gravem
822 1023 922 1087 fuisse
945 1044 1076 1088 creusam
1129 1024 1262 1087 solatur.
1297 1020 1364 1088 Sed
1386 1043 1468 1104 quae
1491 1022 1554 1085 erit
1571 1021 1696 1086 isthaec
1713 1029 1868 1104 potestas,
1891 1023 2018 1085 nescire
2029 1020 2108 1103 quid

95 1132 156 1176 cur
177 1108 336 1174 darentur
357 1109 479 1174 claves:
503 1109 779 1191 quemadmodum
802 1116 836 1172 et
856 1129 955 1190 cuper
977 1130 1076 1191 erpo·
1129 1109 1299 1191 ligandum
1321 1110 1365 1173 sit
1383 1115 1441 1172 aut
1456 1106 1673 1172 solvendum?
1696 1107 1800 1190 ligare
1814 1116 2002 1170 autemnon
2014 1128 2108 1188 posse

96 1197 161 1273 sui,
185 1204 220 1261 et
238 1194 294 1259 ubi
318 1194 358 1259 de
381 1195 718 1260 excommunicatione
741 1200 865 1278 agetur,
889 1196 1077 1276 explicatius
1129 1206 1188 1258 aut
1209 1194 1349 1271 solvere,
1378 1195 1441 1257 nisi
1470 1194 1575 1259 scias?
1622 1192 1691 1258 Cur
1713 1214 1791 1276 crgo
1811 1192 1925 1257 dicunt
1946 1194 2108 1257 11111111-

94 1285 210 1347 ilerum
237 1280 353 1347 docebo.
369 1282 393 1361 ¹)
438 1280 505 1346 Sed
525 1280 619 1362 qnid,
648 1281 676 1345 si
697 1302 763 1346 uuo
786 1281 895 1364 gladio
918 1280 1075 1345 eiusmodi
1129 1302 1206 1346 vere
1227 1281 1405 1345 autoritate
1428 1281 1489 1344 sibi
1512 1280 1602 1358 data,
1631 1300 1734 1361 quum
1760 1280 1886 1343 incerta
1913 1280 1957 1343 sit
1979 1279 2108 1343 absolu-

94 1368 246 1432 omnibus
268 1386 381 1432 eorum
400 1367 573 1449 postulatis
603 1388 717 1431 ansam
746 1367 946 1449 praecidam,
976 1367 1076 1432 sacri-
1129 1367 1195 1431 tie?
1223 1389 1288 1449 quo
1315 1366 1409 1430 nobis
1430 1367 1629 1449 imaginaria
1651 1365 1732 1429 haee
1754 1371 1911 1446 potestas,
1940 1366 1967 1429 si
1995 1365 2108 1430 nullus

95 1454 211 1519 ticulos
233 1475 301 1517 non
323 1473 394 1518 esse
417 1453 636 1535 apostolerum
659 1452 798 1517 vicarios
823 1474 884 1517 nee
911 1474 1075 1518 successo·
1128 1454 1172 1517 sit
1193 1451 1295 1517 usus?
1339 1453 1412 1515 lam
1434 1461 1544 1515 autem
1565 1452 1684 1528 habeo,
1708 1459 1766 1514 aut
1788 1449 1917 1513 nullum
1939 1471 2023 1527 ease,
2051 1458 2110 1515 aut

94 1539 169 1604 res?
214 1540 343 1604 Verum
368 1538 456 1603 istud
483 1559 610 1620 quoque
635 1537 712 1602 alibi
735 1541 939 1603 tractandum
961 1542 1075 1624 erit;⁹)
1127 1548 1197 1602 tam
1214 1539 1377 1603 incertum
1395 1559 1466 1602 esse
1483 1546 1520 1601 ut
1536 1559 1596 1620 pro
1614 1536 1704 1602 nullo
1722 1535 1892 1600 habendus
1909 1537 1959 1600 sit.
1996 1535 2110 1615 Quum

94 1648 193 1705 nunc,
218 1625 305 1690 unde
328 1647 363 1690 se
384 1626 514 1688 munire
536 1625 679 1688 maxime
701 1625 827 1701 velunt,
852 1627 989 1689 arietem
1012 1627 1075 1690 eri-
1128 1626 1216 1689 enim
1240 1625 1407 1688 fateantur
1429 1624 1549 1687 bonam
1572 1645 1642 1687 esse
1661 1621 1866 1687 sacerdotum
1885 1631 2026 1704 partem,
2051 1623 2107 1703 qui
2223 1626 2231 1645 '

95 1725 178 1797 gunt
199 1732 264 1794 quo
285 1710 473 1776 molitiones
495 1732 608 1774 omnes
631 1732 709 1775 suae
732 1710 935 1775 deiicientur.
977 1710 1075 1776 Chri·
1127 1733 1195 1775 non
1216 1711 1279 1774 rite
1302 1717 1438 1773 utantur
1460 1708 1619 1786 clavibus,
1642 1716 1840 1790 potestatem
1862 1729 1939 1772 vero
1967 1707 2107 1772 1111111-

94 1806 165 1863 stus
199 1798 288 1862 enim
320 1817 388 1860 non
420 1807 497 1860 ante
532 1796 686 1878 apostolis
714 1796 838 1879 ligandi
867 1811 900 1860 et
928 1797 1076 1862 solvendi
1129 1798 1244 1880 gitimo
1266 1817 1329 1859 usu
1350 1796 1560 1873 inefficacem,
1584 1796 1655 1877 quis
1677 1793 1760 1857 mihi
1781 1792 1880 1857 fidem
1902 1794 2008 1870 faciet,
2033 1814 2109 1857 eum

93 1891 290 1968 potestatem
324 1883 399 1947 feeit
431 1904 530 1965 quam
559 1904 614 1946 eos
642 1882 761 1965 spiritu
790 1891 902 1948 saneto
931 1883 1074 1947 donavit.
1129 1905 1149 1947 a
1181 1903 1246 1964 quo
1273 1882 1381 1946 solvor
1408 1882 1530 1946 bonum
1557 1902 1628 1945 esse
1656 1881 1798 1945 clavium
1825 1876 2107 1961 dispensatorem?

93 1970 188 2053 Nego
210 1970 313 2052 igitur
334 1968 411 2033 ullis
429 1975 612 2050 competere
630 1969 773 2033 clavium
790 1976 995 2052 potestatem,
1019 1970 1075 2051 qui
1129 1967 1215 2051 qued
1237 1969 1266 2032 si
1288 1967 1395 2031 nialus
1416 1975 1480 2044 est,
1503 1966 1582 2049 quid
1604 1965 1694 2030 aliud
1716 1966 1815 2030 habet
1836 1986 1934 2047 quam
1957 1964 2109 2029 frivolam

93 2078 162 2120 non
178 2056 270 2137 prius
289 2055 475 2137 acceperint
493 2055 645 2135 spiritum
663 2065 821 2119 sanetum.
856 2054 949 2139 Nego
961 2076 1075 2138 quem·
1129 2057 1226 2118 istam
1260 2051 1564 2136 dispensationem?
1610 2051 1699 2132 Quid
1731 2053 1768 2115 in
1797 2058 1830 2115 te
1861 2050 2032 2134 ligandum
2065 2053 2109 2116 sit

93 2163 192 2225 quam
215 2140 361 2206 clavibus
382 2142 431 2205 uti
458 2160 552 2223 posse
580 2140 644 2204 nisi
670 2147 848 2221 praeeunte
877 2141 1075 2224 docenteque
1129 2147 1187 2205 aut
1214 2138 1421 2215 solvendum,
1454 2139 1578 2217 neseio,
1607 2137 1738 2219 quando
1765 2138 1851 2201 iusto
1880 2137 2022 2200 clavium
2045 2159 2109 2202 usa

94 2229 213 2312 spiritu
234 2234 354 2303 saneto,
378 2236 412 2290 et·
436 2226 579 2290 dictante
601 2225 679 2308 quid
701 2225 864 2308 agendum
882 2228 933 2291 sit.
970 2225 1075 2309 Spiri-
1129 2247 1237 2292 careo:
1267 2224 1325 2290 sed
1352 2225 1379 2288 si
1408 2225 1559 2303 mereris,
1588 2230 1621 2287 te
1646 2223 1787 2287 absolvo.
1834 2223 1884 2287 Ac
1911 2222 2109 2286 tantundem

93 2321 168 2378 tum
197 2319 347 2377 sanctum
373 2311 494 2376 habere
523 2334 557 2376 se
584 2312 632 2375 illi
654 2319 838 2394 nugantur5
867 2312 924 2376 sed
945 2333 982 2377 re
1003 2314 1076 2396 ipsa
1127 2320 1237 2395 posset
1268 2332 1335 2375 non
1365 2310 1436 2374 dico
1469 2311 1571 2376 laicus
1599 2309 1744 2394 (quando
1771 2309 1805 2372 id
1834 2308 1947 2390 aequis
1976 2309 2108 2373 auribus

92 2408 228 2482 negant,
249 2399 313 2463 nisi
334 2399 417 2462 forte
440 2399 595 2480 spiritum
607 2406 758 2462 sanctum
779 2417 850 2462 rem
872 2420 943 2463 esse
954 2420 1075 2464 vanam
1128 2420 1194 2463 non
1216 2398 1354 2480 ferrent)
1377 2396 1434 2461 sed
1457 2398 1579 2475 111111,
1603 2404 1661 2460 aut
1682 2394 1838 2459 diabolus.
1883 2392 1925 2457 Id
1947 2395 2035 2458 enim
2058 2402 2109 2458 est

94 2496 129 2551 et
163 2485 258 2549 nihili
289 2486 436 2568 fingunt,
470 2492 509 2548 ut
536 2490 623 2549 certe
649 2485 794 2565 fingunt:
830 2484 886 2548 sed
915 2480 986 2550 11111
1008 2505 1075 2548 non
1129 2484 1248 2548 dicere:
1272 2483 1409 2548 verbum
1427 2483 1491 2547 Dei
1513 2504 1581 2546 non
1604 2481 1717 2558 habeo,
1740 2490 1863 2545 certam
1886 2479 2032 2544 solvendi
2055 2500 2107 2544 re-

94 2570 254 2637 credetur.
290 2571 400 2653 Atque
419 2571 481 2635 hac
502 2569 634 2652 quidem
656 2570 810 2634 machina
829 2569 865 2633 in
883 2572 1076 2636 universum
1128 2570 1254 2654 gulam3
1284 2568 1341 2632 sed
1368 2571 1528 2633 autoritas
1555 2567 1638 2630 mihi
1666 2566 1744 2631 data
1771 2575 1821 2631 est
1848 2573 1881 2630 te
1908 2564 2107 2645 absolvendi,

94 2659 344 2734 subvertuntur,
367 2664 406 2720 ut
427 2658 647 2738 cuiuscunque
670 2656 746 2719 ostii
764 2655 889 2721 clavem
907 2657 1075 2721 sehabere
1128 2657 1156 2722 si
1187 2657 1235 2719 ita
1267 2661 1346 2719 sunt
1377 2662 1434 2718 tua
1461 2655 1588 2719 merita.
1633 2652 1795 2717 Videmus
1822 2653 1925 2736 igitur
1951 2672 2107 2735 quorsum

93 2745 232 2822 iactent,
262 2764 391 2825 semper
418 2740 643 2826 interrogandi
671 2743 739 2805 sint
765 2740 951 2806 habeantne
980 2744 1075 2825 spiri-
1127 2743 1313 2825 spectarint,
1336 2762 1438 2823 quum
1449 2740 1661 2816 diffinierunt,
1685 2739 1792 2803 claves
1814 2760 1886 2802 esse
1898 2739 2108 2801 autoritatem

94 2837 166 2895 tum
187 2838 349 2907 sanctum,
371 2829 429 2911 qui
450 2829 594 2895 clavium
616 2835 668 2892 est
689 2827 813 2892 arbiter
830 2837 863 2891 et
879 2828 1074 2893 moderator.
1128 2827 1348 2905 discernendi,
1371 2838 1404 2891 et
1426 2826 1672 2908 exaequationis
1694 2831 1907 2907 potestatem
1934 2824 2107 2889 scientiam

95 2915 134 2981 Si
154 2916 274 2981 habere
291 2938 327 2981 se
344 2914 573 2996 respondeant,
597 2935 730 2978 rursum
747 2913 981 2996 interpellandi
998 2922 1076 2979 sunt
1128 2914 1280 2980 accedere
1298 2913 1530 2989 consiliarium,
1554 2922 1588 2975 ct
1604 2912 1711 2976 instar
1729 2910 1905 2975 consiliarii
1924 2909 1966 2974 ad
1984 2909 2107 2974 bonum

95 3022 138 3065 an
156 3022 265 3066 errare
281 3002 384 3084 pessit
401 3001 537 3081 spiritus
555 2998 711 3066 sanctus?
744 2998 842 3063 Istud
859 3000 981 3064 diserte
999 3021 1075 3082 pro-
1126 3021 1223 3065 usum
1242 3020 1321 3064 esse.
1366 2999 1492 3080 Nempe
1514 2997 1695 3074 libidinose,
1717 2996 1863 3072 licenter,
1887 2996 1958 3059 sine
1980 2995 2052 3058 Deo
2073 3001 2107 3058 et

94 3088 156 3151 fari
174 3108 242 3152 non
264 3087 446 3164 audebunt,
470 3087 600 3151 tametsi
622 3085 751 3169 oblique
774 3106 834 3151 sua
856 3086 1007 3150 doctrina
1023 3087 1075 3150 in·
1127 3087 1226 3151 verbo
1248 3086 1318 3150 eius
1337 3086 1512 3150 voluerunt
1533 3104 1681 3167 regnare.
1694 3081 1718 3167 ¹)

94 3174 237 3238 sinuant.
282 3172 497 3237 Inserendum
526 3194 603 3256 ergo
630 3173 710 3251 erit,
739 3172 847 3237 nullos
876 3172 1074 3237 sacrificulos
1214 3174 1264 3235 22.
1312 3170 1350 3235 Si
1369 3172 1505 3253 eeupiat
1526 3170 1698 3250 quispiam,
1726 3169 1878 3251 lepiliums
1902 3165 2021 3231 Christi
2049 3166 2106 3229 rui

95 3259 216 3323 habere
238 3259 382 3325 clavium
404 3266 609 3339 potestatem,
632 3258 688 3340 qui
707 3259 830 3341 passim
852 3258 923 3323 sine
946 3258 1074 3323 delectu
1126 3258 1243 3322 nistros
1268 3277 1331 3320 uon
1354 3259 1462 3320 miuus
1477 3256 1644 3337 perplexos
1663 3255 1730 3335 fere
1751 3256 1787 3317 iu
1807 3273 1864 3317 111
1885 3251 2001 3333 officio,
2029 3253 2107 3332 quie

94 3346 243 3421 solvunt,
265 3366 348 3426 quae
371 3344 467 3426 ligari
490 3343 654 3408 Dominus
675 3344 840 3421 voluerat,
863 3344 970 3428 ligant
990 3365 1075 3426 quae
1127 3343 1292 3420 absolutio,
1326 3362 1405 3423 quae
1437 3363 1458 3406 a
1483 3342 1545 3423 fide
1568 3341 1683 3423 pendet
1709 3360 1830 3420 semper
1856 3339 2004 3420 emtique
2031 3339 2108 3417 erit,·

94 3431 179 3494 solvi
202 3429 350 3493 iusserat.
1125 3430 1236 3511 11111111
1248 3429 1370 3493 nullum
1381 3427 1603 3510 peecatoribus,
1621 3431 1677 3490 eut
1694 3426 1852 3509 fripidum
1869 3424 2017 3488 solatium
2032 3425 2108 3503 fere,

184 3517 234 3576 21.
280 3513 420 3593 Quando
444 3514 632 3581 clarissimis
654 3515 887 3597 experimentis
910 3516 1017 3581 evinci
1039 3537 1074 3581 se
1126 3516 1204 3597 quia
1224 3516 1367 3579 minister
1387 3516 1469 3595 ipse,
1497 3514 1553 3593 qui
1580 3511 1712 3576 idoneus
1733 3513 1830 3576 iudex
1850 3531 1912 3574 uou
1934 3514 1978 3574 est
1999 3528 2107 3574 eorum

94 3599 225 3678 vident,
253 3599 339 3682 quod
367 3599 483 3683 dignos
512 3608 545 3664 et
565 3600 717 3684 indignes
737 3602 922 3683 promiscue
944 3602 1075 3667 solvant
1124 3601 1209 3683 {idei
1232 3602 1270 3666 de
1291 3621 1396 3664 eorum
1417 3599 1605 3665 absolutione
1626 3602 1726 3663 certus
1746 3619 1808 3662 ucri
1824 3602 1885 3660 est:
1906 3597 1941 3659 iu
1957 3600 2108 3677 promptu

95 3695 129 3752 et
161 3686 281 3769 ligent,
314 3693 509 3767 potestatem
535 3694 698 3768 usurpant
729 3687 799 3753 sine
832 3688 975 3752 scientia.
1027 3689 1075 3754 Et
1127 3692 1171 3753 est
1191 3686 1312 3751 solutio.
1355 3685 1478 3751 Dimut
1498 3686 1580 3749 euim
1600 3685 1666 3763 illi,
1696 3705 1759 3749 nou
1780 3683 1895 3747 remitti
1913 3703 1933 3745 e
1954 3681 2109 3746 1111111111

95 3793 283 3855 quanquam
305 3793 427 3854 negare
455 3793 523 3835 non
545 3773 668 3837 audent
694 3771 736 3837 ad
759 3772 882 3837 bonum
904 3795 1000 3839 usum
1022 3795 1075 3838 re-
1121 3778 1249 3857 peecata
1277 3772 1342 3838 uisi
1367 3791 1501 3853 quorum
1521 3773 1590 3852 ipse
1610 3776 1656 3835 est
1675 3770 1818 3852 sepultor.
1864 3767 1918 3831 Ita
1938 3767 2108 3830 secundum

97 3859 182 3941 quiri
205 3859 391 3935 scientiam,
414 3865 609 3940 potestatem
629 3866 741 3922 tamen
762 3859 868 3941 ipsam
889 3860 985 3924 malis
1008 3859 1074 3924 dis-
1128 3880 1177 3924 eos
1205 3859 1347 3924 remissio
1381 3879 1419 3922 ec
1447 3857 1616 3922 secedatis
1642 3856 1759 3920 iudicio
1780 3853 1900 3935 perdet.
1954 3851 2016 3931 Qui
2042 3850 2108 3915 arisi

97 3945 326 4028 pensatoribus
354 3943 511 4009 traditam
540 3944 694 4009 scribunt.
739 3946 842 4027 Atqui
866 3945 946 4010 haec
967 3959 1075 4030 potes·
1122 3947 1295 4028 prudenter
1312 3944 1470 4010 aemam
1488 3944 1620 4024 quinem
1635 3942 1728 4005 uenia
1745 3940 1835 4022 dipui
1853 3940 1925 4016 1111,
1948 3937 2108 4002 1111111111

96 4039 233 4096 1111111
265 4030 480 4114 quodcunque
506 4030 662 4113 ligaveris
681 4038 740 4094 aut
760 4031 896 4096 solveris
918 4032 955 4095 in
976 4041 1074 4110 terra,
1127 4053 1220 4096 cassu
1246 4036 1290 4096 est
1310 4032 1472 4096 11111111.
1517 4029 1662 4108 Denique
1676 4031 1815 4107 potstas
1835 4026 1873 4088 de
1894 4044 1958 4104 qua
1978 4024 2108 4106 loquum

97 4116 160 4180 erit
180 4118 216 4181 in
237 4118 336 4183 coelis
358 4117 497 4199 ligatum
519 4123 577 4180 aut
598 4116 751 4180 solutum.
786 4118 857 4181 Aut
877 4120 1075 4201 promissum
1128 4123 1195 4197 tur,
1224 4117 1401 4182 iurisdictio
1422 4121 1468 4181 est
1488 4115 1628 4178 examini
1650 4133 1788 4190 1111111,
1811 4111 1854 4175 ad
1875 4111 1956 4190 quod
1977 4112 2107 4175 restrim

97 4202 223 4268 Christi
241 4203 377 4266 mentiri
398 4210 541 4285 oportet,
570 4208 627 4267 aut
645 4202 729 4266 bene
750 4202 857 4286 ligant
878 4213 912 4269 et
933 4205 1074 4284 solvunt,
1125 4205 1214 4287 pitur
1237 4204 1330 4268 uenio
1356 4208 1385 4267 et
1405 4202 1564 4266 absolutio.
1609 4199 1652 4262 Iu
1677 4198 1735 4262 lae
1755 4203 1848 4279 parte
1870 4196 1951 4260 mitid
1977 4198 2107 4278 turum

96 4289 151 4370 qui
174 4298 253 4353 sunt
274 4289 337 4355 hac
401 4295 520 4353 testate
541 4287 690 4371 praediti.
734 4287 804 4353 Nee
830 4290 986 4373 estquod
1008 4300 1075 4355 ter-
1127 4290 1297 4370 reperitur:
1318 4290 1381 4352 imo
1396 4287 1561 4369 profunda
1583 4291 1627 4351 est
1643 4285 1801 4366 abyssus,
1814 4284 1890 4365 quia
1911 4281 1965 4345 ubi
1986 4283 2108 4363 intepru

96 4375 320 4457 giversentur,
378 4375 475 4440 hristi
498 4374 623 4440 dictum
645 4373 781 4437 hmiteri
803 4376 983 4441 secundum
1005 4378 1076 4442 11111
1127 4397 1190 4440 nou
1210 4379 1255 4439 est
1275 4376 1439 4458 confessio,
1467 4372 1583 4437 mutila
1609 4371 1703 4436 etiam
1724 4375 1769 4435 est
1790 4391 1860 4450 spes
1881 4368 1997 4433 amice.
2041 4364 2106 4430 De-

95 4462 215 4525 merita
242 4462 297 4544 qui
325 4461 447 4544 ligatur
474 4469 532 4525 aut
561 4460 710 4525 solvitur.
755 4459 802 4523 Et
823 4482 883 4525 nos
905 4463 1005 4526 etiam
1026 4463 1075 4527 11-
1128 4461 1201 4527 iude
1221 4461 1363 4526 saculos
1384 4462 1453 4541 ipse
1471 4478 1645 4540 suspensus
1665 4456 1791 4521 baereat
1810 4450 2107 4530 mammutium

95 4553 205 4610 temur
231 4568 292 4613 nec
317 4546 414 4630 ligari
442 4567 504 4612 nee
533 4547 616 4612 solvi
641 4565 737 4630 posse
765 4546 829 4610 nisi
857 4546 989 4630 dignos,
1019 4549 1076 4631 qui
1127 4548 1223 4612 uestit
1244 4559 1287 4611 au
1308 4548 1388 4612 beria
1410 4546 1473 4627 fide
1493 4549 1646 4610 enumeret
1662 4548 1805 4625 peccator
1826 4561 1887 4607 sua
1907 4537 2008 4615 mala,
2031 4552 2107 4618 poa

95 4631 242 4715 ligentur
264 4641 322 4698 aut
338 4634 516 4699 solvantur.
550 4631 618 4697 Sed
640 4630 765 4696 habent
787 4633 950 4715 evangelii
965 4634 1077 4698 nuntii
1127 4640 1222 4698 trente
1244 4632 1340 4714 (quae
1360 4633 1489 4698 inscitia
1510 4637 1538 4696 et
1560 4632 1687 4696 ruditas
1707 4629 1899 4694 amuletum
1920 4622 1979 4708 est)
2003 4623 2107 4687 maior

96 4725 131 4781 et
150 4718 287 4784 ecelesia
307 4720 453 4798 verbum,
475 4740 538 4802 quo
561 4719 758 4804 dignitatem
779 4717 865 4782 hanc
887 4720 1074 4784 metiantur.
1123 4740 1205 4803 pars
1224 4719 1268 4783 ad
1288 4719 1343 4784 boc
1359 4738 1475 4784 munus
1495 4718 1697 4783 1111111111
1712 4715 1812 4780 sibilo
1829 4711 1934 4793 aptior
1950 4714 1994 4774 est
2011 4727 2106 4789 quium

96 4803 139 4867 In
160 4804 223 4870 hoc
246 4805 345 4871 verbo
372 4806 480 4870 nuntii
507 4805 671 4889 evangelii
692 4811 832 4888 possunt
854 4803 1003 4869 omnibus
1022 4827 1075 4871 re·
1127 4811 1214 4871 sator
1240 4805 1284 4870 ad
1305 4826 1399 4888 apros
1419 4803 1573 4870 colmelos:
1602 4803 1664 4867 alii
1690 4801 1756 4883 fere
1782 4818 1886 4865 muues
1912 4795 1975 4861 sibi
1996 4795 2106 4860 merite

96 4889 288 4957 missionem
309 4899 517 4974 peecatorum
534 4892 717 4958 inChristo
736 4889 883 4973 polliceri
895 4891 1074 4974 perfidem,
1127 4892 1263 4972 suspect
1282 4911 1348 4956 esse
1367 4891 1480 4956 deberit
1525 4888 1612 4952 Hine
1637 4888 1737 4970 ipitur
1752 4885 1948 4969 perplexitas
1969 4887 1996 4948 et
2017 4879 2105 4948 dubi·

1131 5066 1333 5075 ——-——-——

228 5180 291 5237 Seri

230 5249 284 5307 IV.

315 5181 376 5236 Lib.
385 5180 454 5305 01Ιᾶ
477 5197 499 5237 e.
523 5180 565 5236 12.
588 5181 745 5320 olimffl.
774 5182 860 5240 VIII.
884 5183 907 5249 ἐ.
931 5180 982 5236 181
1006 5198 1078 5253 seqq.
1198 5182 1227 5245 1)
1249 5181 1326 5252 Quae
1342 5181 1372 5233 iu
1390 5178 1452 5233 edit.
1466 5177 1643 5247 praecedeuti
1657 5177 1682 5233 lt
1698 5178 1714 5231 1.
1733 5184 1883 5249 sepiuntur
1901 5177 2011 5232 habebis
2027 5173 2106 5240 iufra

98 5250 129 5319 2)
147 5179 210 5306 Ill
301 5266 323 5304 c.
341 5249 365 5303 6.
468 5250 535 5319 Cep.
559 5250 644 5305 Vm.
757 5267 827 5323 seqq.
1128 5254 1160 5307 im
1174 5240 1267 5318 (route
1286 5250 1500 5318 0111111111
1514 5249 1613 5319 quinti.
