4672 5842
159 303 224 367 871
806 295 1073 363 INSTITUTIO
1094 298 1200 362 REL.
1222 293 1403 362 cumea.
1428 298 1520 360 1559.
1779 314 1789 325 “
2113 300 2202 371 872,

166 491 256 574 loges
284 490 458 563 humanas,
482 488 551 551 sive
574 508 593 550 a
615 488 826 570 magistratu,
856 488 924 550 sive
947 485 988 551 ab
1010 488 1145 552 ccclesia
1196 484 1289 549 nohis
1311 486 1393 548 nihil
1416 485 1522 567 magis
1543 487 1706 566 requirere
1727 506 1826 566 quam
1843 482 2077 549 obedientiam.
2105 486 2180 551 Hac

165 579 321 649 ferantur,
345 573 476 637 tametsi
495 575 562 637 siut
578 574 752 637 observatu
772 573 974 636 necessariae
997 573 1052 655 (de
1070 595 1144 655 pro-
1167 610 1170 615 <
1196 573 1321 634 ratione
1343 572 1481 635 Iacobus
1504 573 1548 650 (l,
1574 570 1639 652 Ill:
1664 572 1719 653 qui
1740 569 1863 634 iudicat
1884 572 2037 647 fratrem,
2062 572 2180 653 inquit,

167 664 216 727 bis
244 671 276 725 et
304 662 399 723 iustis
428 659 566 741 loquor),
590 658 661 721 ideo
683 671 792 722 tamen
816 680 880 720 non
904 659 1007 740 ligare
1029 681 1143 741 perse
1195 656 1319 720 iudicat
1349 657 1468 739 legcm;
1497 659 1551 738 qui
1574 657 1679 739 legem
1701 656 1837 728 iudicat,
1861 678 1926 720 non
1949 670 2001 721 est
2021 656 2181 721 obsona-

162 747 403 815 eonseientiam.
427 747 504 826 quia
524 753 593 809 tota
613 743 807 808 observandi
830 746 1006 808 necessitas
1028 745 1070 809 ad
1088 767 1143 828 ge-
1168 752 1170 769 '
1196 753 1247 806 tor
1269 744 1359 826 legis,
1383 742 1440 806 sed
1461 741 1574 806 iudex:
1599 765 1685 807 unus
1707 759 1817 806 autem
1840 743 2008 825 legislator
2030 745 2089 824 qui
2108 758 2180 825 pot·

164 833 311 896 neralem
334 833 434 895 finem
458 832 604 913 respicit,
635 851 700 892 nou
728 846 838 892 autem
861 832 1008 893 consistit
1035 832 1069 894 in
1093 853 1143 894 re-
1168 890 1170 897 ,
1196 844 1244 893 est
1274 850 1405 893 servare
1431 841 1463 892 et
1489 828 1633 909 perdere.
1680 828 1856 904 Audimus,
1885 828 1997 892 Deum
2028 829 2093 893 hoc
2117 829 2179 893 sibi

165 919 226 984 bus
249 919 440 1000 praeceptis.
488 918 539 981 Ab
564 917 624 979 hoo
644 914 759 979 ordine
780 916 890 996 procul
915 915 1037 980 distam
1060 938 1143 998 quae
1168 916 1170 971 ἶ
1196 917 1251 978 uni
1283 915 1373 978 velut
1400 916 1570 996 proprium
1597 935 1755 988 asserere,
1785 925 1823 976 ut
1844 916 1935 978 verbi
1964 915 2014 976 sui
2038 916 2179 996 imperio

164 1016 198 1070 et
225 1025 345 1069 novam
367 1004 505 1066 formam
534 1002 762 1084 praescribunt
784 1000 921 1064 colendi
932 1000 1009 1071 Dei.
1032 1019 1065 1065 et
1087 1025 1143 1066 ne-
1195 1022 1233 1065 ae
1256 1001 1381 1083 legibus
1409 1022 1467 1064 nos
1497 1013 1597 1082 regat.
1644 1001 1752 1082 Atque
1774 999 1807 1063 id
1828 1002 1938 1081 ipsum
1959 1016 2038 1064 ante
2061 1002 2104 1064 ab
2127 1002 2179 1065 Ie-

165 1093 351 1156 oessitatem
374 1090 578 1153 constituunt
600 1088 633 1150 in
658 1085 753 1150 rebus
773 1087 893 1151 liberis.
1196 1088 1264 1149 saia
1286 1086 1352 1168 (33,
1372 1090 1428 1168 22)
1457 1085 1579 1151 dictum
1605 1087 1727 1161 fuerat,
1755 1088 1905 1168 quamvis
1932 1086 2032 1168 paulo
2061 1086 2179 1152 obscu-

253 1181 281 1238 o.
327 1174 424 1239 Tales
451 1190 561 1236 autem
584 1185 660 1236 sunt
683 1195 765 1253 quae
795 1172 890 1235 hodie
913 1188 1070 1236 vocantur
1091 1196 1143 1238 ec·
1168 1172 1171 1225 ἒ
1196 1173 1276 1236 rius:
1306 1173 1467 1236 Dominus
1496 1194 1553 1235 rer
1581 1188 1708 1248 noster,
1738 1173 1899 1236 Dominus
1927 1172 2097 1254 legislator
2120 1196 2178 1237 no-

163 1264 361 1329 clesiasticae
390 1261 635 1324 constitutiones
658 1261 692 1321 in
715 1266 850 1341 papatu,
880 1280 963 1340 quae
985 1280 1043 1339 pro
1065 1280 1143 1323 vero
1168 1250 1171 1273 '
1195 1269 1270 1335 ster,
1290 1259 1452 1321 Dominus
1474 1258 1572 1322 iudex
1590 1274 1709 1329 noster,
1728 1260 1797 1339 ipse
1817 1258 1957 1322 salvabit
1977 1279 2048 1322 nos.
2080 1259 2179 1324 Utro-

165 1371 202 1414 ac
226 1348 407 1413 necessario
431 1346 496 1409 Dei
518 1345 607 1409 cultu
630 1345 836 1427 ingeruntur.
876 1347 985 1425 Atque
1008 1356 1045 1407 ut
1067 1360 1144 1409 sunt
1168 1380 1170 1385 .
1196 1366 1259 1425 que
1282 1366 1360 1407 saue
1383 1345 1452 1406 loeo
1474 1343 1657 1407 ostenditur
1680 1345 1765 1407 vitae
1787 1355 1821 1407 et
1842 1346 1957 1408 mortis
1978 1346 2008 1407 ei
2034 1367 2108 1410 ease
2127 1368 2179 1409 ar-

163 1437 365 1501 innumerae‚
388 1433 435 1494 ita
457 1432 586 1494 infinita
608 1441 685 1495 sunt
707 1429 748 1494 ad
769 1429 946 1511 captandas
964 1430 1143 1511 illaqueau-
1168 1482 1171 1515 ‚
1195 1429 1329 1492 bitrium
1363 1431 1419 1510 qui
1452 1432 1504 1493 ius
1539 1430 1636 1493 habet
1668 1431 1703 1492 in
1732 1432 1886 1493 animam.
1938 1430 2009 1494 lmo
2040 1431 2181 1496 Iacobus

163 1520 285 1602 dasque
314 1520 441 1582 animas
469 1516 608 1580 vincula.
656 1516 729 1581 Etsi
757 1522 860 1578 cutm
888 1517 921 1578 itt
950 1516 1027 1597 lepis·
1054 1538 1144 1596 expo
1197 1515 1256 1580 hoc
1280 1516 1366 1579 clare
1389 1517 1587 1597 pronuntiat.
1623 1515 1662 1579 Id
1685 1537 1782 1597 porro
1805 1513 1865 1580 sibi
1890 1537 1986 1579 nemo
2004 1517 2179 1581 hominnm

163 1609 275 1672 satiate
303 1603 452 1669 nonnihil
474 1603 657 1685 attigimus,
685 1603 762 1684 quia
782 1607 885 1665 tumeo
902 1602 1007 1665 iustae
1024 1616 1144 1667 tracta-
1195 1623 1323 1665 sumere
1346 1617 1460 1683 potest.
1506 1602 1616 1665 Deum
1638 1603 1738 1684 igitur
1760 1604 1894 1666 unicum
1916 1604 2106 1666 animarum
2130 1625 2180 1667 re·

163 1692 244 1756 tioni
269 1691 317 1755 hic
339 1690 541 1769 opportunior
569 1694 636 1751 erut
662 1689 760 1764 docte,
783 1708 865 1750 natac
888 1687 1023 1751 studebo
1043 1704 1145 1751 totam
1169 1708 1172 1713 ·
1197 1709 1271 1770 gem
1305 1689 1436 1770 agnosci
1464 1696 1607 1769 oportet,
1638 1709 1739 1770 penes
1767 1709 1865 1769 quem
1892 1710 1994 1751 unum
2022 1689 2181 1753 servandi

164 1798 326 1843 summam
354 1797 418 1856 quo
446 1786 556 1857 potero
592 1775 712 1855 optimo
741 1773 855 1837 ordine
890 1772 1049 1855 colligere.
1101 1776 1146 1837 Et
1169 1780 1172 1819 ἰ
1197 1774 1417 1855 perdendique
1450 1782 1596 1855 potestas
1624 1788 1690 1847 est,
1706 1776 1729 1855 ¹)
1764 1787 1800 1836 ut
1833 1773 1889 1837 illa
1922 1773 2049 1838 Iesaiae
2079 1776 2182 1839 verba

163 1864 240 1946 quia
274 1863 314 1926 de
346 1859 536 1944 tyrannide,
571 1881 669 1940 quam
698 1857 757 1923 s'ibi
792 1861 825 1922 in
849 1859 981 1922 lieentia
1009 1860 1145 1923 docendi
1170 1912 1172 1919 .
1197 1868 1327 1922 sonant:
1351 1874 1384 1923 et
1405 1880 1515 1942 regem
1538 1869 1572 1922 et
1593 1859 1733 1923 iudicem
1755 1876 1787 1922 et
1811 1860 2032 1941 legislatorem
2055 1876 2090 1924 et
2112 1883 2180 1925 ser-

162 1947 318 2033 qnidquid
340 1945 472 2010 libuerit
492 1954 646 2028 arrogant
668 1945 943 2026 pseudoepiscopi,
959 1966 1059 2024 utaper
1080 1946 1145 2011 dis·
1170 1970 1173 1981 ·
1198 1959 1352 2009 vaterem.
1398 1945 1513 2025 Itaque
1534 1945 1655 2009 Petrus
1678 1950 1708 2027 (l
1731 1946 1820 2009 Petr.
1840 1952 1869 2021 5,
1892 1946 1942 2025 3),
1967 1945 2048 2009 dum
2070 1962 2180 2028 pasto-

166 2035 328 2100 seruimus
351 2040 510 2114 quantum
533 2032 612 2095 satis
634 2052 705 2095 esse
726 2030 906 2097 videbatur.
932 2044 1033 2094 totam
1056 2032 1146 2094 illam
1170 2076 1173 2100 2
1197 2052 1249 2094 res
1272 2032 1368 2095 officii
1390 2032 1440 2094 sui
1464 2031 1625 2107 admonet,
1649 2031 1695 2095 sic
1777 2052 1851 2112 gem
1868 2047 2005 2112 pascant
2025 2033 2181 2098 hortatur

190 2129 295 2185 artem
327 2119 491 2193 omittam;
526 2118 560 2180 in
593 2116 787 2198 erpheauda
819 2125 947 2179 tantum
980 2137 1078 2198 quam
1112 2140 1146 2182 sc
1170 2134 1173 2215 q
1198 2137 1239 2180 ne
1273 2117 1452 2180 dominium
1483 2133 1656 2181 exerceant
1691 2139 1849 2181 aversus
1880 2118 1999 2181 eleros:
2030 2141 2096 2200 quo
2123 2142 2180 2184 no-

166 2144 289 2272 babere
312 2203 425 2268 dicunt
447 2202 557 2285 legum
578 2202 787 2266 ferendarum
810 2211 985 2284 potestate.
1009 2203 1062 2266 hic
1085 2205 1146 2267 im·
1170 2228 1173 2259 a
1198 2203 1285 2266 mine
1312 2203 1547 2266 haereditatem
1570 2203 1648 2278 Dei,
1679 2203 1740 2267 hoc
1763 2217 1813 2266 est
1833 2203 1983 2267 fidelium
2011 2206 2179 2287 populum

167 2292 328 2356 morabor.
373 2289 446 2352 Hoc
474 2290 576 2371 igitur
603 2298 774 2370 praetextu
803 2287 1067 2371 pseudoepiscopi
1089 2312 1146 2353 uo-
1198 2290 1368 2370 siguificat.
1405 2289 1444 2351 Id
1467 2291 1493 2352 si
1518 2290 1580 2352 rite
1603 2290 1826 2371 expendimus,
1849 2291 1941 2353 nefas
1963 2311 2035 2354 esse
2056 2292 2098 2355 ad
2124 2293 2180 2356 ho-

169 2381 229 2441 stri
262 2375 474 2441 conscientias
502 2375 596 2437 novis
626 2375 656 2436 le
682 2375 752 2438 'bus
780 2383 932 2449 onerant,
966 2374 1146 2455 quodsint
1197 2376 1318 2439 minem
1343 2376 1512 2439 transferri
1541 2374 1626 2456 quod
1650 2376 1742 2439 Deus
1769 2396 1866 2438 suum
1891 2377 1989 2439 unius
2010 2377 2106 2450 lacit,
2131 2381 2180 2442 in·

209 2462 356 2526 irituales
382 2458 626 2543 legislatoresa
681 2462 791 2524 omino
814 2461 996 2535 constituti,
1019 2483 1146 2542 exque
1170 2520 1173 2535 ,
1197 2461 1382 2524 tellieemus
1421 2463 1466 2523 ita
1504 2462 1687 2542 praecisum
1721 2459 1879 2543 quidquid
1913 2462 1974 2526 sibi
2007 2467 2181 2544 potestatis

167 2484 232 2613 iliis
251 2547 421 2613 commissa
440 2557 488 2609 est
508 2545 661 2609 ecelesiae
684 2546 884 2628 gubernatio.
918 2545 1035 2627 Itaque
1052 2548 1145 2630 quid·
1170 2596 1173 2657 t
1198 2567 1260 2611 ven
1287 2548 1373 2610 'caut
1401 2548 1456 2628 qui
1485 2569 1519 2610 se
1548 2544 1589 2610 ad
1618 2547 1741 2630 aliquid
1769 2549 1805 2610 in
1832 2547 1968 2613 eeclesia
1998 2548 2181 2614 iubendum

189 2634 248 2699 uid
268 2633 383 2697 iubent
404 2651 441 2693 ac
463 2630 698 2712 praescribunt,
718 2631 751 2695 id
769 2632 952 2695 necessario
969 2633 1145 2699 observan-
1170 2672 1173 2697 3
1197 2633 1267 2697 sine
1289 2633 1389 2697 verbo
1411 2633 1474 2696 Dei
1492 2634 1608 2696 efferre
1630 2632 1753 2699 volunt

168 2658 247 2786 dum
275 2740 345 2783 esse
367 2717 571 2783 contendunt
593 2738 611 2780 a
634 2718 753 2799 popido
775 2717 967 2780 christiano:
998 2722 1054 2799 qui
1077 2709 1172 2803 vio·;
1284 2723 1313 2781 8.
1358 2719 1462 2782 Porro
1490 2719 1643 2800 quoniam
1670 2726 1740 2783 teta
1766 2741 1866 2785 causa
1892 2718 1965 2783 inde
1992 2719 2122 2799 pendet,
2147 2723 2179 2784 si

166 2807 292 2882 laverit,
315 2826 390 2868 eum
414 2801 555 2886 duplicis
576 2803 815 2867 inobedientiae
836 2825 929 2867 reum
952 2824 1036 2883 esse,
1060 2805 1145 2888 quod
1169 2806 1172 2883 ξ
1197 2805 1288 2869 Deus
1311 2819 1361 2869 est
1383 2806 1499 2869 unicus
1522 2805 1698 2887 legislator,
1720 2826 1786 2870 non
1809 2806 1905 2870 licere
1931 2804 2120 2869 hominibus
2143 2805 2180 2869 id

166 2894 239 2959 Deo
262 2900 295 2956 et
316 2891 469 2955 eeclesiae
497 2890 540 2953 sit
569 2889 707 2954 rebellis.
753 2888 842 2953 Sane
864 2891 891 2952 si
914 2891 982 2953 reri
1004 2894 1145 2975 epaoopi
1170 2936 1172 2971 :
1197 2889 1257 2954 sibi
1282 2891 1414 2955 honoris
1442 2912 1587 2966 sumere,
1618 2890 1717 2956 simul
1736 2890 1818 2956 duas
1841 2891 1913 2955 illas
1933 2892 2077 2954 rationes
2095 2912 2182 2972 quas

167 2989 289 3054 esseut,
323 2975 446 3057 aliquid
474 2976 521 3040 eis
549 2976 583 3038 in
615 2975 676 3040 hac
697 2987 790 3058 parte
813 2977 999 3040 autoritatis
1022 2979 1145 3043 tribue·
1169 3020 1172 3035 .
1196 2979 1363 3059 posuimus
1385 2979 1543 3041 memoria
1560 2990 1672 3040 tenera
1689 2979 1852 3055 convenit,
1876 2998 1934 3041 cur
1950 2976 2012 3040 hoc
2035 2975 2100 3040 sibi
2122 2980 2182 3041 uni

166 3086 252 3141 rem,
282 3084 348 3126 non
370 3075 529 3143 quantum
552 3060 614 3124 sibi
635 3062 817 3146 postulant,
842 3061 898 3124 sed
921 3072 1079 3143 quantum
1103 3064 1145 3128 ad
1170 3106 1172 3131 2
1197 3062 1361 3126 Dominus
1389 3074 1521 3129 asserat.
1567 3063 1663 3126 Prior
1684 3071 1793 3127 autem
1816 3076 1881 3142 est,
1909 3078 1945 3126 ut
1967 3064 2039 3127 eius
2061 3063 2181 3127 volun-

163 3150 309 3234 pohtiam
332 3147 487 3212 ecelesiae
509 3149 571 3211 rite
593 3148 809 3212 ordinandam
828 3149 1013 3229 requiritur.
1048 3150 1144 3216 Nunc
1169 3220 1172 3231 Ι
1197 3158 1247 3213 tas
1277 3151 1419 3231 perfecta
1447 3150 1489 3212 sit
1513 3147 1606 3213 nobis
1633 3149 1739 3212 omnis
1768 3150 1911 3215 iustitiae
1936 3163 1970 3212 et
1991 3150 2181 3213 sanctitatis

165 3257 268 3319 quum
297 3233 379 3297 nihil
408 3235 518 3298 minus
549 3235 615 3297 sint
644 3256 742 3316 quam
770 3233 855 3315 quod
885 3234 998 3297 haberi
1021 3236 1143 3313 volunt,
1170 3254 1172 3299 t
1198 3236 1327 3317 regula,
1361 3248 1458 3316 atque
1492 3237 1537 3298 ita
1570 3235 1605 3299 in
1636 3236 1707 3299 eius
1739 3237 1925 3318 cognitione
1958 3237 2107 3316 perfecta
2139 3236 2181 3299 sit

164 3344 230 3386 non
253 3328 392 3402 possunt
413 3319 578 3383 tantillum
601 3320 663 3384 sibi
681 3341 810 3384 sumere
833 3322 913 3401 quin
931 3320 1066 3385 modum
1087 3344 1144 3387 ex·
1169 3332 1173 3410 t
1198 3321 1280 3384 bene
1307 3321 1440 3385 viventh
1468 3322 1611 3384 scientia
1663 3321 1792 3397 Altera,
1826 3338 1864 3384 ut
1898 3323 1969 3403 ipse
1995 3343 2085 3385 unus
2113 3322 2181 3401 (abi

165 3407 293 3473 cedant.
338 3402 406 3469 Sed
430 3407 506 3486 quia
527 3405 589 3468 hoc
610 3426 739 3489 quoque
768 3406 846 3470 alibi
869 3408 977 3470 visum
1001 3418 1065 3486 est,
1089 3408 1144 3473 de-
1169 3434 1172 3481 t
1197 3407 1267 3470 aas
1287 3409 1347 3470 rite
1358 3407 1513 3487 probeque
1531 3408 1649 3471 colendi
1671 3409 1832 3487 pueritar
1853 3406 1980 3490 maleas)
2002 3408 2181 3489 imperium

164 3512 238 3556 mus
272 3492 318 3555 eis
351 3491 385 3552 in
414 3491 612 3575 praesentia,
641 3491 799 3573 quidquid
827 3495 995 3574 potestatis
1024 3494 1145 3558 habent
1168 3520 1171 3563 t
1198 3492 1317 3557 habeat
1339 3493 1518 3556 inanimae
1537 3506 1674 3570 nostras,
1698 3495 1750 3558 cui
1767 3514 1883 3576 parere
1902 3507 1935 3555 et
1958 3515 1979 3556 a
2001 3495 2096 3557 cuius
2119 3515 2180 3557 nu·

163 3580 232 3643 veri
257 3577 413 3660 episcopi,
440 3574 474 3639 id
501 3577 573 3639 iure
599 3580 635 3641 iu
657 3599 711 3641 eos
741 3592 931 3660 competere.
977 3580 1071 3662 Nego
1094 3596 1143 3643 ta·
1168 3598 1171 3669 t
1196 3590 1232 3642 tu
1254 3577 1397 3660 pendere
1420 3578 1603 3643 debeamus.
1633 3579 1696 3643 His
1718 3578 1844 3643 duabus
1866 3578 2048 3644 rationibus
2070 3581 2180 3644 obser-

162 3685 255 3742 men,
278 3671 450 3746 propterea
479 3662 681 3745 legislatores
704 3686 774 3728 esse
796 3665 946 3729 fidelibus
968 3667 1142 3748 impositos,
1167 3678 1170 3739 t
1195 3666 1289 3741 vatis,
1318 3665 1422 3730 facilis
1449 3666 1512 3729 erit
1541 3663 1727 3730 diiudicatio
1749 3687 1833 3747 quae
1862 3665 2035 3729 hominum
2058 3667 2179 3730 eonsti-

162 3751 218 3833 qni
240 3747 461 3833 praescribere
483 3772 502 3813 a
525 3770 559 3812 se
581 3748 660 3833 ipsis
681 3750 806 3832 possint
829 3752 962 3815 vivendi
986 3753 1141 3835 regulam,
1167 3752 1170 3832 j
1194 3753 1339 3815 tutiones
1360 3753 1425 3815 sint
1448 3750 1546 3814 verbo
1567 3751 1702 3814 Domini
1724 3753 1915 3816 contrariae.
1952 3749 2046 3815 Sunt
2066 3761 2177 3815 autem

160 3837 214 3901 vel
242 3836 283 3900 ad
305 3855 365 3900 sua
384 3837 505 3918 placita
531 3835 659 3916 plebem
687 3837 747 3901 sibi
770 3838 978 3902 commissam
1002 3838 1141 3920 adigere.
1167 3854 1170 3907 ε
1195 3837 1265 3900 eins
1287 3838 1416 3920 generis
1437 3858 1550 3901 omues
1573 3859 1654 3918 quae
1677 3836 1718 3900 ad
1743 3859 1856 3902 verum
1879 3838 1942 3901 Dei
1967 3837 2091 3901 cultum
2111 3838 2174 3900 lin·

162 3920 275 4003 Quum
299 3921 359 3985 hoe
382 3920 468 3999 dico,
491 3920 640 4007 intelligo
662 3923 743 4005 ipsis
765 3923 900 3988 minime
922 3923 1034 3999 licere,
1057 3923 1142 4005 quod
1195 3932 1319 4006 guntur
1347 3925 1524 4005 pertinere,
1549 3934 1581 3986 et
1609 3922 1725 4004 quibus
1759 3923 1929 3988 servandis
1957 3923 2176 3988 eonscientiae

162 4009 224 4090 ipsi
248 4029 267 4071 a
289 4029 323 4071 se
346 4009 466 4090 absque
489 4006 553 4072 Dei
575 4010 675 4074 verbo
698 4009 965 4092 excogitaverint,
988 4009 1142 4073 eeclesiae
1167 4074 1169 4081 ,
1195 4009 1392 4091 obligantur,
1414 4010 1505 4090 quasi
1528 4008 1701 4073 observatu
1722 4009 1925 4074 necessariae
1947 4024 2065 4074 essent
2098 4007 2176 4073 Hac

162 4091 403 4159 observandum
424 4115 484 4176 pro
507 4098 689 4161 necessario
706 4093 875 4161 mandare.
908 4094 948 4158 Id
970 4096 1021 4158 ius
1041 4116 1141 4176 quum
1167 4092 1170 4195 l
1195 4115 1272 4178 erge
1306 4095 1399 4158 lance
1431 4095 1679 4159 meminerimus
1706 4095 1934 4178 ponderandas
1962 4116 2036 4159 esse
2060 4116 2178 4159 omnes

161 4187 194 4244 et
217 4178 370 4262 apostolis
392 4179 491 4244 hierit
508 4182 720 4265 incognitum,
745 4194 778 4246 et
795 4183 890 4245 toties
908 4179 1062 4245 eeclesiae
1080 4183 1142 4245 mi-
1167 4210 1171 4259 i
1194 4180 1358 4245 humanas
1379 4180 1477 4263 leges,
1505 4183 1533 4244 si
1560 4180 1711 4244 volumus
1734 4181 1854 4246 habere
1876 4186 2003 4245 e'ertum
2025 4201 2176 4257 examen,

160 4266 274 4331 nistris
295 4286 351 4329 ore
372 4266 509 4330 Domini
532 4267 737 4350 ademptum,
765 4269 868 4331 mirer
890 4268 1025 4348 quinam
1049 4289 1143 4350 prac-
1167 4270 1170 4333 ἱ
1194 4265 1279 4348 quod
1301 4288 1460 4348 nusquam
1479 4265 1630 4331 aberrare
1653 4289 1712 4332 nos
1733 4269 1827 4331 sinat.
1866 4268 1983 4331 Priore
2006 4268 2178 4332 contendit

161 4364 211 4417 ter
246 4351 467 4435 apostolorum
505 4354 692 4436 exemplum
726 4360 759 4418 et
791 4362 905 4416 oonua
936 4355 1143 4418 manifestam
1194 4353 1320 4418 Paulus
1340 4352 1375 4416 in
1399 4353 1533 4434 epistola
1557 4353 1599 4416 ad
1621 4353 1828 4418 Colossenscs
1854 4353 2013 4418 adversus
2036 4353 2177 4436 pseudo·

161 4439 226 4504 Dei
248 4438 504 4521 prohibitionem
526 4441 670 4522 arripere
693 4439 764 4503 ausi
783 4440 906 4502 hieriut
923 4446 956 4502 et
974 4439 1070 4504 hodie
1088 4441 1144 4505 dc-
1195 4439 1364 4522 apostolos,
1388 4441 1443 4520 qui
1465 4441 1558 4503 novis
1579 4440 1731 4504 oneribus
1753 4461 1900 4521 premere
1927 4439 2083 4505 ecelesias
2106 4452 2176 4504 ten·

161 4525 294 4591 fenderc
316 4524 466 4590 audeaut.
1167 4524 1170 4564 ³
1195 4526 1317 4590 tabant.
1361 4523 1515 4589 Secunda
1542 4526 1648 4608 magis
1676 4527 1781 4590 utitur
1808 4528 1843 4590 in
1867 4526 1997 4589 Galatis
2020 4526 2179 4591 insimili

251 4617 278 4675 7.
325 4610 421 4690 Quod
449 4611 491 4675 ad
519 4613 696 4693 perfectam
726 4612 807 4675 bene
834 4610 966 4676 vivendi
994 4612 1143 4696 regulam
1167 4582 1170 4711 l
1195 4633 1302 4677 eausa.
1346 4612 1420 4676 Hoc
1447 4632 1526 4694 ergo
1553 4613 1587 4675 in
1615 4612 1752 4693 epistola
1779 4611 1821 4675 ad
1848 4611 2061 4676 Colossenscs
2081 4632 2178 4677 exse·

161 4698 361 4782 pertinebat,
395 4697 428 4761 id
463 4706 568 4761 totum
602 4699 648 4760 sio
682 4697 871 4779 complexus
904 4705 953 4761 est
980 4696 1143 4762 Dominus
1167 4718 1170 4779 5
1195 4699 1324 4780 quitur,
1353 4720 1417 4762 non
1446 4720 1516 4762 esse
1549 4697 1589 4761 de
1616 4720 1694 4763 vero
1722 4699 1786 4762 Dei
1814 4698 1901 4763 cultu
1929 4698 2110 4779 petendam
2137 4698 2179 4763 ab

160 4785 234 4868 lege
256 4804 323 4860 sua,
347 4791 386 4845 ut
403 4783 486 4847 nihil
504 4784 691 4848 hominibus
705 4783 877 4864 reliquerit
888 4781 974 4865 qnod
992 4783 1034 4846 ad
1051 4805 1142 4847 sum·
1167 4788 1169 4828 ²
1195 4784 1381 4849 hominibus
1417 4785 1615 4862 doctrinam,
1650 4785 1727 4866 quia
1755 4783 1919 4848 Dominus
1946 4784 2091 4849 fideliter
2119 4807 2180 4850 nos

160 4891 251 4935 mam
273 4870 364 4935 illam
386 4869 551 4934 adderent.
597 4869 699 4951 quue
722 4890 760 4932 eo
783 4870 891 4935 effecit
912 4871 1071 4952 primum,
1094 4878 1140 4948 ut,

162 4957 238 5037 quia
261 4964 329 5020 tota
351 4954 484 5019 vivendi
507 4955 667 5020 rectitudo
690 4957 725 5018 in
743 4956 805 5019 hoe
824 4958 888 5020 sita
906 4965 963 5033 est,
987 4957 1014 5019 si
1032 4957 1143 5020 omnia
1280 4979 1396 4985 ··-“·“”

162 5052 275 5105 nostra
296 5062 395 5124 opera
417 5040 459 5105 ad
485 5042 556 5106 eius
576 5042 794 5116 voluntatem,
823 5050 981 5124 tanquam
1003 5040 1045 5105 ad
1066 5063 1142 5106 nor·
1263 5094 1292 5149 n
1313 5091 1457 5146 &0155st
1484 5091 1549 5144 1561
1568 5098 1592 5145 et
1610 5093 1771 5145 mmm
1788 5095 1845 5157 sm
1862 5109 1960 5147 mm·
2001 5094 2104 5149 Vm
2121 5099 2179 5163 sor·

163 5147 279 5225 mama·
296 5129 488 5209 ⁰¹lgflntur·
517 5130 634 5226 unlfflls
655 5128 741 5191 Vitae
762 5129 920 5210 magisslffl'
941 5149 979 5192 ³⁰
1002 5126 1143 5193 difeetffi'
1167 5187 1170 5229 Ι
1193 5171 1264 5217 tasse
1282 5163 1435 5230 leocritiam:
1456 5169 1514 5219 aut.
1534 5167 1563 5210 ut
1586 5160 1659 5229 quod
1682 5169 1858 5229 reposuerant
1881 5179 1914 5215 ec
1975 5165 2123 5220 accedente
2139 5184 2180 5222 re

163 5212 299 5277 anobis
322 5214 510 5290 haberetur;
532 5212 648 5277 demde
670 5223 884 5277 attestatum
907 5215 1041 5293 laceret,
1066 5236 1100 5279 se
1124 5236 1143 5279 a
1167 5242 1171 5298 ι
1193 5234 1317 5286 emtione
1335 5231 1522 5298 ledunensis,
1542 5229 1789 5284 amstelodomeosie
1807 5241 1830 5285 ec
1848 5179 2048 5287 auidam
