4672 5842
136 289 201 352 297
483 285 574 350 LIB.
597 285 642 351 Π.
687 280 750 350 DE
774 282 1061 351 COGNI'I'IONE
1083 283 1168 349 DEI
1189 283 1533 351 REDEMPTORIS.
1578 285 1678 351 eAP.
1700 287 1796 353 VIII.
1840 280 1845 295 '
2085 292 2148 355 298

138 475 295 560 quoniam
317 474 430 539 multis
452 476 514 538 hoe
535 474 731 539 beneficium
753 495 818 537 non
840 472 904 538 nisi
927 472 968 536 ad
989 480 1119 555 tempus
1145 500 1148 561 ι
1175 472 1216 537 ad
1246 468 1487 557 adulescentem
1519 474 1661 539 molliter
1687 484 1721 540 et
1748 475 1883 542 delicate
1907 477 1994 542 ultra
2015 477 2149 543 modum

141 562 324 640 confertur,
366 561 493 625 tamdiu
532 561 670 643 quisquc
710 583 729 624 a
767 560 918 642 coniugio
959 559 1121 623 abstineat
1145 574 1148 609 =
1173 560 1343 636 vestitum,
1370 580 1433 623 non
1457 560 1578 624 referre
1600 584 1664 643 qua
1686 570 1779 644 parte
1802 563 1955 628 cinaedus
1977 572 2075 639 esset;
2105 565 2149 629 si-

162 648 298 714 uamdiu
337 649 399 711 erit
432 647 473 711 ad
508 645 708 711 servandum
742 645 938 709 caelibatum
973 643 1117 709 idoneus.
1145 630 1148 707 l
1173 645 1304 727 quidem
1332 645 1442 708 Deum
1470 647 1676 728 respicimus,
1710 650 1765 731 qui
1792 670 1920 713 omnem
1947 650 2150 714 contamina-

139 672 180 802 ἐι
201 734 242 799 ad
265 733 461 797 domandam
482 731 653 796 libidinem
675 734 761 799 vires
784 722 937 796 deliciunt
958 731 1121 815 intelliget
1145 738 1148 795 l
1173 732 1296 795 tionem
1319 730 1540 809 abominatur,
1563 753 1754 817 quacunque
1776 736 1810 799 in
1832 742 1924 817 parte
1946 736 1999 799 vel
2022 737 2149 800 animae

140 823 206 886 iam
228 820 290 885 sibi
313 820 457 903 coniugii
479 819 706 883 necessit-atem
725 840 744 882 a
763 817 905 881 Domino
923 818 1117 900 impositam.
1173 817 1226 882 vel
1259 818 1401 899 corporis
1434 819 1537 880 nostri
1569 827 1732 901 appareat.
1779 822 1828 885 Ae
1861 843 1902 885 ne
1933 820 2066 885 dubium
2096 822 2147 900 sit,

138 907 211 972 Hoc
243 906 446 970 demonstrat
474 903 653 987 apostolus,
683 926 784 986 quum
808 904 966 987 praecipit
989 904 1020 987 (l
1043 903 1118 968 Cer.
1172 904 1360 966 memineris
1387 902 1441 967 hic
1468 903 1659 985 pudicitiam
1689 928 1708 970 a
1735 908 1807 971 Deo
1836 907 2063 971 commendari.
2111 905 2149 972 Si

140 998 170 1071 7,
190 996 207 1054 2
232 1001 266 1056 et
288 991 322 1074 9)
350 1000 389 1055 ut
415 990 456 1053 ad
477 989 669 1074 fugiendam
691 991 922 1055 scortationem
943 991 1119 1072 unusquis·
1171 988 1363 1071 pudicitiam
1384 991 1521 1070 requirit
1548 1011 1567 1053 a
1589 991 1682 1055 nobis
1704 993 1882 1071 Dominus,
1917 992 2073 1073 quidquid
2100 992 2148 1057 illi

139 1100 201 1161 que
236 1099 374 1141 uxorem
402 1097 497 1142 suam
524 1076 660 1154 habeat,
693 1084 726 1139 et
758 1096 972 1158 unaquaeque
1000 1076 1120 1139 mulier
1172 1075 1347 1140 adversum
1377 1081 1425 1138 est
1454 1074 1596 1139 damnat.
1640 1077 1785 1141 Proinde
1814 1080 1841 1142 si
1869 1077 1910 1141 ud
1932 1078 2149 1142 obedientiam

138 1165 259 1249 virum.
304 1164 406 1241 Item,
429 1161 544 1244 utqui
566 1184 634 1225 nen
656 1171 763 1244 potest
785 1184 819 1225 se
842 1161 1022 1240 continere,
1049 1181 1119 1224 ma·
1172 1161 1334 1243 adspires,
1368 1182 1428 1225 nec
1457 1163 1584 1224 animus
1606 1182 1707 1243 prava
1729 1164 1881 1246 cupidine
1910 1164 1998 1227 intus
2026 1163 2147 1243 ardeat,

136 1250 333 1314 trimonium
354 1248 389 1311 in
407 1249 549 1312 Domino
572 1249 752 1312 contrabat.
786 1248 938 1312 Primum
957 1248 1120 1331 signifieat
1172 1269 1231 1312 nee
1254 1246 1337 1312 oculi
1365 1248 1400 1309 in
1428 1256 1597 1328 corruptos
1620 1250 1755 1313 allectus
1777 1250 1961 1327 lasciviant,
1991 1272 2051 1314 nee
2078 1271 2148 1314 cor-

138 1335 298 1400 maierem
320 1334 492 1398 hominmn
515 1345 643 1416 partem
673 1333 932 1398 incontinentiae
950 1334 1030 1397 vitio
1048 1354 1119 1397 esse
1172 1355 1233 1415 pus
1254 1332 1296 1396 ad
1316 1332 1511 1396 lenocinium
1530 1334 1707 1411 excolenti,
1730 1356 1789 1399 nec
1807 1334 1919 1418 lingna
1936 1337 2062 1416 spurcis
2079 1357 2148 1400 ser·

140 1420 332 1497 obnoxiam3
354 1419 472 1483 deinde
491 1441 532 1482 ex
554 1421 595 1484 iis
619 1420 675 1501 qui
697 1420 831 1483 obnoxii
855 1427 932 1482 sunt
953 1420 1118 1482 neminem
1171 1419 1322 1483 monibus
1345 1427 1489 1481 mentem
1511 1418 1553 1481 ad
1571 1420 1692 1483 similes
1710 1422 1920 1501 cogitationes
1943 1421 2063 1498 illiciat,
2087 1443 2148 1487 nee

139 1507 263 1590 excipit
285 1528 384 1588 quem
405 1528 471 1569 non
494 1505 607 1569 iubeat
624 1504 665 1568 ad
683 1505 818 1569 unicum
835 1504 917 1568 illud
938 1505 1119 1568 remedium
1173 1505 1252 1587 gula
1280 1526 1341 1569 sua
1370 1505 1562 1585 intemperie
1587 1506 1777 1570 inflammet.
1824 1504 1910 1570 Sunt
1932 1507 2017 1569 enim
2039 1509 2149 1571 omnia

139 1594 326 1675 confugere,
350 1613 413 1673 que
435 1590 659 1673 impudicitiae
681 1591 810 1655 obviam
834 1586 910 1654 itur.
950 1591 1041 1674 Ergo
1064 1590 1118 1672 qui
1173 1589 1333 1654 eiusmodi
1361 1591 1441 1654 vitia
1471 1590 1569 1654 veluti
1597 1593 1744 1656 maculae
1773 1591 1932 1673 quaedam
1955 1593 2073 1673 quibus
2095 1613 2148 1659 ca-

140 1688 219 1744 sunt
241 1679 493 1754 incontinentes,
517 1679 543 1741 si
569 1677 629 1741 buc
653 1678 778 1740 tertione
801 1676 925 1741 mederi
947 1677 1121 1760 negligunt
1144 1662 1148 1773 Ι
1173 1677 1293 1741 stitutis
1315 1677 1441 1759 pluritas
1464 1687 1706 1759 conspurcatur.

140 1785 219 1830 suae
242 1764 438 1840 infirmitati,
463 1785 500 1826 eo
521 1762 592 1845 ipse
614 1770 750 1845 peceant
772 1763 859 1844 quod
881 1763 959 1826 huic
981 1762 1119 1845 apostoli
1144 1776 1148 1825 l

139 1848 295 1915 mandato
325 1871 392 1913 non
424 1849 658 1930 obtemporant.
703 1848 816 1930 Neque
841 1848 901 1914 sibi
924 1847 1119 1925 blandiatur,
1643 1918 1654 1927 .

143 1937 199 2019 qui
220 1935 393 2000 mulierem
415 1956 482 1999 non
504 1934 646 2017 attingit,
670 1955 708 1998 ao
730 1935 757 1997 si
781 1933 1002 2017 impudicitiae
1025 1934 1120 2017 argui
1434 1917 1684 1970 PRAEGEPTUM
1702 1916 1889 1968 OCTAVUM.

143 2044 208 2087 nen
240 2030 365 2105 posset,
400 2042 501 2103 qaum
534 2021 668 2084 interim
702 2020 832 2082 arrianis
865 2019 999 2085 libidine
1029 2020 1120 2083 intus
1481 2044 1553 2111 150„
1582 2042 1702 2110 furtum
1730 2043 1837 2110 facies·

144 2108 266 2174 ardeat.
301 2106 500 2172 Pudicitiam
517 2107 606 2170 enim
625 2105 740 2169 definit
755 2105 891 2184 Paulae,
912 2106 1121 2171 coniunctam

142 2215 217 2261 eum
251 2193 402 2259 castitate
435 2193 580 2274 corperis
611 2192 711 2254 animi
744 2191 931 2274 puritatem.
983 2189 1148 2267 anlebs,
1258 2197 1308 2256 45.
1354 2191 1461 2255 Finis:
1494 2192 1646 2274 quoniam
1675 2192 1908 2255 abominationi
1931 2202 1980 2256 est
2001 2193 2073 2255 Dee
2095 2192 2146 2255 in·

142 2281 271 2359 mulier,
294 2279 404 2361 inquit
425 2279 456 2362 (l
479 2278 554 2342 Cor.
577 2283 610 2355 t,
632 2277 701 2360 34),
730 2277 852 2360 cogitat
879 2299 961 2359 quac
984 2276 1120 2340 Domini
1145 2274 1147 2303 ¹
1172 2279 1311 2355 iustitia,
1351 2284 1389 2341 ut
1427 2277 1583 2341 reddatur
1620 2278 1795 2360 unicuique
1834 2277 1919 2359 qued
1958 2299 2055 2342 suum
2087 2283 2144 2342 est

144 2373 236 2446 sunt;
263 2364 423 2449 quemodo
453 2372 566 2428 saneta
593 2363 637 2425 sit
658 2384 792 2445 corpore
819 2370 853 2425 et
880 2363 1006 2444 spiritu.
1051 2362 1119 2426 Ita·
1173 2362 1312 2429 Summa
1333 2365 1434 2447 igitur
1452 2363 1523 2442 erit,
1547 2384 1607 2426 nos
1625 2364 1730 2427 vetari
1753 2365 1850 2428 rebus
1869 2364 1985 2427 alienis
2009 2364 2145 2443 inhiare,

146 2473 208 2535 que
230 2451 306 2515 dum
329 2450 480 2532 superius
511 2449 591 2513 illud
620 2455 831 2531 pmeeeptum
853 2449 979 2512 ratione
1002 2450 1119 2512 confir·
1172 2472 1209 2515 ae
1230 2449 1368 2533 proinde
1390 2449 1503 2527 iuberi,
1527 2450 1594 2513 suis
1613 2450 1787 2530 unicuique
1805 2449 2036 2514 conservandis
2054 2449 2146 2515 bonis

144 2546 227 2615 mat,
256 2558 323 2600 non
348 2542 479 2598 tantum
506 2535 583 2599 dicit
609 2535 728 2598 melius
751 2556 821 2599 csse
842 2555 979 2597 uxorem
1002 2534 1120 2598 ducere
1171 2536 1301 2601 fidelem
1327 2557 1460 2619 oporam
1486 2534 1684 2618 impendere.
1738 2533 1794 2600 Sic
1822 2537 1909 2599 enirn
1936 2534 2147 2620 cogitandum

143 2644 242 2707 quam
268 2622 367 2687 scorti
396 2623 548 2685 societate
577 2642 611 2686 se
634 2621 780 2703 polluere
786 2645 794 2700 3
824 2620 880 2684 sed
904 2620 982 2685 dicit
1000 2612 1119 2684 melius
1144 2612 1148 2715 l
1172 2629 1234 2700 est,
1266 2622 1438 2704 unicuique
1460 2621 1607 2685 evenisse
1630 2620 1715 2703 quod
1735 2620 1894 2703 possidet,
1924 2644 1989 2685 non
2010 2622 2147 2685 fortuita

143 2731 213 2775 esse
235 2709 359 2774 nubere
383 2730 480 2789 quam
504 2706 565 2770 uri.
580 2708 604 2792 ¹)
671 2750 674 2755 -
1172 2716 1275 2786 sorte,
1304 2707 1361 2772 sed
1389 2729 1430 2771 ex
1459 2707 1685 2771 distributione
1713 2709 1832 2770 summi
1861 2729 1969 2771 rerum
1999 2708 2143 2771 omnium

227 2802 278 2859 44.
323 2794 439 2871 Perre,
466 2795 491 2856 si
515 2792 670 2876 coniuges
692 2800 931 2875 recognoseunt
952 2811 1045 2855 suam
1067 2813 1119 2855 so·
1171 2794 1321 2872 Domini;
1354 2815 1420 2857 non
1448 2815 1541 2876 posse
1569 2794 1672 2876 igitur
1700 2795 1865 2875 praeverti
1895 2793 1990 2857 malis
2019 2792 2145 2856 artibus

143 2881 293 2946 cietatem
316 2901 387 2945 esse
410 2878 586 2944 aDomino
605 2879 821 2957 benedictam,
845 2899 882 2941 eo
901 2877 1119 2942 admonentur
1170 2880 1343 2946 facultates
1355 2880 1545 2962 cuiuspiam,
1564 2879 1643 2961 quin
1661 2879 1750 2944 fraus
1764 2879 1895 2943 divinae
1908 2878 2144 2962 dispensationi

142 2989 207 3031 non
236 2988 307 3032 esse
329 2967 549 3048 intemperata
569 2973 602 3029 et
624 2964 782 3029 dissoluta
804 2963 938 3028 libidine
960 2984 1119 3046 conspur·
1170 2969 1236 3031 fiat.
1280 2966 1429 3030 Plurima
1451 2974 1560 3030 autem
1582 2975 1660 3029 sunt
1680 2966 1842 3028 furtorum
1863 2986 1991 3049 genera.
2032 2965 2145 3029 Unum

140 3053 287 3118 eandam.
332 3052 408 3116 Non
436 3052 524 3115 enim
546 3051 574 3116 si
595 3051 853 3116 incontinentiae
879 3049 1119 3132 turpitudinem
1170 3060 1220 3117 est
1241 3054 1276 3116 in
1297 3051 1468 3128 violentia,
1492 3071 1594 3133 quum
1615 3052 1648 3116 vi
1671 3072 1865 3133 quacunque
1887 3058 1920 3115 et
1941 3048 2145 3132 praedatoria

138 3139 228 3205 velat
248 3137 451 3203 matrimonii
473 3137 643 3217 honestas,
673 3136 746 3200 ideo
775 3137 847 3200 eius
874 3136 1117 3200 irritamentum
1170 3138 1300 3203 licentia
1339 3136 1446 3201 aliena
1478 3137 1683 3218 diripiuntur.
1734 3137 1885 3200 Altcmm
1917 3138 1952 3200 in
1984 3135 2146 3199 malitiosa

139 3225 290 3308 protinus
319 3244 389 3289 esse
416 3221 519 3288 debet.
565 3221 677 3303 Qtrare
706 3244 773 3287 nen
801 3223 910 3287 omnia
938 3221 999 3287 sibi
1020 3221 1118 3286 licere
1169 3226 1364 3307 impostura,
1399 3223 1453 3287 ubi
1485 3223 1712 3287 fraudulenter
1738 3223 1998 3304 intercipiuntur.
2043 3219 2144 3285 Aliud

139 3311 296 3392 coniuges
318 3309 522 3388 existiment;
551 3308 608 3374 sed
636 3329 729 3373 suam
750 3309 887 3392 quisque
909 3329 1044 3372 uxorem
1067 3328 1118 3371 so·
1169 3312 1203 3374 in
1231 3310 1358 3374 tectiori
1387 3308 1578 3387 calliditate,
1613 3307 1669 3372 ubi
1697 3330 1755 3390 per
1776 3310 1915 3390 speciem
1943 3309 2023 3372 iuris
2046 3328 2144 3372 excu-

137 3397 210 3462 brie
233 3395 361 3474 habeat,
384 3403 418 3475 et
438 3396 581 3461 vicissim
605 3416 689 3459 uxor
705 3395 830 3475 virum3
853 3395 898 3460 sic
921 3402 1055 3479 agentes
1076 3415 1118 3457 ne
1168 3397 1306 3461 tiuntur.
1361 3393 1463 3458 Aliud
1494 3396 1530 3457 in
1564 3394 1744 3469 blanditiis,
1779 3395 1834 3459 ubi
1867 3393 1927 3457 sub
1961 3392 2145 3457 donationis

140 3480 221 3563 quid
255 3480 386 3544 omnino
418 3481 590 3564 indignum
624 3481 795 3545 honestate
830 3501 868 3546 ae
900 3479 1119 3562 temperantia
1168 3487 1340 3565 praetextu
1362 3487 1592 3564 emunguntur.
1628 3478 1695 3544 Sed
1717 3502 1759 3545 ne
1781 3481 1817 3544 in
1838 3480 2011 3563 generibus
2033 3498 2145 3543 recen-

139 3565 342 3631 matrimonii
365 3564 546 3630 admittant.
581 3563 638 3631 Sic
660 3568 749 3631 enim
772 3564 813 3630 ad
835 3565 969 3630 modurn
992 3573 1025 3630 et
1046 3585 1117 3629 mo-
1169 3567 1278 3633 scndis
1300 3567 1440 3631 nimium
1460 3567 1659 3645 insistamus,
1682 3574 1769 3630 artes
1787 3588 1909 3645 omnes,
1931 3564 2048 3648 quibus
2069 3584 2145 3647 pro-

139 3653 279 3717 destiam
306 3652 451 3715 revocari
479 3650 570 3716 decet
596 3653 785 3736 coniugium
812 3653 847 3716 in
868 3652 1011 3716 Domino
1041 3673 1117 3717 con·
1168 3656 1332 3717 rimorum
1358 3654 1576 3735 possessiones
1603 3661 1636 3717 et
1663 3653 1820 3735 pecuniae
1849 3651 1890 3716 ad
1912 3673 1971 3715 nos
1994 3650 2144 3715 derivan-

138 3746 290 3817 tractum,
309 3758 376 3800 non
398 3737 433 3800 in
451 3743 632 3801 extremam
649 3759 811 3822 quamque
827 3738 997 3803 lasciviam
1014 3759 1117 3801 exun-
1169 3749 1239 3818 tur,
1272 3740 1328 3803 ubi
1362 3760 1381 3801 a
1414 3739 1600 3804 sinceritate
1629 3738 1826 3813 dilectionis,
1856 3737 1898 3800 ad
1924 3736 2058 3800 fallendi
2086 3741 2144 3800 aut

140 3824 227 3889 dare.
272 3823 370 3888 Hanc
404 3822 620 3906 petulantiam
653 3824 847 3889 Ambrosius
856 3824 883 3906 2)
916 3823 1010 3908 gravi
1025 3824 1117 3906 'qui·
1168 3826 1282 3909 queris
1315 3823 1410 3888 mode
1450 3824 1589 3890 nocendi
1619 3824 1831 3906 cupiditatem
1861 3821 2042 3904 obliquant,
2082 3840 2142 3903 pro

139 3910 223 3989 dem,
246 3909 391 3974 sednon
408 3908 544 3992 indigna
556 3912 719 3975 sententia
730 3911 865 3989 notavit,
884 3931 986 3993 (prum
1003 3910 1116 3974 uxoris
1167 3912 1262 3977 furtis
1294 3911 1483 3976 noverimus
1516 3933 1586 3975 esse
1618 3909 1794 3975 habendas.
1846 3908 1887 3972 In
1920 3907 2041 3971 forensi
2073 3926 2143 3971 cer-

138 3997 326 4061 adultcrum
345 3995 485 4074 vocavit,
509 3996 621 4076 quiin
642 4018 704 4061 usu
726 3997 888 4081 coniugali
910 3996 1037 4060 nullam
1059 4016 1115 4060 ve-
1167 3999 1291 4062 tamine
1324 3996 1493 4061 obtineant
1524 3996 1613 4075 licet,
1653 4018 1673 4059 a
1703 3997 1775 4060 Dee
1808 4002 1920 4059 tamen
1952 4015 2018 4057 non
2051 4014 2143 4058 secus

138 4081 312 4148 racundiae
346 4082 398 4146 vel
434 4081 615 4145 honestatis
648 4103 760 4146 curam
793 4082 899 4147 habet
944 4083 1115 4146 Postremo
1167 4084 1388 4148 aestimantur.
1432 4082 1559 4164 Nempe
1581 4080 1672 4146 videt
1691 4081 1805 4165 longas
1827 4081 2004 4163 captiones,
2026 4080 2143 4162 quibus

138 4175 336 4251 reputemus,
361 4168 434 4250 quis
457 4167 511 4232 bic
532 4166 702 4250 legislator
719 4170 949 4233 scortationem
967 4167 1114 4232 damnet:
1167 4169 1398 4251 simpliciorem
1431 4169 1529 4232 hemo
1562 4168 1654 4234 vafer
1679 4169 1827 4232 animum
1859 4167 1974 4248 incipit
2005 4166 2142 4242 irretire,

137 4276 255 4338 nempe
277 4255 315 4332 is,
337 4254 394 4336 qui
416 4274 516 4336 quum
535 4272 595 4317 nos
614 4260 697 4317 totos
715 4252 879 4336 possidere
898 4253 1021 4330 debeat,
1044 4254 1116 4317 iure
1168 4255 1271 4320 donec
1293 4256 1327 4319 in
1349 4276 1425 4319 suas
1448 4254 1581 4318 tandem
1603 4273 1716 4318 nassas
1739 4254 1884 4319 attrahat
1891 4277 1898 4332 ;
1928 4249 2017 4316 videt
2043 4251 2143 4313 duras

138 4362 210 4420 suo,
242 4340 385 4419 ammae,
413 4339 549 4422 spiritus
578 4344 612 4427 et
638 4341 781 4422 corporis
810 4341 1031 4424 integritatem
1063 4360 1115 4403 re·
1166 4341 1427 4423 inhumanasque
1449 4340 1547 4424 leges,
1570 4339 1688 4422 quibus
1709 4341 1873 4422 potentior
1894 4346 2026 4401 tenuem
2048 4341 2144 4418 urget

139 4427 247 4509 quirit.
291 4426 382 4510 Ergo
403 4425 483 4489 dum
504 4424 642 4490 scortari
663 4425 830 4507 prohibet,
853 4427 950 4491 simul
971 4434 1061 4491 vetat
1081 4431 1116 4489 et
1167 4447 1204 4491 ac
1225 4426 1430 4508 praecipitat3
1459 4425 1547 4491 videt
1575 4425 1744 4490 illecebras
1766 4425 1881 4507 quibus
1903 4432 2059 4504 tanquam
2082 4420 2142 4486 ha·

138 4512 259 4578 lascivo
281 4512 424 4594 corporis
447 4519 579 4591 ornatu,
608 4517 642 4575 ct
670 4511 837 4576 obscoenis
859 4511 1114 4596 gesticulationi-
1166 4512 1229 4575 mis
1257 4512 1500 4594 imprudentem
1530 4513 1670 4576 astutior
1691 4512 1827 4576 inescat:
1859 4530 1941 4592 quae
1963 4507 2073 4571 omnia
2093 4506 2142 4570 la-

137 4599 213 4677 bus,
243 4607 276 4662 et
302 4598 440 4681 impuris
463 4597 668 4663 sermonibus
691 4597 817 4663 alienae
863 4597 1012 4663 udIcitiae
1033 4597 1115 4662 insi·
1166 4606 1238 4662 tent
1248 4599 1430 4662 humanum
1441 4597 1607 4676 iudicium,
1630 4619 1690 4663 nec
1712 4598 1747 4659 in
1765 4595 1983 4678 cognitionem
1995 4594 2140 4659 veniunt.

137 4684 228 4748 diari.
273 4684 350 4748 Non
376 4684 464 4748 onim
492 4685 618 4749 ratione
653 4692 743 4751 earet
768 4620 924 4748 Arcllelai
953 4685 1115 4748 sententia
1166 4685 1281 4767 Neque
1308 4684 1389 4750 haec
1416 4685 1537 4748 iniuria
1566 4685 1600 4747 in
1621 4684 1758 4766 pecunia
1780 4680 1890 4757 modo,
1920 4688 1978 4743 aut
1999 4680 2033 4743 in
2055 4699 2141 4742 mer·

1167 4770 1272 4849 cibus,
1296 4778 1354 4834 aut
1376 4773 1464 4854 agris
1484 4770 1591 4834 locum
1613 4769 1726 4845 habet,
1749 4765 1862 4832 sedin
1884 4766 1955 4829 iure
1977 4765 2140 4847 cuiusque.

1167 4855 1236 4922 Suc
1258 4858 1346 4922 enim
1369 4856 1453 4920 bono
1474 4858 1639 4939 proximos
1660 4853 1868 4931 fraudamus,
1892 4852 1918 4917 si
1942 4851 2141 4935 denegamus

206 4940 236 5003 1)
254 4940 320 4994 Htw
336 4954 421 5008 “tete
436 4955 509 4993 'ww
525 4943 646 5003 *temeto
653 4942 847 5144 (medenas
864 4946 1115 5063 tenormtpuvtq
1167 4944 1274 5009 officia
1294 4942 1411 5026 quibus
1432 4964 1512 5026 erga
1532 4964 1586 5007 eos
1607 4939 1851 5024 obstringimur.
1892 4937 1930 5005 si
1952 4946 2143 5022 procurator

136 5009 292 5144 {fibla}
312 5009 631 5146 izqwfiimfigffuffl
667 5008 954 5149 ‘J2g‘lssbqssflg‘bllb9ffi
969 5026 1010 5132 ’ζῖ
1022 5025 1114 5132 fflm
1167 5038 1224 5093 aut
1244 5028 1380 5128 villicus·
1399 5029 1523 5128 otiosus
1551 5033 1645 5126 vorat
1674 5025 1798 5107 domini
1823 5025 2067 5126 substantiam,
2080 5045 2141 5089 nee

135 5146 175 5200 ed
192 5149 215 5212 ἃ.
233 5144 266 5201 73
284 5148 392 5200 tanat.
462 5145 606 5269 21)Ambr.
625 5149 686 5201 libr.
706 5149 740 5202 de
757 5149 854 5219 philos.
874 5166 954 5218 quem
973 5147 1040 5199 citat
1057 5147 1114 5200 Au·
1166 5113 1208 5177 ad
1235 5135 1283 5178 rel
1304 5114 1476 5179 famlhstns
1498 5135 1609 5181 euram
1630 5119 1777 5178 luteum
1804 5120 1868 5193 est;
1896 5134 1923 5175 ⁸¹
1953 5130 2140 5177 mmmmm

135 5216 453 5286 gratianensem
485 5216 605 5268 utimum
621 5215 646 5269 2.
665 5233 687 5270 c.
706 5215 729 5270 7.
1167 5197 1228 5262 sibi
1261 5200 1431 5264 facultates
1464 5199 1516 5264 vel
1548 5200 1669 5265 iniuria
1701 5200 1853 5284 dissipat,
1888 5197 1940 5262 vel
1973 5197 2140 5261 luxuriose
