4672 5842
80 313 142 376 mo
326 311 417 377 tm.
439 311 502 377 ιιι.
546 310 611 377 nn
633 307 769 377 uano
789 260 1140 376 eunomianum
1161 309 1350 377 cuntem
1372 313 1588 381 aarum.
1634 317 1732 383 asa.
1755 319 1834 385 xx.
2026 327 2089 389 ero

74 500 194 584 praba.
234 497 359 565 Deiade
379 501 513 566 comedit
539 502 632 566 eliam
659 498 824 564 mmarodis
850 500 966 564 uostris
981 518 1056 580 pro-
1109 499 1231 564 laerum
1251 505 1416 581 captam
1461 502 1585 569 Interea
1606 506 1769 570 teneadum
1791 513 1835 572 est
1857 515 1996 574 aarum
2015 511 2088 591 fieri

80 587 212 668 spicere,
235 585 293 649 bac
313 591 415 650 tamm
442 587 505 669 leqe
525 606 564 651 ue
585 587 661 666 qaid
681 585 769 649 uobis
789 591 970 664 ecpetamus
991 585 1057 648 aiei
1109 586 1287 650 dmatrams
1318 587 1419 666 titulo,
1450 591 1527 670 qaia
1553 610 1606 654 aec
1637 591 1799 657 iadastria
1831 613 1884 659 uec
1918 595 2005 660 labor
2034 616 2088 662 aec

79 673 115 736 iu
136 671 228 736 idum
247 670 356 751 duem,
381 677 417 735 ut
442 692 640 753 quaecuuque
666 670 755 735 uobis
776 671 892 752 caulem
913 669 1057 751 bmqtcia
1109 691 1224 735 manua
1244 677 1381 751 uestrae,
1410 679 1445 737 ut
1464 675 1581 741 dieitur
1601 677 1688 759 apud
1706 676 1817 742 Mareu
1835 679 1930 762 (hev.
1951 685 2001 760 26,
2022 680 2087 767 20),

78 758 213 841 qloriam
238 759 308 822 eius
328 757 500 836 illustrent,
528 759 603 839 quia
630 755 712 820 uibil
739 758 868 837 aequius
898 761 942 820 aa
963 774 1057 836 qaam
1109 755 1199 821 uobis
1213 776 1274 836 per
1290 778 1323 822 se
1343 759 1515 840 quidquam
1537 763 1713 843 acquirunt,
1733 764 1799 828 uisi
1820 764 1904 830 adsit
1919 763 1984 831 Dei
2004 767 2088 832 berre-

80 864 137 909 uas
163 844 193 908 ei
218 843 322 908 uiuere
348 849 376 908 et
401 844 489 907 mari.
543 842 704 908 &aarum
729 841 803 906 baec
821 839 846 925 ¹)
875 841 910 904 in
937 862 1057 924 genere
1110 843 1220 921 dictim
1241 845 1304 907 imo
1319 864 1357 909 ue
1373 847 1472 925 panis
1489 847 1614 927 quidem
1630 849 1719 930 copia
1736 848 1824 914 uobis
1844 851 2002 917 tantillum
2012 873 2088 933 pro-

80 928 205 1008 omnia,
240 929 358 1010 quibus
386 929 530 1011 corporis
555 950 635 994 usus
662 928 723 992 sub
754 927 925 992 elementis
959 927 1058 991 huius
1108 928 1217 1010 stema,
1255 929 1321 994 uisi
1352 930 1506 996 diviuitas
1536 933 1572 996 ia
1603 933 1786 998 alimentum
1816 941 1989 1002 caurum.
2038 938 2088 1004 Aa

80 1015 197 1079 muudi
218 1014 354 1098 indiget,
378 1013 489 1080 aDco
512 1017 667 1097 petimus:
696 1034 761 1077 non
784 1010 881 1076 modo
902 1032 966 1094 qua
990 1011 1058 1076 ala·
1104 1014 1239 1094 mamae
1265 1034 1327 1078 aaa
1354 1017 1460 1079 miuus
1487 1017 1635 1100 divitibus
1662 1039 1758 1098 quam
1784 1022 1887 1103 ramis
1913 1024 2087 1088 necessaria

80 1123 157 1165 mur
182 1120 220 1165 ac
246 1101 441 1179 vestiamur,
469 1121 588 1166 verum
616 1101 715 1164 etiam
745 1097 901 1182 quidquid
924 1097 1059 1161 omnino
1110 1103 1155 1163 est
1174 1097 1249 1163 baec
1268 1098 1332 1164 Dei
1360 1101 1549 1167 liberalitas:
1576 1105 1653 1183 quia
1673 1104 1779 1184 plenis
1804 1107 1890 1172 cellis
1916 1114 1943 1171 et
1967 1108 2088 1175 horreis

79 1186 177 1252 nobis
199 1186 380 1251 conducere
407 1188 476 1269 ipse
497 1186 669 1270 prospicit,
698 1193 735 1249 ιιι
760 1203 880 1266 panem
909 1193 1058 1247 nostrum
1110 1184 1198 1248 aridi
1220 1189 1248 1248 a
1268 1187 1360 1249 uacui
1389 1188 1560 1268 delicerent,
1586 1190 1652 1254 uisi
1666 1209 1728 1269 per
1756 1193 1824 1255 eius
1849 1195 1987 1274 qratiam
2001 1215 2088 1275 pam

79 1273 113 1337 in
148 1292 228 1355 pace
266 1271 482 1337 comedamus.
540 1271 616 1353 Qua
647 1270 793 1336 breviter
827 1290 887 1333 noe
921 1269 957 1332 in
989 1269 1059 1333 eius
1110 1288 1167 1333 ma
1187 1269 1376 1349 frueremur.
1412 1273 1591 1339 Partimla:
1605 1274 1627 1355 ¹)
1649 1274 1739 1339 bodie
1755 1276 1803 1340 ael
1822 1278 1966 1357 quotidie,
1987 1284 2024 1343 ut
2044 1284 2088 1345 eu

79 1377 195 1424 euram
221 1358 396 1435 tradimus,
431 1378 469 1424 ac
497 1356 721 1440 providentiae
755 1356 991 1419 committimus
1020 1362 1060 1417 ιιι
1111 1355 1197 1435 apud
1218 1355 1349 1419 alteram
1377 1360 1610 1442 mumditiam,
1638 1361 1711 1423 item
1731 1361 1879 1441 ep'abetoa
1900 1365 2086 1444 quotidiani,

79 1465 140 1509 nos
167 1450 294 1526 pascat,
322 1444 445 1522 torcat,
465 1452 586 1525 ,servet
635 1442 711 1506 Non
740 1442 829 1504 enim
862 1439 1059 1523 dedignatur
1108 1442 1257 1522 fraenum
1277 1441 1426 1506 iuiieiunt
1447 1445 1631 1510 immodicae
1651 1466 1756 1510 rerum
1781 1447 1945 1526 flamarum
1966 1451 2088 1531 eupidi-

79 1530 222 1612 optimue
249 1536 356 1611 pater,
387 1551 504 1612 corpus
532 1530 632 1593 etiam
659 1535 808 1592 nostrum
834 1527 868 1590 in
894 1525 994 1590 fidem
1021 1544 1059 1589 ac
1111 1527 1183 1604 tati,
1211 1547 1275 1607 qua
1296 1528 1429 1592 saumas
1444 1536 1574 1610 praeter
1594 1532 1720 1596 madum
1742 1533 1859 1611 ardere,
1882 1540 1910 1597 et
1932 1536 1981 1598 cui
2003 1555 2085 1601 aeae·

79 1615 261 1682 custodiam
279 1636 374 1680 suam
395 1616 568 1698 suscipere,
591 1622 629 1678 ιιι
645 1613 744 1679 fidem
760 1620 907 1676 nostram
923 1611 1059 1675 minutis
1111 1611 1188 1675 duat
1214 1612 1282 1676 alia
1302 1613 1405 1677 mala:
1433 1617 1510 1695 quia
1539 1618 1568 1679 si
1588 1617 1707 1699 larqiar
1727 1620 1861 1699 suppetit
1882 1619 2084 1699 abundantia,
2165 1634 2172 1643 ·

79 1702 209 1766 istisin
231 1700 329 1766 rebus
351 1710 515 1780 exerceat;
539 1701 618 1765 dum
635 1698 676 1764 ab
695 1719 732 1762 eo
750 1698 868 1775 omnia,
891 1717 995 1779 usque
1017 1695 1059 1761 ad
1111 1696 1327 1762 ambitiosam
1347 1700 1545 1782 uoluptatum,
1567 1702 1705 1781 deliciae,
1728 1705 1965 1783 octaualiauem,
1988 1706 2086 1769 alias·

78 1788 198 1852 micam
220 1787 315 1869 panis
337 1794 371 1851 et
398 1795 526 1871 guttam
547 1806 664 1868 aquae,
693 1791 928 1866 exspectamus.
973 1782 1059 1846 Nam
1111 1803 1169 1864 que
1189 1783 1285 1848 laam
1311 1786 1426 1865 speeies
1446 1788 1681 1869 profundimus.
1725 1787 1840 1872 Itaque
1861 1798 1972 1871 petere
1995 1790 2086 1855 iube-

79 1894 183 1956 quum
204 1874 247 1937 sit
268 1873 378 1938 nescio
400 1894 463 1957 qua
492 1881 604 1937 nostra
631 1870 804 1952 iniquitate
825 1876 1058 1951 comparatum,
1110 1889 1185 1932 mur
1208 1867 1369 1934 duntaxat
1389 1879 1549 1953 quantum
1571 1874 1760 1938 necessitati
1777 1882 1908 1941 nostrae
1931 1876 2009 1941 sads
2026 1883 2086 1955 est,

79 1967 120 2022 ut
151 1958 266 2023 maiori
300 1959 408 2024 carnis
440 1980 539 2041 quam
578 1957 705 2021 animae
736 1953 954 2019 sollicitudine
988 1954 1060 2018 affi-
1111 1963 1144 2017 et
1164 1954 1306 2019 velutin
1323 1955 1419 2035 diem,
1443 1957 1504 2022 hac
1520 1958 1649 2037 fiducia,
1667 1959 1724 2024 ubi
1741 1981 1801 2024 nos
1819 1961 1915 2027 hodie
1932 1961 2087 2027 nutrierit
2177 1988 2181 1995 ·

80 2046 208 2110 ciamur
232 2065 271 2109 ac
299 2051 526 2127 torqueamur;
559 2043 657 2107 multi
684 2042 740 2125 qui
768 2040 891 2105 audent
919 2037 992 2103 Deo
1019 2039 1058 2103 de
1111 2039 1260 2105 eoelestis
1281 2050 1382 2122 pater,
1405 2063 1510 2125 neque
1532 2045 1673 2109 crastino
1695 2045 1892 2111 defuturum.
1937 2045 2087 2128 Quanta-

80 2132 192 2195 anima
212 2129 329 2209 fidere,
359 2138 438 2195 eunt
464 2139 576 2194 tamen
603 2128 710 2193 adhuc
732 2125 773 2191 de
800 2147 898 2190 carne
920 2125 1057 2202 solliciti,
1111 2144 1238 2208 cunque
1259 2127 1359 2208 iqitur
1385 2149 1498 2192 rerum
1519 2130 1612 2211 copia
1632 2128 1726 2194 uobis
1753 2132 1882 2211 affluat,
1911 2134 2008 2198 etium
2031 2131 2087 2197 ubi

21 2243 30 2255 ⁴
80 2215 187 2282 adhuc
209 2215 375 2280 haesitant
394 2214 473 2298 quid
494 2215 602 2293 edant,
625 2213 702 2297 quid
724 2212 921 2289 vestiantur3
945 2219 979 2275 et
995 2211 1059 2275 nisi
1111 2210 1243 2294 expleta
1273 2211 1397 2277 fuerint
1428 2214 1548 2279 horrea
1579 2221 1612 2278 et
1644 2216 1741 2298 plena
1773 2217 1925 2297 cellaria,
1959 2239 2087 2300 semper

79 2323 158 2384 prae
180 2301 331 2367 manibus
354 2301 499 2367 habeant
514 2303 592 2380 vini,
615 2299 772 2364 frumenti
791 2304 825 2361 et
841 2297 905 2360 olei
922 2298 1057 2379 copiam,
1110 2303 1222 2361 tamen
1238 2316 1357 2379 panem
1374 2297 1600 2382 quotidianum
1616 2322 1677 2365 nos
1694 2309 1806 2384 petere
1823 2304 1987 2369 convenit:
2011 2304 2088 2384 quia

80 2386 256 2469 trepidant.
307 2388 414 2452 ‘Panto
438 2387 544 2469 pluris
576 2387 670 2452 nobis
698 2393 749 2448 est
780 2382 880 2446 huius
912 2403 1059 2446 momen·
1110 2387 1188 2447 aeda
1219 2384 1382 2448 terrendum
1411 2391 1456 2449 ast
1481 2407 1613 2451 omnem
1645 2387 1861 2453 substantiam
1889 2389 1974 2454 nihil
2005 2409 2086 2468 esse,

82 2479 199 2537 tanam
220 2474 306 2539 vitae
327 2474 453 2551 umbra,
474 2493 573 2556 quam
590 2481 725 2537 aeterna
745 2469 803 2533 illa
818 2467 1057 2533 immortalitas.
1110 2469 1176 2533 nisi
1196 2478 1356 2549 quotanus
1382 2470 1487 2536 effusa
1510 2492 1570 2535 sua
1591 2472 1814 2539 benedictione
1830 2474 1996 2540 Dominus
2014 2495 2087 2539 eam

83 2557 152 2639 Qun
179 2579 256 2623 vero
281 2559 355 2625 Deo
386 2560 499 2623 confisi
527 2558 619 2623 illam
645 2555 686 2622 de
708 2555 816 2621 carnis
844 2574 924 2619 cura
945 2554 1059 2618 anxie-
1110 2554 1254 2619 contiuuo
1274 2575 1446 2638 praqreesu
1472 2557 1659 2622 foecundat:
1689 2579 1773 2641 quae
1797 2561 1897 2624 etiam
1922 2561 1957 2625 in
1984 2581 2087 2624 manu

81 2652 183 2709 tatem
210 2644 311 2710 semel
338 2644 541 2724 abiecerunt,
571 2644 669 2708 simul
696 2641 808 2707 statim
829 2660 913 2720 quae
934 2639 1060 2704 maiora
1111 2647 1224 2704 nostra
1243 2649 1301 2719 est,
1324 2662 1366 2704 ne
1387 2662 1461 2706 eam
1482 2642 1614 2726 quidem
1642 2651 1788 2709 nasa-am
1809 2666 1895 2725 esse,
1923 2647 1986 2710 nisi
2006 2665 2086 2728 qua-

81 2737 174 2809 eunt,
203 2731 302 2796 etiam
330 2730 469 2796 salutern
492 2739 526 2796 et
555 2731 656 2794 vitum
678 2737 855 2803 aeternam,
879 2725 920 2790 ab
942 2746 980 2789 eo
1001 2746 1059 2789 ex·
1110 2734 1208 2790 tenus
1223 2726 1259 2789 in
1281 2726 1428 2810 singulas
1449 2727 1548 2794 horas
1566 2729 1808 2810 portiunculam
1833 2729 1929 2797 nobis
1945 2731 2086 2815 largitur

81 2823 240 2899 spectant.
288 2817 364 2881 Non
392 2837 470 2901 ergo
498 2816 571 2882 leve
597 2823 649 2880 est
676 2813 752 2879 fidei
779 2811 985 2888 exercitium,
1019 2831 1059 2875 ea
1110 2831 1270 2893 usumque
1292 2813 1460 2893 permittit
1503 2811 1544 2878 Id
1565 2815 1644 2897 quia
1666 2817 1845 2898 aegerrime
1868 2816 1931 2881 sibi
1951 2836 2085 2899 persua·

81 2902 121 2967 de
149 2903 222 2967 Deo
248 2923 380 2986 sperare
408 2923 491 2986 quae
518 2902 638 2984 alioqui
665 2919 726 2965 nos
754 2907 924 2979 tantopere
943 2897 1058 2960 annos
1110 2895 1180 2961 deri
1201 2898 1326 2980 patitur
1347 2898 1519 2963 hominum
1539 2901 1700 2982 superbia,
1729 2901 1895 2984 singulm
1917 2903 1954 2966 in
1974 2902 2086 2967 omnia

80 2987 217 3067 habent3
240 3008 347 3071 neque
366 3009 485 3070 parum
503 2987 684 3071 profectum
705 2993 765 3063 eet,
787 2983 843 3048 ubi
861 2982 954 3060 hana,
975 3002 1058 3064 quae
1110 2981 1241 3048 saecula
1258 2982 1489 3049 documentum
1505 3007 1541 3051 se
1557 2986 1745 3068 praebuisse
1766 2994 1907 3053 testatur
1921 2987 2086 3053 Dominus

79 3074 115 3138 in
134 3075 282 3138 omnium
299 3095 404 3157 paene
421 3073 591 3139 hominum
607 3071 735 3138 ossibus
751 3066 916 3134 mordicus
935 3067 1057 3146 haeret,
1110 3068 1223 3151 (Deut
1243 3073 1272 3145 8,
1293 3070 1337 3153 3),
1356 3090 1458 3152 quum
1474 3092 1598 3136 manna
1614 3072 1650 3135 in
1668 3071 1795 3137 deserto
1813 3073 1971 3156 populum
1988 3093 2086 3136 suum

79 3159 308 3231 infidelitatem
332 3160 492 3224 exuimus.
538 3157 635 3240 Quod
656 3177 754 3241 porro
776 3153 816 3220 de
839 3174 923 3236 pane
945 3174 1058 3236 super-
1110 3153 1270 3232 educavit,
1291 3163 1330 3219 ut
1350 3176 1410 3220 nos
1431 3157 1735 3237 commonefaceret,
1763 3178 1831 3222 non
1851 3159 1887 3222 in
1911 3157 1980 3224 eolo
2001 3178 2086 3240 pane

81 3245 289 3309 substantiali
323 3244 456 3327 quidam
488 3245 780 3328 philosophantur,
812 3239 897 3304 mihi
927 3238 1059 3305 videtur
1110 3241 1221 3305 vivere
1242 3240 1423 3321 hominem,
1451 3242 1569 3307 sedin
1597 3242 1699 3309 verbo
1725 3244 1834 3327 potius
1856 3242 1942 3326 quod
1968 3264 2010 3307 ex
2031 3263 2087 3308 ore

81 3329 209 3394 Christi
230 3331 410 3395 sententiae
432 3351 610 3413 perparum
631 3328 821 3406 convenire,
850 3327 914 3390 iura
936 3326 1002 3390 aiei
1022 3325 1059 3388 iu
1110 3346 1169 3390 sno
1190 3326 1364 3410 egreditur.
1409 3325 1484 3408 Quo
1504 3328 1686 3408 indicatur,
1707 3328 1810 3394 solam
1838 3331 1909 3395 eius
1930 3329 2088 3394 virtutem

80 3415 140 3479 tac
156 3417 252 3479 etiam
267 3416 387 3481 caduca
403 3417 469 3481 cita
488 3415 694 3480 tribueremus
711 3413 779 3478 Dea
795 3411 923 3477 mtritii
937 3414 1058 3491 partu,
1110 3430 1181 3475 esse
1207 3432 1272 3494 qua
1304 3420 1530 3479 sustentantur
1557 3414 1626 3480 vita
1651 3421 1686 3479 et
1713 3415 1815 3481 vires:
1848 3415 1981 3480 tametsi
2014 3434 2087 3479 eam

36 3502 46 3509 ”
79 3500 194 3565 midila
214 3506 291 3566 esset
306 3504 457 3583 precatio.
501 3500 605 3570 Ratio,
623 3518 718 3581 mrum
739 3500 875 3581 afferant
894 3497 992 3562 uimis
1013 3501 1059 3562 est
1109 3496 1170 3561 sub
1188 3499 1350 3580 corporeis
1367 3500 1597 3566 instrumentis
1614 3499 1708 3566 nobis
1726 3499 1941 3566 administrat.
1965 3498 2087 3581 Quem·

74 3586 237 3669 profana:
264 3607 325 3652 aaa
346 3606 412 3652 esse
432 3592 667 3653 eammmaeam
685 3590 721 3649 at
738 3585 800 3666 filii
820 3582 894 3661 Dei,
916 3584 973 3665 qai
994 3584 1059 3663 aa
1109 3581 1286 3647 admodum
1307 3590 1341 3648 et
1362 3587 1525 3651 contrario
1547 3585 1742 3652 documento
1764 3609 1823 3652 nos
1845 3586 1975 3652 erudire
1994 3585 2085 3663 solet,

79 3673 214 3738 rituales
240 3692 305 3737 esee
331 3672 449 3751 debeat,
476 3692 538 3737 aaa
562 3671 653 3736 moda
678 3666 833 3736 adiiciam
852 3670 994 3733 auimam
1015 3668 1058 3732 ad
1109 3688 1211 3750 quum
1233 3668 1334 3734 robur
1354 3672 1449 3752 panis
1487 3679 1521 3736 et
1542 3680 1579 3736 ιιι
1600 3673 1672 3756 ipse
1692 3680 1796 3750 vocat,
1818 3671 1986 3754 baculum)
2008 3691 2087 3752 quo-

80 3763 222 3824 terreuas
239 3777 342 3837 auras,
359 3759 415 3824 sed
432 3757 537 3823 Deam
553 3776 670 3839 qaoque
687 3756 756 3821 illie
771 3775 875 3821 smum
891 3754 1057 3836 irapliceat
1110 3755 1172 3819 ties
1189 3753 1269 3820 libet
1283 3756 1459 3841 confringit
1467 3672 1568 3842 'llice
1582 3762 1633 3837 26,
1646 3758 1712 3857 26),
1731 3779 1794 3840 quo
1811 3757 1936 3823 scilicet
1952 3755 2087 3820 mentes

84 3844 184 3925 Quasi
204 3864 353 3908 aaaron
373 3844 527 3928 refalqeal
544 3845 638 3908 etiam
654 3844 691 3907 iu
707 3844 788 3908 aida
808 3840 973 3905 benedictio
989 3841 1059 3904 cias
1109 3838 1279 3905 tabescant
1298 3842 1393 3922 fame,
1417 3852 1451 3908 et
1470 3842 1620 3909 bibentes
1642 3845 1696 3908 sit1
1718 3849 1876 3908 arescant
1922 3838 1989 3921 Qui
2007 3859 2086 3904 vero

80 3935 110 3995 et
123 3935 281 4011 pammac
302 3931 402 4013 laum,
424 3935 481 3995 aut
501 3931 538 3995 de
557 3928 657 3994 uibila
676 3930 828 4010 comptam
855 3927 898 3990 sit
910 3927 1059 4007 pietamm
1109 3946 1196 4010 pane
1212 3926 1400 4009 quotidiano
1418 3949 1485 3993 non
1502 3929 1655 4006 contenti,
1679 3928 1736 3993 sed
1756 3926 1892 3992 effraeni
1908 3924 2087 4009 cupiditate

81 4014 191 4081 babere
215 4017 457 4098 mariammes,
490 4037 551 4082 aaa
582 4021 704 4081 aum
734 4016 861 4097 {murae
891 4014 973 4076 uitae
1004 4011 1059 4077 sed
1109 4012 1248 4077 infinitis
1268 4012 1442 4091 inhiantes,
1464 4022 1523 4078 aut
1542 4014 1598 4096 qui
1620 4012 1822 4079 abundantia
1838 4033 1898 4077 sua
1918 4012 2032 4091 saturi,
2052 4017 2088 4075 et

80 4102 175 4167 dmm
194 4103 376 4182 maauaie
402 4102 435 4185 (l
461 4102 543 4166 'Pim
569 4108 606 4179 4,
629 4100 674 4186 8).
724 4100 797 4165 aa
823 4104 926 4163 autem
951 4116 1060 4180 pecca·
1110 4097 1301 4162 diviuamm
1323 4120 1457 4163 suarum
1485 4098 1616 4163 cumulo
1643 4099 1763 4178 securi,
1791 4098 1853 4163 hae
1873 4097 2087 4163 nihilominus

81 4191 182 4252 taram
208 4189 352 4254 remissio
380 4187 468 4272 laaqe
487 4187 596 4270 pluis
623 4192 667 4251 eu
694 4207 790 4268 qaam
817 4185 967 4250 auum
995 4203 1059 4249 aar·
1109 4184 1296 4267 precatione
1317 4185 1389 4249 Deo
1417 4183 1615 4265 supplicant,
1643 4183 1728 4247 nihil
1754 4182 1853 4267 quam
1880 4184 1990 4268 ipsum
2011 4181 2087 4246 irri-

76 4274 184 4352 pcris,
216 4275 299 4355 quad
328 4279 430 4338 tamea
451 4275 589 4356 iuferius
616 4279 693 4353 erat,
720 4272 829 4353 priore
861 4269 923 4334 laco
949 4269 1060 4350 posuit
1111 4268 1198 4334 dent.
1228 4268 1360 4333 Priores
1379 4268 1468 4332 enim
1526 4275 1603 4331 tunt
1619 4268 1705 4350 quod
1722 4269 1933 4352 impetratum
1950 4267 2086 4345 nollent,

84 4356 236 4438 careae,
258 4365 294 4424 ut
313 4379 369 4425 aas
390 4360 434 4425 ad
453 4359 697 4441 reliquas‘duas
712 4359 878 4440 paitiome
900 4356 1060 4438 qradatim
1110 4354 1176 4419 imo
1198 4353 1285 4436 quad
1307 4353 1451 4419 maxime
1473 4374 1493 4418 a
1533 4354 1712 4433 minantur,
1733 4375 1852 4438 nempe
1872 4374 1991 4437 panem
2009 4371 2087 4433 quo·

82 4443 228 4524 meteret,
260 4465 341 4526 qaae
366 4446 521 4527 propriae
549 4449 623 4510 suut
650 4444 785 4508 auara
809 4443 906 4506 miae:
937 4442 973 4505 ia
999 4460 1059 4523 qua
1110 4439 1273 4506 tidienum
1306 4439 1481 4521 duntaxat;
1511 4447 1734 4522 quantumque
1760 4446 1899 4525 possunt
1930 4436 2088 4503 avaritiae

82 4530 228 4595 tarditati
248 4537 373 4596 marae
393 4530 555 4596 emutuit.
590 4527 740 4592 labeum
760 4533 863 4592 aretem
879 4530 982 4608 petere
997 4547 1059 4607 pa·
1111 4546 1190 4591 suae
1216 4525 1370 4590 affectum
1398 4524 1471 4591 Deo
1498 4525 1722 4605 dissimulant3
1750 4545 1852 4610 quum
1877 4521 2087 4590 remoratio

82 4634 152 4679 rum
172 4622 327 4696 mamm,
354 4620 390 4681 ut
416 4617 547 4681 maarai
573 4616 675 4681 simas
702 4614 841 4678 demenso
869 4611 951 4692 qaod
971 4609 1060 4678 actu
1111 4618 1214 4676 totam
1235 4611 1341 4693 ipsam
1362 4623 1506 4677 mentem
1528 4618 1562 4676 et
1583 4611 1742 4694 quidquid
1764 4613 1856 4676 intus
1875 4609 1971 4687 latet,
2001 4605 2088 4690 apud

82 4719 209 4783 eroqare
229 4702 381 4785 duratur
401 4701 536 4768 melestis
550 4705 660 4782 pater,
681 4718 778 4779 mque
799 4695 920 4763 artibus
939 4696 1061 4762 illudis
1111 4697 1220 4780 ipsum
1241 4697 1410 4764 effundere
1431 4696 1556 4763 debeat
1590 4698 1699 4763 Alteri
1716 4717 1795 4763 vero
1816 4694 1983 4780 postulant
2002 4690 2089 4775 quod

1111 4784 1248 4849 minime
1270 4782 1312 4847 ab
1332 4804 1371 4849 eo
1391 4791 1590 4867 exspectant,
1613 4805 1732 4866 nempe
1753 4781 1839 4867 quod
1859 4780 1923 4847 sibi
1943 4778 2031 4864 apud
2052 4797 2089 4845 se

1112 4889 1184 4934 esse
1206 4868 1416 4935 arbitrantur.
1461 4869 1503 4934 In
1524 4891 1562 4935 eo
1584 4869 1671 4952 quod
1692 4875 1804 4934 noster
1825 4866 1960 4945 dicitur,
1981 4864 2088 4948 magis

153 5025 181 5093 1)
201 5025 389 5083 sanarem.
418 5026 552 5094 auam
569 5023 1061 5103 (sacramentorumque
1112 4955 1251 5034 ΨΜ
1283 4959 1319 5019 at
1345 4955 1502 5036 aarum,
1535 4962 1657 5021 ⁰¹¹¹¹¹¹⁰l
1682 4952 1748 5020 ΒΘ]
1775 4954 1972 5038 bemgmtas,
2004 4970 2089 5033 ‘³¹¹⁸‘

83 5093 159 5150 leot.
178 5093 254 5150 1617.
291 5098 368 5151 Alibi
386 5097 497 5163 plerum
514 5097 625 5165 leqr'tar:
648 5093 791 5147 Caeterum
808 5093 853 5145 hic
877 5105 927 5158 per
943 5104 1061 5168 primam

81 5166 217 5218 secundae
233 5166 313 5218 huius
331 5165 418 5234 partis
435 5163 604 5233 petitionem,
623 5180 720 5232 penem
734 5169 858 5216 nostrum
892 5156 1061 5210 uatrdranum

82 5233 119 5285 ds
135 5235 215 5287 nobis
232 5233 321 5298 hodic,
339 5233 368 5286 in
385 5247 486 5300 mucre
503 5238 554 5285 eta
582 5232 629 5287 Sic
646 5230 722 5286 1664.
741 5229 808 5285 leet
826 5236 852 5284 et
895 5226 948 5280 hol.
1183 5226 1212 5292 1)
1230 5225 1309 5281 llaec
1323 5244 1431 5296 quoque
1449 5229 1512 5281 alim
1529 5230 1648 5283 aderaut
1664 5228 1744 5297 (XV.
1761 5227 1818 5296 36)
1841 5227 1888 5281 sed
1904 5227 1985 5281 aliter
2006 5225 2088 5279 dicte.
