4672 5842
231 319 292 380 651
876 302 1141 369 ΙΝΒΤΙΤΠΤΙΟ
1163 303 1269 371 REL.
1290 300 1472 370 annisu.
1497 304 1589 368 1559.
2174 305 2237 367 eta

231 503 368 569 reditate
389 496 537 571 foederis,
561 494 646 577 quod
669 513 780 558 secum
801 493 894 556 Deus
916 492 1098 573 pepigeram
1122 491 1206 573 quod
1232 540 1234 561 ÷
1259 492 1353 557 Eliac
1375 495 1636 574 praerogativam
1656 491 1788 573 colligit,
1812 490 1969 572 adquam
1988 491 2142 556 situobis
2160 511 2237 556 cou-

230 589 296 653 illis
318 587 478 649 bonorum
500 582 646 645 omnium
669 599 834 644 summum
857 578 926 640 fore
943 576 1042 652 videt,
1061 598 1206 658 compre·
1231 582 1234 660 l
1258 578 1470 661 fiigicndum‘l
1516 579 1654 641 Minime
1682 596 1774 653 ver03
1802 576 1860 640 sed
1887 578 1955 641 vim
1976 578 2049 658 piac
2071 598 2239 659 puraeque

230 680 321 739 eatur
342 679 381 733 ut
402 689 522 752 genere
544 687 603 732 suo
621 674 824 731 censeantur.
858 663 898 727 Id
918 663 1006 726 enim
1028 662 1117 726 uliud
1140 685 1205 726 non
1231 688 1234 719 ι
1258 665 1414 728 orationis
1436 672 1627 746 perpetuam
1646 662 1748 740 docet,
1771 672 1808 726 ut
1826 685 1884 727 uos
1903 663 1945 726 ad
1965 663 2116 728 similiter
2137 684 2240 727 orau-

230 766 281 824 est
302 777 401 840 quam
423 753 562 818 foederis
585 753 820 818 successionem
838 749 879 813 ad
898 771 951 812 cos
974 750 1204 812 transmittere.
1231 738 1234 827 i
1259 750 1337 813 dum
1360 750 1558 814 exhortetur.
1602 750 1688 813 Nam
1711 750 1774 813 Dei
1797 749 2088 832 promptitudinem
2113 770 2152 814 ac
2180 750 2237 814 be-

228 844 283 909 Illi
300 841 454 917 vicissim,
478 840 556 903 dnm
579 839 768 902 memoriam
789 834 946 899 eiusmodi
969 835 1119 915 precibus
1139 836 1206 898 suis
1231 830 1233 867 ¹
1259 838 1454 919 nignitatcm
1477 838 1512 899 in
1534 834 1746 899 exaudiendis
1769 834 1835 898 illis
1864 835 2009 918 maligne
2037 835 2238 916 iuterpreta-

226 929 402 1002 inducuut,
433 947 499 990 non
527 925 568 989 ad
596 923 845 987 intercessiones
873 931 1076 984 mortuorum
1101 922 1205 984 suffu-
1230 956 1233 984 t
1258 943 1346 998 mur,
1373 923 1435 986 uisi
1458 922 1576 986 talibus
1598 923 1829 1002 experimentis
1850 922 2083 986 confirmamur
2106 923 2142 984 in
2165 941 2238 986 cer-

227 1017 337 1100 giunt,
366 1011 423 1076 sed
448 1012 592 1075 Domino
620 1009 757 1072 laederis
785 1009 835 1071 sui
863 1006 1119 1070 recordationem
1148 1006 1205 1069 ob
1230 1054 1233 1063 .
1257 1009 1373 1071 tiorem
1395 1009 1648 1090 promissionum
1666 1008 1736 1070 eius
1756 1006 1923 1071 fiduciam:
1947 1006 2064 1087 quibus
2086 1028 2152 1071 nou
2176 1009 2238 1072 uui

226 1101 358 1175 iiciunt,
392 1120 455 1179 quo
483 1097 739 1162 amantissimus
756 1098 847 1173 peter
874 1093 937 1156 illis
965 1114 999 1155 se
1029 1093 1205 1174 propitium
1230 1136 1233 1193 Ι
1258 1103 1316 1157 aut
1338 1094 1447 1165 alteri,
1472 1104 1528 1157 aut
1550 1094 1649 1157 ctiam
1671 1094 1791 1174 penicis,
1815 1093 2007 1157 inclinatam
2029 1092 2097 1157 fore
2120 1115 2238 1158 aurem

228 1208 266 1252 ac
288 1186 469 1250 beneficum
492 1185 575 1257 fere,
602 1181 638 1243 in
656 1179 819 1255 Abrahae,
842 1179 935 1242 Isaac
958 1187 991 1241 et
1009 1178 1106 1242 Iacob
1129 1200 1204 1260 gra·
1229 1198 1233 1249 1
1257 1201 1350 1243 suam
1374 1180 1553 1262 pollicetur,
1583 1179 1641 1243 scd
1668 1180 1818 1243 omuibus
1841 1180 1896 1261 qui
1920 1200 2040 1243 nemen
2062 1201 2160 1244 suum
2182 1180 2235 1243 in·

227 1274 309 1336 tiam
331 1272 459 1350 recepit.
505 1268 634 1347 Alioqui
658 1288 755 1347 quam
779 1287 893 1347 parum
924 1265 958 1326 in
980 1278 1114 1344 patrum
1136 1285 1204 1327 me-
1229 1280 1233 1325 t
1257 1267 1454 1329 vocaverint.
1500 1267 1603 1346 Atque
1627 1286 1659 1328 eo
1687 1267 1793 1330 minus
1819 1265 2007 1329 excusabilis
2034 1270 2077 1328 est
2106 1266 2236 1330 inscitia

227 1358 292 1423 rita
313 1357 417 1421 sancti
440 1353 679 1426 reclinaverint,
703 1359 843 1415 testatur
864 1350 994 1431 publica
1016 1372 1080 1413 vox
1102 1349 1204 1414 cccle-
1229 1350 1232 1449 ξ
1256 1350 1338 1427 baec,
1361 1353 1442 1431 qued
1465 1357 1505 1415 tet
1533 1353 1706 1430 scripturae
1727 1351 1951 1416 admonitiones
1973 1352 2118 1415 nidentm
2138 1353 2237 1431 quasi

228 1445 296 1509 siae
318 1441 403 1525 apud
426 1439 620 1522 prophetam
638 1439 716 1520 (les.
737 1444 792 1515 63,
815 1437 882 1518 ln):
907 1447 943 1499 tu
968 1446 1203 1517 paternoster,
1229 1462 1232 1499 ι
1256 1457 1294 1500 ee
1316 1438 1457 1517 professe
1479 1444 1674 1502 mittenniere.
1718 1437 1886 1502 Liberatm
1905 1442 1950 1501 est
1971 1437 2100 1516 saepiiis
2122 1436 2236 1501 Dauid

229 1537 263 1594 et
285 1527 453 1593 Abraham
481 1525 616 1588 nescivit
647 1546 720 1595 uos,
749 1531 782 1586 ct
810 1522 912 1586 Israel
940 1522 1102 1603 ignonivit
1131 1544 1204 1590 nos;
1229 1580 1231 1595 ,
1256 1522 1320 1587 Dei
1345 1525 1470 1587 uirtute.-
1492 1545 1533 1586 an
1553 1530 1587 1587 ut
1608 1544 1677 1587 cern
1697 1523 1789 1587 adse
1810 1523 1951 1600 traberet,
1974 1528 2008 1585 ut
2029 1525 2097 1587 eius
2119 1525 2236 1603 sutiru-

228 1622 265 1679 tu
287 1613 428 1678 Domine
456 1625 549 1693 pater
575 1620 687 1673 noster
714 1623 746 1672 et.
776 1609 962 1689 redempter
989 1622 1109 1670 nostor.
1155 1608 1204 1670 Ac
1229 1662 1232 1671 ,
1254 1609 1305 1690 pie
1334 1609 1561 1672 liberaremur?
1606 1610 1709 1691 [eripe
1741 1609 1832 1673 aliter
1861 1609 2002 1690 affimant
2033 1611 2101 1690 ipse
2128 1609 2232 1692 (Paul

230 1700 306 1764 dum
326 1699 372 1762 sic
390 1695 520 1780 quidem
535 1695 722 1777 loquuntur.
744 1694 841 1758 simul
853 1693 990 1757 addunt:
1015 1702 1203 1756 convortere
1229 1704 1232 1743 ;
1261 1698 1329 1767 142,
1360 1696 1411 1777 8).·
1443 1716 1491 1758 rne
1523 1702 1699 1776 umectant
1730 1695 1807 1759 iusti
1838 1696 1931 1759 denec
1962 1695 2114 1775 rependas
2146 1695 2234 1759 milii
2271 1754 2276 1765 ,

229 1785 372 1850 Domine
397 1792 530 1864 propter
559 1803 669 1845 servos
697 1791 786 1857 tuos;
821 1779 945 1843 nullam
972 1788 1083 1842 tamen
1116 1779 1203 1860 cogi·
1257 1780 1337 1843 Item
1365 1780 1455 1859 (ibid.
1482 1786 1531 1852 52,
1556 1785 1607 1862 8).·
1636 1781 1777 1844 videbunt
1805 1782 1895 1857 iusti,
1914 1786 1957 1844 et
1982 1781 2169 1863 pendebunt,
2203 1786 2234 1845 d

227 1879 335 1936 tantm
367 1869 648 1935 intercessionem.
682 1866 738 1930 scd
771 1865 813 1929 ad
844 1864 983 1928 t'oederis
1010 1865 1203 1928 beneficium
1228 1860 1231 1949 j
1256 1866 1423 1946 sperabunt
1444 1869 1479 1929 in
1501 1867 1648 1932 Domino.
1693 1867 1773 1931 Eece
1796 1888 1923 1948 pauper
1944 1869 2002 1931 iste
2023 1866 2168 1930 dennieit
2188 1867 2232 1930 ad

228 1958 375 2022 annuum
402 1954 618 2018 advertentes.
667 1953 763 2015 Nunc
790 1971 868 2015 vero
896 1973 996 2033 quum
1023 1951 1203 2014 Dominum
1228 1960 1231 2027 1
1256 1951 1369 2028 Desint,
1392 1959 1420 2015 et
1441 1954 1598 2032 respondit
1618 1955 1647 2016 ei
1665 1952 1756 2037 (ibid
1777 1959 1827 2029 34,
1848 1956 1891 2035 7).
1937 1951 2061 2016 Multae
2081 1954 2116 2016 in
2140 1952 2233 2017 Psal·

227 2043 339 2106 Iesum
370 2041 564 2109 habeamus.
598 2039 633 2101 in
665 2039 756 2103 cuius
788 2058 890 2100 mauu
918 2058 984 2100 nou
1013 2057 1203 2119 percussum
1227 2038 1231 2109 i
1255 2040 1316 2102 mis
1333 2044 1406 2101 suist
1422 2039 1575 2102 eiusmodi
1586 2059 1704 2119 preces,
1723 2040 1835 2118 quibm
1850 2040 1892 2102 ud
1905 2039 2098 2119 precandum
2111 2039 2135 2119 ¹)
2151 2040 2234 2119 quoa

227 2129 338 2203 modo,
367 2125 425 2191 sed
452 2127 679 2190 confirmatum
706 2125 749 2187 sit
769 2123 862 2187 nobis
884 2132 1053 2187 maternum
1075 2122 1202 2185 miscri-
1248 2125 1388 2204 postulet
1404 2124 1462 2188 bac
1479 2126 1598 2188 retieret
1616 2125 1721 2188 Deum
1735 2131 1890 2205 prouocat.
1913 2146 1951 2189 ne
1965 2124 2129 2206 pudefient
2145 2127 2232 2204 iusti,

227 2213 356 2280 cordiae
377 2212 499 2288 foedus,
523 2212 615 2275 cuius
637 2211 744 2292 potius
765 2230 884 2273 nomen
903 2209 938 2271 iu
955 2209 1105 2290 precibus
1127 2230 1203 2272 nos·
1255 2209 1310 2274 sed
1336 2232 1393 2274 suo
1419 2211 1555 2291 eumiple
1576 2212 1738 2293 eripuntur
1758 2211 1801 2275 ad
1821 2212 1893 2275 bene
1914 2212 2113 2292 mucidum.
2165 2209 2232 2276 Une

228 2301 291 2364 tris
319 2297 582 2381 praetendamus.
627 2296 671 2359 Et
698 2296 847 2376 queruam
874 2294 944 2358 beni
972 2296 1026 2358 isti
1058 2294 1203 2376 empetri
1254 2297 1320 2359 iam
1339 2297 1470 2360 auderti
1490 2297 1592 2360 sinms
1612 2297 1704 2368 libid.
1725 2301 1775 2374 32,
1794 2297 1846 2380 6).·
1866 2303 2032 2377 pnepterea
2060 2297 2162 2361 orabit
2188 2296 2233 2361 ad

227 2384 279 2450 le
299 2384 400 2448 uerbis
416 2382 619 2464 panaretos
643 2382 745 2445 colunt
766 2381 863 2445 stetui
881 2382 1101 2458 intercessores,
1124 2381 1204 2444 seire
1254 2388 1281 2445 te
1301 2384 1403 2445 ernriis
1424 2387 1548 2446 satietas
1575 2384 1609 2446 in
1636 2388 1768 2463 tenpore
1789 2389 1966 2465 oppenere.
2014 2384 2110 2463 Quen
2132 2384 2232 2448 lecum

228 2491 268 2535 ee
288 2472 371 2550 ipsis
391 2470 497 2546 uelim,
525 2489 582 2533 eirr
604 2469 637 2530 in
660 2472 748 2531 tante
770 2467 860 2530 turba
887 2488 924 2529 ne
945 2467 1112 2530 minimum
1134 2467 1203 2546 qui·
1227 2466 1230 2559 ff
1254 2489 1287 2532 ee
1306 2467 1451 2531 libentius
1470 2469 1565 2532 citavi
1592 2470 1674 2549 qued
1695 2491 1755 2531 nen
1775 2470 1893 2548 puduit
1913 2468 2056 2547 rabulum
2083 2470 2139 2550 qui
2162 2489 2233 2548 epe·

228 2557 298 2621 dem
318 2555 406 2635 apud
425 2576 476 2619 ees
496 2555 595 2617 mentri
621 2553 754 2616 obtineat
775 2552 954 2629 Abrabam,
980 2553 1123 2617 ecclesiae
1144 2572 1204 2633 pa·
1254 2575 1324 2617 rem
1343 2555 1468 2636 linquae
1483 2556 1660 2617 muiteriae
1677 2557 1719 2619 ud
1736 2556 1944 2635 deterisieuen
1959 2560 2100 2636 papatus
2120 2555 2231 2631 locant,

227 2646 280 2707 ter.
326 2641 381 2705 Ee
407 2662 472 2722 que
501 2640 630 2703 cetlucie
651 2638 713 2703 sibi
736 2639 900 2703 aduocatos
926 2644 1054 2703 sumeret
1075 2639 1203 2702 minime
1254 2660 1325 2705 eum
1341 2640 1496 2704 obtendere
1511 2640 1554 2703 ad
1566 2640 1763 2720 prebendam
1773 2646 1965 2706 mertuorum
1975 2641 2229 2706 intercessionem

227 2729 366 2811 ipsetum
396 2732 448 2790 est.
504 2725 682 2801 Abrabam,
716 2745 805 2805 quem
833 2723 924 2788 Deus
955 2726 1032 2788 aliis
1063 2724 1203 2788 muribus
1227 2748 1231 2811 t
1258 2726 1358 2807 Quasi
1379 2747 1449 2789 cero
1471 2726 1561 2790 atiud
1582 2727 1654 2790 uelit
1673 2726 1783 2792 Dauid
1804 2748 1900 2808 quem
1919 2728 2055 2808 fraretum
2072 2725 2230 2790 osteridere

221 2813 383 2895 praetulit,
405 2818 543 2893 atquem
564 2812 663 2875 euenit
683 2813 719 2873 in
739 2831 896 2875 samnium
918 2810 1043 2874 teneris
1057 2810 1203 2892 predium,
1227 2816 1231 2897 1
1254 2813 1310 2893 qui
1331 2833 1370 2876 ee
1391 2810 1455 2875 Dei
1476 2812 1636 2876 eiunctio
1657 2818 1684 2875 et
1703 2814 1857 2894 facilitate
1879 2815 2038 2894 moneniet
2058 2812 2111 2875 ubi
2132 2831 2229 2875 esau

227 2900 341 2982 neplipi
362 2920 399 2964 ae
420 2899 582 2978 supprimi
603 2917 700 2978 quam
721 2903 956 2960 consentaneum
982 2898 1034 2975 sit,
1055 2896 1136 2959 milii
1157 2917 1204 2959 re
1254 2899 1340 2962 ditius
1360 2897 1465 2977 fueri.
1508 2898 1611 2978 Atque
1636 2898 1691 2963 trec
1717 2901 1752 2961 in
1775 2920 1883 2981 penere
1909 2900 2073 2964 umam
2092 2902 2151 2975 est,
2178 2918 2231 2962 ez·

226 2987 403 3066 spondeant.
446 2985 566 3064 Nempe
586 3003 684 3064 quum
698 2983 811 3064 palam
833 2988 911 3046 esset
930 2982 1023 3046 talem
1043 3002 1137 3046 teum
1156 3002 1204 3045 ee·
1227 2920 1231 3064 l
1249 2984 1438 3064 perierniem
1456 2986 1581 3066 pratiae
1598 2984 1671 3062 Dei,
1693 2990 1758 3048 tem
1774 3006 1850 3068 erpa
1866 3006 1923 3049 nes
1939 3005 2036 3064 eiiam
2052 3005 2125 3066 erpa
2142 2984 2232 3062 alies,

225 3071 287 3135 teri
313 3070 455 3134 neem
480 3070 582 3150 fuisse
608 3070 810 3151 inmpniturn,
838 3070 974 3149 pune,
1007 3068 1204 3132 acuittendue
1255 3090 1315 3133 nen
1337 3069 1465 3151 culpare
1490 3091 1555 3134 esse
1582 3071 1809 3135 adminiculum
1830 3072 1872 3135 ad
1896 3070 2141 3149 contristandam
2158 3090 2233 3151 pro-

227 3156 373 3219 nouitatis
394 3175 500 3233 ceusu,
522 3156 561 3218 de
581 3156 723 3236 antiquis
739 3155 888 3237 patribus
908 3154 1017 3233 silere;
1044 3176 1080 3218 uc
1101 3155 1132 3218 si
1152 3175 1204 3218 no
1255 3157 1441 3220 missionum
1471 3156 1563 3220 illius
1591 3158 1692 3236 lidan.
1745 3157 1818 3221 Non
1842 3158 1935 3222 recito
1956 3158 2115 3238 plurimes
2144 3157 2231 3233 loces,

227 3242 349 3305 minum
369 3241 539 3305 diuersitas
559 3247 704 3306 recentem
725 3247 753 3304 et
774 3241 986 3306 adulumrium
1012 3261 1128 3304 merern
1154 3261 1204 3304 ee·
1255 3241 1428 3306 ubiDaeid
1442 3242 1508 3305 Dei
1525 3242 1669 3321 benefida
1690 3242 1751 3305 sibi
1767 3244 1917 3325 proponit
1936 3244 1973 3306 in
1988 3243 2125 3323 fiduciae
2140 3248 2234 3306 matc-

226 3332 357 3392 eusaret
404 3326 493 3407 Quod
513 3331 616 3390 eidem
638 3327 788 3391 obiiciunt
809 3328 941 3407 quidam
962 3328 1071 3410 reperi
1089 3327 1204 3403 Deum,
1254 3328 1348 3404 mem,
1367 3328 1444 3406 quia
1457 3327 1656 3393 Psatmerum
1672 3328 1835 3393 udonibus
1850 3333 1957 3410 sponte
1972 3334 2137 3392 comment
2167 3327 2236 3393 Hac

226 3417 262 3476 ut
289 3415 326 3475 iu
354 3412 494 3478 Doridis
518 3413 656 3493 qratiam
672 3413 787 3492 pepidi
813 3414 1011 3491 misereatur,
1040 3413 1116 3477 adeo
1142 3433 1204 3476 nen
1255 3415 1339 3478 ean
1359 3433 1416 3477 siro
1436 3414 1574 3493 aenne
1590 3417 1686 3495 prius
1702 3416 1847 3479 deamat
1864 3414 1958 3478 Iacob
1975 3414 2076 3496 (Gon.
2091 3418 2142 3493 32,
2165 3414 2236 3498 10).·

227 3499 424 3579 suffrepatur
445 3517 552 3561 aarum
569 3498 680 3576 errori,
703 3503 737 3561 ut
758 3499 802 3562 ad
823 3500 891 3562 eius
907 3500 1122 3579 refutationem
1138 3519 1205 3562 rne-
1254 3501 1359 3562 minor
1375 3518 1447 3561 mern
1463 3502 1581 3564 minatis
1597 3501 1849 3566 meuatiembus
1867 3501 1931 3565 tuis
1948 3505 1977 3564 et
1993 3502 2122 3565 cereae
2137 3520 2236 3581 qaam

226 3584 312 3647 aime
340 3585 383 3646 sit
410 3583 529 3663 efficat.
575 3583 662 3647 Nam
687 3585 719 3646 si
741 3585 957 3664 expendimus.
985 3607 1081 3665 mrem
1096 3605 1205 3666 perse
1250 3586 1440 3666 praestitisti
1459 3605 1545 3650 seruo
1562 3592 1631 3664 tue,-
1652 3589 1685 3649 in
1703 3587 1811 3651 baculo
1828 3607 1895 3651 mee
1910 3587 2046 3650 nannet
2065 3587 2234 3652 lordum

224 3688 302 3734 nem
321 3669 507 3733 sustinuerit
517 3668 637 3746 Dauid,
659 3675 838 3752 seprepatur
858 3671 898 3734 ab
919 3673 1004 3734 omui
1025 3678 1204 3735 sanderum
1255 3673 1368 3749 istum;
1389 3676 1418 3735 et
1439 3693 1521 3735 nuria
1541 3693 1610 3736 mm
1630 3674 1752 3737 diiabus
1773 3674 1887 3736 tunnis
1907 3672 2056 3755 epredier.
2094 3671 2233 3736 Premis·

224 3760 316 3831 caetu,
338 3759 374 3819 ut
393 3756 474 3835 qued
494 3757 530 3818 iu
547 3757 732 3819 eius-manu
748 3761 876 3837 pactum
893 3756 982 3821 Deus
999 3757 1122 3839 pepipit
1142 3762 1205 3820 aa
1255 3758 1374 3822 sienem
1400 3760 1525 3838 quidem
1556 3759 1683 3841 allepat,
1716 3760 1771 3822 sed
1796 3779 1858 3823 nen
1885 3758 2001 3838 selam,·
2031 3760 2108 3840 puin
2135 3757 2233 3821 simul

224 3840 322 3905 biliat.
368 3840 422 3904 Itu
448 3846 476 3905 et
501 3842 636 3922 foederis
659 3843 769 3921 petius
795 3863 892 3923 quam
919 3843 1056 3906 leontinis
1076 3842 1205 3906 babetur
1256 3844 1394 3923 effectum
1415 3845 1581 3926 eeriiunpit,
1603 3866 1663 3924 que
1684 3846 1860 3908 eriimesius
1879 3844 2080 3924 infuturum
2100 3842 2233 3922 confidet

224 3928 317 4004 ratio,
340 3933 368 3989 et
388 3926 447 3990 sub
466 3926 574 4009 fipura
593 3925 714 3991 Cbristi
736 3929 913 3994 intercessio
929 3929 1025 3992 unica
1042 3929 1204 3992 asseritur.
1256 3930 1385 3992 eundem
1405 3951 1481 4016 erpa
1501 3950 1534 3994 se
1552 3930 1657 3995 Deum
1682 3931 1758 4011 fere
1804 3931 1912 4010 Neque
1938 3933 2021 3995 enim
2044 3929 2162 3995 emilis
2187 3933 2235 3992 est

227 4010 315 4075 Nem
342 4014 424 4092 qued
451 4014 613 4095 stupratore
642 4014 706 4094 suit
733 4013 870 4092 Doridi,
903 4020 1055 4095 φιαὶεηιιε
1085 4012 1204 4078 Christi
1255 4015 1450 4093 mortalibus,
1480 4036 1557 4096 ques
1577 4017 1776 4082 liberalitatis
1796 4037 1873 4081 suae
1893 4018 2006 4095 tama,
2030 4016 2078 4080 nel
2098 4033 2235 4094 etenim

225 4098 331 4180 imape
350 4098 421 4177 tuit,
443 4101 479 4161 in
501 4100 584 4164 alies
604 4121 667 4163 ren
688 4106 853 4179 competere
874 4107 991 4164 eertum
1011 4107 1064 4164 est.
1255 4099 1444 4164 eebauritur
1457 4102 1611 4182 faculam
1628 4103 1682 4166 sed
1698 4125 1720 4166 e
1733 4105 1868 4184 proprie
1887 4110 2000 4168 natiue
2015 4101 2235 4166 aastimartdus

312 4188 361 4247 26.
398 4182 466 4249 Sed
483 4185 545 4249 hoc
562 4185 719 4267 quosdam
737 4187 862 4251 scilicet
878 4196 989 4251 movet
1006 4184 1093 4268 quod
1110 4207 1205 4250 sanc-
1256 4192 1314 4264 est,
1342 4188 1422 4251 sieut
1443 4188 1616 4269 pmdertter
1640 4190 1719 4270 facit
1746 4189 1873 4254 Dauid:
1905 4183 2061 4255 redemisti
2091 4208 2153 4264 me,
2186 4188 2236 4250 iu-

224 4277 332 4335 torum
364 4271 528 4336 orationes
561 4292 658 4352 saepe
689 4272 846 4354 leguntur
878 4272 1061 4337 exauditae
1113 4270 1202 4337 Gur?
1255 4273 1323 4354 quit
1354 4272 1457 4355 (Psul.
1483 4277 1538 4352 31,
1562 4274 1613 4357 6),
1646 4275 1737 4340 Deus
1768 4295 1871 4339 veram
1917 4276 2088 4356 Postquam
2119 4275 2236 4338 salutis

224 4376 342 4438 nempe
359 4357 437 4437 quia
454 4365 597 4421 orarunt.
642 4356 684 4419 In
703 4366 735 4421 te
752 4366 979 4439 speraverunt,
1002 4359 1109 4439 inquit
1128 4379 1204 4439 pro-
1256 4379 1333 4423 suae
1355 4358 1479 4423 leudem
1500 4358 1568 4424 Deo
1589 4361 1706 4439 tribuit,
1729 4362 1875 4443 adiunpit
1896 4381 2035 4426 emacuit
2055 4380 2138 4438 esse,·
2159 4360 2237 4440 piria

222 4441 325 4525 pheta
342 4442 445 4526 (Psal
466 4446 519 4518 22,
540 4443 584 4524 5),
605 4447 638 4506 ct
655 4443 739 4507 salvi
757 4444 833 4509 facti
852 4453 945 4524 sunt;
967 4444 1204 4521 clamavenrut,
1258 4445 1323 4508 nisi
1339 4450 1490 4526 perpetue
1511 4447 1631 4512 similis
1652 4449 1705 4512 sui
1725 4453 1817 4524 esset,
1844 4468 1906 4511 neu
1932 4451 2014 4513 setis
2032 4446 2130 4528 firma
2151 4445 2237 4511 sumi

222 4533 258 4592 et
285 4549 353 4593 nou
381 4538 461 4592 sunt
487 4529 623 4593 confusi.
669 4527 811 4594 Oremus
839 4551 917 4613 crgo
945 4540 979 4595 et
1005 4551 1065 4595 nos
1090 4551 1205 4595 eorum
1251 4536 1355 4611 posset
1380 4530 1516 4610 fiduciae
1542 4539 1571 4596 et
1596 4535 1801 4598 invocationis
1821 4535 1903 4599 ratio
1924 4555 1963 4599 ea
1983 4536 2054 4599 eius
2074 4533 2236 4613 benefieiis.

222 4614 387 4697 exemplo,
421 4623 460 4678 ut
489 4635 602 4679 comm
636 4615 743 4678 instar
769 4614 993 4681 exaudiamur.
1040 4616 1088 4681 Hi
1115 4636 1203 4693 vere,
1264 4615 1326 4682 Ubi
1347 4622 1450 4681 autem
1472 4620 1598 4697 sumre,
1620 4621 1739 4700 quoties
1759 4619 1848 4684 nobis
1868 4620 2063 4698 ascribatur,
2085 4620 2237 4701 specimen

222 4708 338 4766 matra
359 4722 458 4783 quam
486 4700 594 4777 decet,
622 4710 832 4784 praepostere
860 4704 1109 4781 ratiocinantur,
1137 4723 1203 4767 nou
1256 4723 1294 4768 ac
1309 4703 1524 4782 probationem
1545 4704 1623 4770 dare
1639 4705 1785 4770 bmiitetis
1805 4727 1882 4770 suae
1903 4711 1931 4770 et
1950 4707 2043 4787 fidei,
2064 4703 2237 4770 timendum

223 4786 415 4851 exauditum
438 4787 479 4849 iri
501 4789 565 4852 nisi
586 4787 642 4869 qui
663 4788 763 4852 semel
781 4789 929 4853 exauditi
946 4800 1032 4855 sunt
1070 4788 1204 4870 Quanto
1255 4809 1317 4852 nou
1344 4793 1404 4866 est,
1426 4811 1558 4871 nespas
1584 4797 1692 4856 nosne
1712 4790 1870 4872 pudefiat,
1899 4794 1948 4857 uel
1973 4813 2030 4857 nes
2055 4792 2236 4873 frustretur.

223 4872 342 4935 melius
359 4872 520 4936 Iambus?
542 4874 644 4949 Elias,
663 4874 910 4959 inquit(lac.b,
933 4876 997 4960 17),
1016 4876 1114 4940 homo
1131 4880 1205 4937 erat
1343 4879 1393 4939 27.
1438 4876 1572 4941 Summa
1602 4876 1676 4941 baec
1707 4879 1764 4956 sit,
1794 4898 1893 4958 quum
1921 4880 2082 4961 scripturo
2109 4879 2144 4941 in
2172 4875 2239 4940 Dei

223 4956 317 5021 nobis
339 4956 472 5035 similis,
495 4966 529 5022 et
546 4960 733 5040 precatione
752 4972 906 5044 precatus
923 4970 982 5039 ost,
1004 4984 1048 5026 ne
1066 4960 1202 5043 plueret,
1255 4961 1340 5026 mltu
1356 4961 1411 5026 bec
1427 4963 1517 5028 nabis
1532 4982 1689 5027 summum
1709 4968 1804 5043 capiat
1825 4965 2017 5039 commendet
2039 4970 2076 5028 ut
2095 4983 2167 5028 aim
2189 4963 2238 5026 in-

222 5047 257 5105 et
277 5060 346 5105 nen
363 5042 449 5125 pluit
466 5065 566 5125 super
583 5053 706 5110 terram
724 5068 828 5111 annos
846 5055 913 5112 tres
931 5056 1111 5112 atinenses
1128 5068 1203 5125 sex;

111 5158 118 5176 ‘
222 5130 1042 5302 fflstugffiugffffldffl‘ffl
1053 5141 1204 5302 {ihm
1255 5167 1545 5303 mmmmm
1560 5168 1722 5220 riemann
1740 5167 1846 5237 (naqa
1865 5171 1952 5223 Aac.
1972 5168 2059 5231 sni)
2078 5169 2239 5223 mauu.-
