4672 5842
100 317 163 379 753
2047 328 2110 391 754

475 315 565 413 ma.
585 314 646 379 rv.
689 316 753 381 nn
776 315 1013 383 sxnnams
1035 317 1200 384 amans
1221 319 1286 384 sn
1310 285 1557 385 saturum
1586 318 1734 385 caru

99 517 181 572 tunc
202 503 333 588 quidem
355 525 422 568 non
444 512 574 568 tantum
596 513 725 569 sanctos
743 505 799 587 qui
819 505 857 569 in
878 514 967 570 terra
984 505 1077 570 habi·
1131 505 1311 590 bigendum
1338 513 1402 584 est3
1432 505 1561 588 quando
1596 508 1666 572 eius
1699 510 1871 591 promissio
1903 510 2015 575 fallere
2041 533 2109 577 non

99 602 174 656 tant
195 589 451 672 comprehendit,
475 589 532 654 sed
549 590 669 655 electos
688 612 801 656 omnes
819 592 875 674 qui
892 591 932 656 ab
951 592 1078 674 origine
1130 601 1251 676 potest:
1281 591 1466 674 ubicunque
1496 592 1560 656 duo
1589 600 1646 665 aut
1674 603 1741 659 tres
1768 597 1957 678 congregati
1985 597 2109 661 fuerint

98 677 215 743 mundi
236 679 377 740 fuerunt.
415 675 521 759 Saepe
543 685 654 740 autem
676 676 829 742 ecclesiae
851 678 984 741 nomine
1001 677 1076 740 uni-
1131 681 1167 742 in
1194 679 1327 743 nomine
1354 699 1442 751 mec,
1470 678 1517 742 ibi
1543 679 1579 741 in
1606 679 1713 743 medio
1735 701 1850 745 eorum
1871 684 1950 746 'sum
1972 681 2107 765 (Matth

98 783 228 829 versam
261 762 432 827 hominum
464 762 711 827 multitudinem
744 763 779 826 in
812 762 889 827 orbe
923 761 1077 827 diffusam
1134 769 1180 843 18,
1202 766 1267 847 20).
1313 762 1382 828 Sed
1407 771 1445 828 ut
1473 784 1636 829 summam
1663 766 1761 831 huius
1787 767 1835 830 rei
1863 766 1987 849 liquido
2016 775 2108 832 tene-

99 849 265 936 designat,
297 869 379 930 quae
407 869 509 911 unum
534 869 569 913 se
590 849 700 912 Deum
723 857 757 912 et
778 848 949 914 Christum
970 849 1077 913 colere
1130 872 1232 929 amus,
1257 851 1308 914 his
1330 850 1432 914 veluti
1455 849 1610 932 gradibus
1627 849 1901 935 progrediendum
1918 862 1980 916 est:
2005 853 2108 918 eccle·

98 936 278 1017 profitetur,
307 933 468 1015 baptismo
489 934 641 998 initiatur
664 935 700 997 in
722 935 792 999 eius
813 934 929 1009 fidem,
958 955 1077 999 coenae
1129 939 1211 1001 siam
1242 935 1463 1001 universalem
1489 956 1560 1000 esse
1588 936 1752 1001 collectam
1787 959 1829 1002 ex
1862 939 2108 1021 quibuscunque

99 1020 349 1103 participatione
370 1019 531 1083 unitatem
553 1020 588 1083 in
610 1040 689 1084 vera
715 1019 865 1085 doctrina
886 1028 920 1083 et
940 1020 1078 1085 caritate
1129 1021 1280 1105 gentibus
1302 1019 1556 1100 multitudinem,
1579 1043 1662 1103 quae
1679 1023 1861 1089 intervallis
1879 1024 2024 1088 locorum
2042 1023 2109 1090 dis·

101 1115 261 1183 testatur,
304 1106 547 1170 consensionem
585 1104 683 1170 babet
718 1106 753 1169 in
788 1105 888 1172 verbo
929 1106 1075 1183 Domini,
1130 1110 1248 1173 sitast
1270 1106 1429 1189 dispersa,
1459 1107 1494 1171 in
1522 1128 1622 1170 unam
1650 1118 1759 1172 tamen
1787 1108 1918 1174 divinae
1941 1108 2108 1175 doctrinae

100 1203 197 1275 atque
215 1193 257 1256 ad
279 1193 348 1256 eius
370 1190 646 1273 praedicationem
667 1193 887 1256 ministerium
904 1198 1078 1257 conservat
1129 1195 1301 1259 veritatem
1334 1194 1508 1269 consentit,
1541 1202 1576 1255 et
1604 1193 1758 1258 eiusdem
1779 1195 1947 1279 religionis
1975 1195 2107 1261 vinculo

99 1279 275 1344 aOhristo
301 1278 500 1342 institutum.
546 1278 587 1342 In
617 1278 678 1342 hac
706 1288 816 1343 autem
842 1278 977 1360 plurimi
999 1284 1077 1341 sunt
1129 1280 1281 1362 colligata
1314 1288 1372 1343 θεῖ.
1419 1277 1491 1343 Sub
1524 1278 1586 1344 hac
1618 1280 1665 1342 ita
1696 1280 1927 1362 comprehendi
1960 1281 2107 1364 singulas

99 1366 255 1447 permixti
273 1363 474 1448 hypocritae,
493 1365 550 1446 qui
567 1364 650 1427 nihil
663 1363 789 1429 Christi
806 1363 931 1428 habent
946 1372 1078 1445 praeter
1130 1366 1291 1442 ccclesias,
1315 1386 1398 1446 quae
1415 1363 1593 1447 oppidatim
1615 1372 1649 1429 et
1670 1366 1803 1430 vicatim
1825 1388 1883 1448 pro
1905 1367 2107 1432 necessitatis

99 1451 235 1515 titulum
256 1459 289 1514 et
311 1450 467 1532 speciem3
489 1448 625 1531 plurimi
642 1450 816 1527 ambitiosi,
839 1450 940 1528 avari,
962 1448 1076 1527 invidi,
1131 1453 1296 1516 humanae
1326 1452 1453 1514 ratione
1487 1449 1660 1532 dispositae
1694 1460 1787 1529 sunt,
1825 1461 1864 1515 ut
1895 1474 2108 1535 unaquaeque

99 1536 264 1615 maledici,
298 1535 400 1618 aliqui
431 1535 618 1617 impurioris
651 1537 755 1612 vitae,
789 1537 845 1618 qui
874 1536 915 1599 ad
948 1544 1078 1616 tempus
1130 1558 1251 1601 nomen
1279 1543 1313 1600 et
1333 1537 1541 1600 autoritatem
1569 1536 1723 1601 ecclesiae
1750 1538 1821 1600 iure
1850 1538 1996 1602 obtineat
1999 1562 2010 1619 ,·
2039 1539 2108 1603 sin-

99 1623 297 1699 tolcrantur,
331 1622 384 1686 vel
413 1623 489 1703 quia
515 1621 662 1704 legitimo
689 1620 809 1686 iudicio
842 1621 991 1687 convinci
1019 1640 1077 1683 ne-
1131 1623 1223 1706 gulos
1242 1622 1400 1698 homines,
1420 1622 1476 1703 qui
1491 1623 1620 1703 pietatis
1638 1622 1839 1705 professione
1856 1623 1945 1685 inter
1955 1622 2108 1688 ecclesias

99 1718 239 1791 queunt,
266 1707 319 1773 vel
346 1709 423 1789 quia
451 1729 517 1770 non
545 1728 674 1788 semper
702 1728 741 1772 ea
769 1709 858 1789 vigct
885 1706 1077 1787 disciplinae
1130 1708 1288 1773 eiusmodi
1310 1714 1501 1784 censentur,
1535 1708 1662 1772 etiamsi
1685 1708 1726 1772 ab
1748 1708 1883 1773 ecclesia
1905 1709 1973 1772 sint
1993 1730 2109 1774 revera

100 1795 258 1859 severitas
281 1815 364 1877 quae
386 1791 532 1858 debebat.
578 1792 863 1873 Quemadmodum
885 1814 962 1875 ergo
984 1791 1078 1856 nobis
1130 1794 1294 1872 extranei,
1328 1792 1369 1857 ad
1397 1794 1502 1875 ipsam
1528 1800 1640 1857 tamen
1670 1793 1907 1876 quodammodo
1933 1795 2107 1875 pertinere,

100 1880 313 1956 invisibilem,
343 1879 444 1943 solius
466 1879 531 1943 Dei
552 1878 654 1944 oculis
676 1881 885 1961 conspicuam
907 1877 1079 1943 ecclesiam
1131 1880 1232 1944 donec
1266 1879 1395 1961 publico
1426 1878 1545 1943 iudicio
1578 1880 1786 1943 exterminati
1818 1880 1948 1943 fuerint
1993 1878 2108 1959 Quan-

100 1966 232 2031 credere
253 1985 386 2043 necesse
409 1973 472 2043 est,
501 1966 547 2027 ita
569 1964 669 2041 hanc,
696 1985 779 2046 quae
800 1971 951 2047 respectu
973 1963 1077 2027 homi-

100 2073 180 2116 num
202 2051 338 2117 ccclesia
360 2049 493 2127 dicitur,
522 2051 696 2115 observare
716 2052 848 2132 eiusque
876 2050 1077 2114 communio-

101 2158 178 2201 nem
199 2137 305 2202 colere
325 2136 484 2200 iubemur.

186 2228 215 2287 8.
270 2221 429 2300 Proinde,
462 2232 624 2304 quatenus
646 2242 719 2286 eam
752 2241 928 2305 agnoscere
964 2230 1078 2286 nostra

101 2310 270 2385 intererat,
304 2308 469 2372 Dominus
496 2309 594 2372 certis
621 2309 708 2372 notis
737 2314 770 2370 et
797 2308 889 2390 quasi
921 2307 1077 2390 symbolis

100 2394 194 2459 nobis
222 2394 414 2476 designavit.
460 2394 552 2458 Haec
578 2393 710 2476 quidem
739 2393 915 2476 singularis
941 2401 992 2456 θεῖ
1012 2392 1078 2458 Dei

100 2481 203 2562 ipsius
226 2481 460 2563 praerogativa,
483 2500 579 2545 nosse
600 2481 656 2562 qui
679 2481 730 2544 sui
752 2480 832 2557 sint,
856 2488 894 2542 ut
915 2499 1014 2559 cupro
1035 2479 1078 2542 ci·

100 2567 236 2631 mamus
257 2586 296 2631 ex
316 2566 429 2630 Paulo.
474 2566 520 2630 Et
541 2573 629 2631 certe
650 2587 692 2630 ne
715 2565 887 2629 hominum
910 2563 1078 2628 temeritas

101 2672 139 2717 eo
161 2674 196 2717 se
217 2651 400 2735 proriperet
421 2653 589 2733 provisum
610 2661 675 2729 est,
702 2653 773 2734 ipso
793 2649 936 2733 quotidie
958 2658 1078 2714 eventu

100 2738 312 2817 admonente,
336 2759 435 2820 quam
461 2737 559 2821 longe
587 2759 720 2803 sensum
742 2746 893 2802 nostrum
926 2743 1081 2818 superent

99 2845 219 2890 areana
239 2824 331 2888 illius
350 2821 478 2888 iudicia.
515 2825 602 2889 Nam
624 2824 734 2906 etqui
755 2821 967 2906 perditissimi
988 2818 1079 2886 vide-

99 2911 229 2989 bantur,
251 2911 414 2993 planeque
437 2909 596 2992 deplorati
616 2909 757 2985 fuerant,
780 2910 851 2972 eius
875 2908 1020 2972 bonitate
1042 2908 1078 2970 in

99 2997 187 3060 viam
208 3003 421 3074 revocantur;
445 3005 478 3060 et
499 2998 555 3078 qui
571 3015 651 3079 prae
670 2995 849 3059 elisatam
870 2992 1077 3070 videbantur,

98 3103 195 3164 saepe
233 3090 399 3147 corruunt.
453 3081 571 3164 Itaque
610 3079 788 3146 secundum
822 3078 982 3144 occultam
1013 3079 1078 3143 Dei

98 3166 438 3248 praedestinationem,
456 3175 495 3230 ut
512 3168 619 3250 iuquit
637 3167 851 3250 Augustinus,
870 3164 894 3249 ¹)
916 3164 1078 3246 plurimae

99 3262 178 3316 sunt
197 3253 276 3317 foris
298 3274 389 3331 oves,
417 3253 552 3334 plurimi
573 3252 641 3335 lupi
663 3253 763 3318 intus.
808 3252 910 3316 Novit
932 3251 1020 3314 enim
1041 3270 1079 3315 ac

100 3337 246 3419 signatos
268 3338 368 3404 habet
389 3340 444 3420 qui
465 3359 624 3403 naccum
646 3360 706 3403 nec
730 3359 764 3402 se
786 3347 917 3402 norunt.
963 3338 1016 3400 Ex
1038 3336 1078 3401 iis

100 3430 210 3486 autem
232 3425 287 3505 qui
314 3425 425 3506 palam
449 3426 520 3489 eius
545 3424 657 3489 femnt
678 3425 823 3507 signum,
852 3423 953 3506 ipsius
980 3421 1078 3486 unius

101 3508 185 3572 oculi
211 3508 324 3573 vident
350 3511 461 3592 quiet
487 3512 558 3575 sine
584 3510 715 3574 fictione
742 3509 847 3574 sancti
876 3510 957 3587 sint,
988 3507 1077 3572 etin

100 3596 201 3658 finem
223 3616 326 3676 usque
347 3598 601 3678 perseveraturi:
629 3593 717 3678 quod
738 3595 872 3659 demum
893 3603 944 3659 est
964 3594 1079 3659 salutis

101 3690 208 3763 caput.
258 3681 406 3745 Rursum
433 3688 559 3759 tamen,
587 3684 663 3764 quia
689 3681 895 3764 aliquatenus
923 3679 1078 3762 expedire

100 3766 304 3849 providebat,
322 3775 360 3829 ut
380 3768 536 3832 sciremus
554 3770 610 3850 qui
626 3767 720 3832 nobis
738 3765 879 3832 habendi
897 3786 957 3849 pro
975 3766 1078 3847 ipsius

100 3852 177 3917 filiis
200 3862 318 3928 essent,
343 3852 404 3916 hac
421 3853 456 3915 in
474 3861 566 3933 parto
584 3874 619 3918 se
640 3854 750 3936 captui
768 3860 879 3918 nostro
898 3871 1078 3916 accommo-

99 3938 201 4003 davit.
250 3939 298 4002 Et
323 3937 478 4019 quoniam
505 3937 580 4002 fidei
611 3937 770 4004 certitudo
799 3938 984 4003 necessaria
1010 3957 1079 4001 non

102 4033 180 4103 erat,
205 4021 367 4106 quoddam
385 4024 531 4087 caritatis
546 4023 702 4088 indicium
718 4026 789 4090 eius
807 4025 877 4090 loco
893 4023 1077 4089 substituit:

102 4131 165 4192 quo
186 4131 246 4192 pro
268 4109 422 4175 ecclesiae
448 4109 604 4174 membris
625 4131 847 4193 agnoscamus,
869 4111 923 4192 qui
947 4119 980 4174 et
1001 4109 1078 4174 fidei

103 4197 313 4275 confessione,
332 4203 365 4258 et
383 4197 468 4259 vitae
486 4194 644 4276 exemplo,
662 4204 695 4259 et
712 4205 990 4262 sacramentorum
1003 4216 1078 4277 par-

103 4281 291 4364 ticipatione
325 4281 465 4345 eundem
500 4278 668 4345 nobiscum
694 4282 804 4345 Deum
839 4303 876 4346 ac
907 4281 1078 4348 Christum

102 4369 305 4449 profitentur.
360 4367 468 4449 Ipsius
500 4375 612 4430 autem
638 4369 780 4448 corporis
817 4368 983 4445 notiam,
1016 4390 1079 4451 quo

102 4454 209 4536 magia
235 4454 332 4517 saluti
359 4462 489 4518 nostrae
517 4452 736 4516 necessariam
763 4473 833 4517 esse
860 4462 1010 4531 noverat,
1042 4475 1079 4519 eo

103 4540 296 4604 certioribus
318 4541 405 4604 notis
428 4536 677 4604 commendavit.

192 4629 219 4689 9.
269 4625 358 4689 Hinc
385 4624 533 4689 nascitur
558 4622 651 4688 nobis
679 4631 713 4688 et
737 4627 876 4707 emergit
907 4627 1081 4707 conspicua

104 4710 207 4775 oculis
228 4712 350 4776 nostris
371 4711 524 4776 ecclesiae
541 4710 647 4775 facies.
686 4708 752 4776 Ubi
771 4710 859 4774 enim
876 4731 1006 4793 cunque
1017 4712 1081 4777 Dei

105 4794 241 4860 verbum
264 4798 387 4862 sincere
408 4795 590 4878 praedicari
612 4803 710 4878 atque
740 4793 861 4875 audiri,
889 4794 944 4860 ubi
973 4818 1080 4863 sacra·

105 4890 217 4946 menta
248 4905 289 4947 ex
321 4883 448 4948 (lhristi
483 4882 634 4947 instituto
666 4881 902 4968 administrari⁴
921 4882 1079 4963 videmus,

104 4965 173 5030 illic
200 4968 342 5052 aliquam
372 4989 442 5034 esse
470 4967 536 5033 Dei
564 4969 734 5034 ecclesiam
763 4968 855 5033 nullo
887 4967 983 5033 modo
1011 4990 1079 5034 arn-

175 5244 203 5308 1)
223 5244 324 5301 Homil.
342 5241 384 5297 45.
403 5244 432 5295 in
449 5243 543 5296 Iouna.
560 5259 583 5297 c.
602 5243 642 5298 12.

212 5327 324 5383 mains·
338 5344 431 5396 opera.
470 5325 527 5382 Vos
546 5325 590 5381 11.

1129 1987 1228 2048 quam
1249 1965 1349 2048 paulo
1371 1965 1501 2029 diversa
1518 1966 1620 2029 estin
1642 1965 1779 2047 privatis
1802 1964 1989 2030 hominibus
2011 1977 2108 2048 atque
2185 1984 2191 1989 ·

1129 2053 1164 2115 in
1197 2051 1341 2117 ecclesiis
1376 2050 1586 2116 aestimandis
1620 2052 1713 2115 ratio.
1768 2051 1840 2116 Usu
1873 2051 1961 2114 enim
1994 2052 2108 2115 venire

1129 2146 1250 2219 potest,
1280 2143 1317 2200 ut
1342 2157 1424 2219 quos
1445 2157 1513 2200 non
1534 2137 1667 2200 omnino
1690 2137 1877 2219 putabimus
1900 2136 2016 2219 dignos
2037 2156 2107 2201 esse

1129 2224 1258 2305 piorum
1281 2223 1451 2295 consortio,
1474 2229 1616 2287 tractare
1638 2231 1750 2286 tamen
1772 2224 1877 2286 instar
1897 2222 2051 2301 fratrum,
2075 2230 2109 2287 θῖ

1129 2307 1275 2373 fidelium
1296 2309 1367 2373 loco
1389 2308 1510 2373 habere
1533 2307 1723 2384 debeamus,
1747 2315 1880 2390 propter
1901 2308 2108 2372 communem

1130 2395 1284 2460 eeclesiae
1304 2414 1516 2472 consensum,
1545 2415 1608 2475 quo
1634 2394 1787 2457 fenmtur
1814 2401 1847 2457 et
1868 2394 2051 2456 tolerantur
2073 2394 2109 2457 in

1130 2479 1256 2545 Christi
1278 2500 1420 2562 corpore.
1466 2480 1563 2544 Tales
1585 2479 1742 2562 suffragio
1765 2488 1876 2544 nostro
1898 2499 1965 2544 non
1991 2499 2108 2561 appro-

1129 2566 1247 2631 bamus
1268 2587 1340 2630 esse
1363 2564 1517 2630 ecclesiae
1537 2565 1699 2644 membra;
1731 2563 1788 2630 sed
1810 2586 1908 2646 quem
1930 2566 1965 2628 in
1987 2564 2108 2647 populo

1130 2650 1195 2716 Dei
1218 2653 1325 2716 locum
1345 2658 1475 2729 tenent,
1498 2650 1563 2714 illis
1585 2650 1814 2733 relinquimus,
1838 2649 1940 2715 donec
1962 2649 2108 2732 legitimo

1130 2738 1201 2802 iure
1221 2737 1392 2802 adimatur.
1437 2738 1484 2800 At
1511 2736 1551 2800 de
1579 2737 1650 2817 ipsa
1671 2734 1884 2801 multitudine
1911 2735 2006 2800 aliter
2033 2757 2108 2800 sen-

1131 2822 1280 2888 tiendum
1306 2831 1368 2887 est:
1403 2842 1485 2904 quae
1513 2821 1541 2886 si
1566 2822 1784 2887 ministerium
1811 2821 1911 2885 habet
1936 2821 2042 2899 verbi,
2077 2825 2111 2884 et

1131 2909 1280 2987 honorat,
1302 2909 1331 2972 si
1352 2917 1632 2973 sacramentorum
1653 2907 1984 2985 administrationem,
2008 2905 2110 2972 eccle·

1130 2997 1180 3061 sie
1197 2995 1309 3077 procul
1328 2993 1426 3058 dubio
1438 2993 1552 3058 haberi
1569 3001 1603 3058 et
1620 2995 1747 3059 censeri
1764 3001 1923 3058 meretur:
1944 2993 2021 3075 quia
2038 2993 2109 3057 sine

1130 3082 1239 3146 fructu
1257 3080 1314 3143 illa
1330 3100 1397 3143 non
1414 3099 1484 3144 esse
1502 3086 1629 3144 certum
1646 3087 1704 3144 est.
1741 3079 1795 3143 Ita
1812 3085 1846 3143 et
1862 3077 2017 3142 ecclesiae
2034 3079 2109 3141 uni-

1130 3167 1250 3233 versali
1282 3186 1376 3230 suam
1408 3186 1577 3230 servamus
1610 3166 1783 3242 unitatem,
1816 3184 1915 3247 quam
1949 3162 2109 3228 dissecare

1130 3274 1259 3336 semper
1286 3250 1483 3316 studuerunt
1501 3249 1651 3316 diabolici
1675 3251 1821 3332 spiritum
1850 3270 1911 3314 nec
1929 3258 2108 3314 conventus

1130 3340 1308 3422 legitimos,
1338 3338 1393 3420 qui
1420 3358 1480 3419 pro
1507 3336 1653 3401 locorum
1670 3336 1914 3419 opportunitate
1942 3333 2109 3399 distributi

1130 3433 1215 3503 sunt,
1237 3444 1297 3489 sua
1318 3422 1494 3488 autoritate
1515 3422 1714 3487 fraudamus.

1219 3515 1265 3574 10.
1297 3508 1456 3592 Symbola
1473 3508 1627 3574 ecclesiae
1645 3506 1894 3592 dignoscendae,
1912 3505 2109 3588 verbiprae-

1130 3596 1325 3661 haconem
1356 3603 1697 3676 sacramentorumque
1718 3594 1978 3658 observationem
1999 3593 2109 3674 posui·

1130 3703 1212 3746 mus.
1256 3681 1343 3745 Nam
1368 3680 1449 3745 haec
1476 3701 1640 3762 nusquam
1666 3701 1736 3744 esse
1762 3686 1901 3762 possunt
1921 3679 2000 3760 quin
2021 3679 2109 3741 fruc·

1130 3769 1262 3846 tificent,
1285 3776 1318 3831 et
1334 3766 1400 3830 Dei
1417 3765 1640 3831 benedictione
1658 3774 1898 3847 prosperentur.
1932 3763 2007 3826 Non
2026 3762 2107 3839 dico,

1130 3855 1314 3934 ubicunque
1347 3851 1553 3934 praedicatur
1581 3852 1731 3925 verbum,
1763 3849 1831 3911 illic
1859 3849 2001 3911 fructum
2030 3867 2108 3910 mox

1130 3941 1266 4017 exoriri3
1292 3938 1351 4003 sed
1371 3938 1489 4002 nullibi
1515 3936 1615 4018 recipi
1637 3945 1670 3998 et
1698 3942 1818 3999 statam
1845 3932 1965 3996 habere
1987 3931 2107 4012 sedem,

1131 4027 1195 4091 nisi
1220 4032 1260 4089 ut
1292 4045 1386 4088 suam
1418 4023 1596 4089 efficaciam
1623 4021 1774 4102 proferat.
1824 4018 2017 4101 Utcunque,
2051 4017 2108 4083 ubi

1130 4117 1320 4177 reverenter
1347 4108 1477 4172 auditur
1500 4106 1661 4190 evangelii
1689 4104 1897 4187 praedicatio,
1925 4124 2031 4187 neque
2056 4125 2108 4170 sa·

1131 4205 1298 4261 eramenta
1324 4194 1552 4276 negliguntur,
1579 4191 1646 4256 illic
1673 4213 1731 4274 pro
1754 4211 1791 4254 eo
1814 4198 1975 4273 tempore,
2003 4211 2108 4272 neque

1130 4274 1231 4347 fallax
1253 4301 1359 4362 neque
1381 4279 1535 4362 ambigua
1556 4277 1709 4342 ecelesiae
1727 4284 1862 4359 apparet
1882 4276 1993 4353 facies;
2017 4276 2108 4340 cuius

1131 4368 1186 4433 vel
1207 4367 1414 4432 autoritatem
1436 4385 1603 4447 spernere,
1633 4364 1686 4428 vel
1708 4363 1834 4427 monita
1857 4382 2024 4443 respuere,
2054 4360 2108 4424 vel

1132 4453 1275 4519 consiliis
1303 4452 1475 4533 refragari,
1508 4450 1560 4515 vel
1588 4449 1816 4533 castigationes
1843 4447 1955 4511 ludere
1982 4446 2108 4509 nemini

1131 4541 1266 4621 impune
1292 4538 1384 4617 licct;
1410 4537 1514 4601 multo
1539 4536 1650 4599 minus
1678 4537 1719 4600 ab
1742 4556 1780 4598 ca
1801 4534 1952 4610 deficere,
1979 4553 2016 4596 ac
2038 4531 2108 4596 eius

1132 4626 1325 4706 abrumpere
1362 4624 1532 4688 unitatem.
1587 4623 1685 4686 'Danti
1718 4621 1806 4686 enim
1845 4618 1998 4683 ccclesiae
2030 4638 2109 4682 suae

1132 4711 1395 4776 communionem
1423 4710 1501 4773 facit
1521 4709 1700 4784 Dominus,
1731 4715 1768 4770 ut
1794 4727 1853 4788 pro
1882 4704 2053 4786 transfuga
2074 4709 2109 4766 et

1132 4796 1297 4862 desertore
1319 4795 1487 4878 religionis
1508 4793 1635 4869 habeat,
1658 4793 1843 4876 quicunque
1865 4811 1900 4856 εθ
1923 4811 1942 4853 a
1963 4787 2109 4870 qualibet

1132 4883 1312 4949 christiana
1334 4882 1501 4956 societate,
1523 4899 1606 4961 quae
1628 4877 1724 4962 modo
1745 4898 1862 4943 verum
1883 4874 1975 4939 verbi
1997 4894 2034 4939 ac
2056 4895 2109 4939 sa·

1131 4975 1373 5035 crementorum
1399 4964 1620 5030 ministerium
1642 4963 1740 5041 colat,
1769 4961 2004 5027 contumaciter
2031 4959 2109 5025 alie·

1132 5056 1229 5120 narit
1265 5051 1408 5119 Siccius
1430 5050 1637 5133 autoritatem
1659 5047 1873 5125 commendat,
1897 5056 1934 5111 ut
1956 5045 2035 5110 dum
2052 5045 2110 5111 illa

1132 5141 1287 5217 violatur,
1322 5158 1415 5203 suam
1443 5137 1546 5219 ipsius
1577 5136 1786 5200 imminutam
1811 5141 1950 5200 censeat.
2004 5131 2110 5214 Neque

1132 5228 1216 5292 enim
1231 5225 1328 5307 porci
1353 5224 1497 5289 marcenti
1516 5227 1574 5301 est,
1597 5222 1679 5305 qaod
1699 5225 1824 5286 υοθαῖιθν
1844 5220 1986 5286 elcana
2007 5225 2035 5284 ct
2054 5218 2111 5299 fir·
