4672 5842
158 283 243 345 1027
798 274 1067 343 INSTITUTIO
1088 275 1194 340 REL.
1217 272 1399 342 CHRIST.
1424 278 1533 380 1559,
2083 275 2165 338 1028

162 468 344 550 simpliciter
369 465 540 546 discipulos
564 464 685 545 faciant
713 464 847 530 mulctas
869 471 957 529 testes
983 484 1139 543 ascensus,
1190 465 1310 547 ubique
1342 473 1380 526 ut
1407 464 1508 528 Dana.
1560 438 1736 528 Sublicitur
1761 483 1833 526 man
1859 462 1957 526 ratio:
1990 482 2059 524 una
2087 461 2166 526 enim

163 575 202 618 ne
223 574 286 633 qna
307 553 444 634 supersit
465 550 631 630 dubitatio,
651 552 787 630 perinde
809 571 847 615 aa
868 553 898 615 si
919 552 1069 615 dicerent:
1091 571 1140 614 vo
1185 571 1322 632 persona
1339 549 1429 614 Deus
1446 555 1474 613 et
1494 547 1581 612 homo
1602 555 1654 626 est,
1676 553 1884 629 etntrumque
1905 567 1990 611 unus
2010 546 2167 625 conam

163 640 212 704 bis
238 638 411 703 vidnrtibus
440 637 475 699 in
503 636 617 701 caelum
639 642 775 720 receptus
802 636 922 701 coeleste
949 636 1011 700 sibi
1045 637 1140 717 impe·
1191 637 1304 716 ubique
1315 656 1375 717 per
1396 636 1431 699 id
1451 635 1531 717 quad
1553 640 1598 698 est
1619 633 1718 712 Deus,
1740 635 1773 697 in
1795 635 1875 699 caela
1890 654 1952 714 per
1968 633 2005 697 id
2027 634 2112 714 qnod
2127 638 2168 697 est

163 723 250 789 rium
278 723 429 800 asseruit;
457 727 595 803 superest
623 728 657 785 ut
679 724 838 801 patienter
866 724 1043 803 exspectetis
1064 722 1140 786 dnm
1164 754 1167 819 Ι
1191 722 1287 786 homa.
1338 720 1437 785 Cuius
1470 722 1628 785 socordiae
1659 721 1774 801 fuisset
1806 741 1866 785 nou
1895 721 2036 800 rumpere
2063 739 2168 800 avenae

162 830 279 874 rursus
290 810 558 874 adveniatmundi
573 809 686 886 iudex,
704 810 781 888 quia
798 829 879 873 nurrc
890 809 1006 873 caelum
1022 809 1141 890 inqros-
1164 826 1168 885 Ι
1191 809 1390 890 mysterium,
1412 828 1479 871 rem
1500 807 1575 870 adea
1596 807 1714 871 seriam
1735 811 1921 888 dqrarem,
1951 807 1981 868 si
2003 807 2085 886 quid
2105 804 2168 870 dac·

162 915 219 960 sris
239 917 301 960 non
323 901 374 973 est,
398 900 433 958 ut
454 894 536 958 illud
557 893 643 958 solus
663 899 798 976 occupet,
826 896 881 959 sad
904 899 938 957 ut
964 914 1065 958 secum
1086 914 1140 958 vas
1165 926 1168 959 r
1192 896 1293 958 trinae
1315 915 1409 975 quam
1431 893 1582 956 tractabat
1603 891 1670 957 illie
1689 893 1803 973 fuisset
1824 893 2017 957 adversum?
2060 890 2107 955 Et
2127 895 2169 955 ta

162 988 190 1046 at
208 1002 313 1045 amnes
327 983 402 1062 pias
422 980 552 1063 calliqat.
1165 973 1167 999 '
1192 1001 1261 1045 meu
1295 980 1424 1061 siquis
1450 984 1561 1043 atterite
1586 979 1668 1059 quad
1689 978 1790 1059 paula
1809 984 1883 1060 past
1908 978 2054 1058 sequitur
2083 977 2168 1060 leqat,

250 1070 300 1130 28.
349 1067 503 1147 Quarriam
534 1085 604 1128 vero
620 1071 772 1144 patronos
797 1065 968 1129 adulterini
989 1066 1141 1147 doqmatis
1165 1006 1168 1139 ¹
1193 1067 1325 1146 reperiet
1356 1065 1414 1129 snb
1446 1065 1506 1128 illa
1541 1065 1683 1146 qenerali
1717 1064 1856 1128 doctrina
1889 1084 2017 1128 taetram
2051 1083 2168 1145 quoquc

162 1159 299 1218 veterum
325 1152 489 1234 suffraqiis
510 1149 591 1214 nihil
616 1151 712 1232 pudet
739 1151 822 1215 illud
844 1163 970 1228 aurare,
994 1172 1031 1214 aa
1048 1171 1142 1232 prae-
1165 1144 1169 1203 Ι
1193 1150 1419 1233 comprehendi,
1451 1148 1611 1214 Christum
1639 1151 1836 1232 nniqeniturn
1856 1150 1919 1215 Dei
1946 1149 2069 1230 litim,
2096 1169 2168 1212 erin·

165 1241 275 1305 sertim
304 1238 492 1321 Auqustini‚
519 1257 615 1317 qnam
631 1257 778 1316 perverse
799 1236 834 1299 id
856 1243 1008 1313 canentur,
1025 1238 1142 1319 paucis
1166 1244 1169 1307 ξ
1193 1238 1320 1318 demque
1339 1236 1442 1315 tilium
1463 1236 1613 1313 hominis,
1636 1237 1747 1316 ubique
1767 1242 1863 1301 totum
1878 1240 2078 1316 praesentem
2096 1255 2168 1312 csse,

166 1326 339 1406 expediam.
385 1322 471 1386 Nam
499 1342 595 1402 quum
623 1344 643 1385 a
670 1323 767 1386 doctis
786 1328 814 1386 ct
830 1323 899 1404 piis
920 1324 1001 1386 viris
1022 1323 1142 1388 caheata
1167 1310 1170 1397 ¹
1194 1329 1342 1404 tanquam
1368 1323 1489 1388 Deum:
1517 1323 1550 1385 in
1578 1322 1688 1402 templo
1714 1321 1778 1386 Dei
1812 1322 1880 1406 (hac
1906 1327 1951 1386 est
1972 1323 2009 1384 in
2031 1320 2167 1403 ecclesia)

165 1412 284 1492 suerint
311 1430 415 1474 aarum
443 1409 631 1483 testimonia,
659 1408 727 1472 nola
754 1428 820 1472 rem
847 1413 949 1472 actam
971 1429 1077 1492 aqam,-
1104 1427 1143 1471 ea
1167 1402 1170 1471 Ι
1194 1430 1259 1474 esse
1286 1415 1436 1488 tanquam
1463 1406 1685 1472 inhabitantem
1706 1406 1827 1486 Deum,
1855 1413 1883 1472 ct
1909 1409 1944 1471 in
1972 1409 2037 1472 loca
2064 1407 2167 1488 aliqua

166 1516 272 1562 aarum
293 1493 555 1559 lucubrationibus
570 1498 658 1575 petat
684 1495 740 1574 qni
767 1494 852 1558 valet.
897 1491 947 1557 Ne
974 1515 1011 1558 er·
1033 1494 1144 1575 Auqu
1167 1475 1170 1569 ¹
1194 1495 1282 1572 coeli,
1305 1499 1436 1576 propter
1451 1495 1530 1567 ,veri
1558 1495 1694 1574 carparis
1716 1494 1848 1557 madum.
1902 1493 2056 1558 Videmus
2076 1499 2111 1556 ut
2130 1491 2168 1556 ad

168 1583 250 1647 stinv
277 1581 401 1662 quidem
428 1600 589 1662 aanqeram
611 1600 809 1660 quaecunque
837 1580 879 1645 od
907 1600 971 1643 rem
992 1580 1143 1660 tacerent,
1168 1582 1171 1629 t
1197 1580 1356 1645 Christum
1384 1601 1454 1644 cum
1482 1580 1607 1643 molesia
1629 1580 1813 1659 sarriendum,
1836 1599 1948 1660 aorpus
1969 1581 2076 1643 einse
2096 1578 2167 1644 voela

167 1669 222 1732 sed
249 1671 403 1732 contentus
430 1686 481 1730 era
503 1666 619 1747 paucis
646 1667 815 1743 ostendere,
843 1667 911 1729 sine
938 1667 1144 1730 controversia
1196 1688 1254 1730 nan
1272 1667 1384 1737 eliciat,
1405 1667 1487 1746 quod
1508 1671 1585 1729 certe
1604 1666 1750 1746 facturus
1770 1671 1844 1744 erat,
1866 1667 1897 1729 si
1917 1685 2032 1746 mrpus
2054 1663 2166 1729 Christi

167 1758 263 1818 tatum
284 1773 349 1816 esse
369 1757 517 1816 nastrum.
565 1751 652 1831 Quod
678 1752 870 1828 adversarii,
898 1757 932 1815 ut
960 1773 1030 1815 eum
1059 1751 1144 1815 nobis
1196 1774 1265 1816 vere
1296 1751 1382 1816 cibrrs
1416 1751 1502 1815 nabis
1531 1772 1590 1814 narr
1618 1757 1695 1815 osset
1722 1752 1788 1814 nisi
1815 1751 1871 1815 snb
1892 1773 1979 1831 pane
2007 1751 2166 1815 irrclrasum.

168 1843 379 1919 ettarqrteant.
397 1842 599 1917 praetemunt,
622 1839 749 1919 passim
775 1839 810 1901 in
838 1839 906 1900 eins
934 1837 1026 1901 libris
1042 1857 1145 1902 accurr-
1168 1832 1172 1921 Ι
1195 1839 1286 1902 Alibi
1301 1841 1325 1921 ¹)
1353 1838 1503 1917 rtefiniens
1523 1838 1672 1919 quomoda
1687 1837 1794 1917 fideles
1818 1836 1980 1901 Christum
2003 1858 2086 1900 nunc
2101 1857 2167 1919 pas·

168 1945 245 2002 rere,
264 1944 388 1988 arrrrem
404 1927 431 1986 et
448 1924 632 2004 sanquinem
651 1921 769 1987 Christi
787 1924 968 2004 dispensari
989 1925 1024 1986 in
1042 1943 1143 1999 coena,
1169 1924 1172 2003 ¹
1195 1925 1332 1988 sideont:
1353 1924 1460 2002 habes,
1486 1924 1600 2004 inquit,
1618 1945 1679 2004 per
1695 1925 1821 2006 siqnnm
1837 1925 1958 2002 crucis,
1976 1945 2040 2004 per
2062 1923 2169 2004 baptis-

168 2031 275 2091 nempe
297 2009 454 2072 victimam
475 2007 567 2072 semel
588 2010 623 2071 in
644 2029 732 2072 arurae
749 2007 896 2084 oblatam,
917 2009 1068 2090 frivolum
1085 2014 1145 2072 est:
1169 2028 1172 2083 Ι
1196 2012 1290 2073 matis
1301 2015 1536 2085 sacramentnm,
1549 2031 1610 2089 per
1627 2009 1741 2099 altqris
1757 2009 1859 2073 cibum
1876 2014 1903 2073 et
1914 2015 2037 2089 patum.
2075 2010 2168 2090 Quam

169 2117 265 2178 qunnr
287 2095 382 2159 simul
407 2098 485 2158 vocet
514 2094 561 2158 ael
584 2094 821 2172 eudrnristiam,
849 2095 896 2159 rel
916 2101 1145 2158 sacramentum
1196 2101 1273 2161 recte
1304 2096 1554 2175 superstitiosum
1585 2097 1683 2159 ritum
1709 2096 1791 2159 inter
1815 2095 1953 2177 mnibola
1975 2097 2168 2175 praesentiae

170 2183 315 2263 carparis.
363 2178 521 2244 Caeterum
542 2201 602 2259 qua
623 2201 716 2244 sensu
738 2201 822 2244 voces
840 2183 948 2244 carnis
969 2186 996 2243 et
1018 2182 1145 2263 sanqni·
1170 2222 1173 2279 Ι
1199 2181 1317 2246 Christi
1346 2187 1497 2258 numeret,
1536 2202 1595 2244 rron
1624 2181 1766 2262 disputa;
1792 2182 1846 2246 sed
1874 2182 1931 2261 qni
1959 2182 2168 2261 praesentiam

170 2269 223 2332 nis
250 2271 386 2346 usurpet,
417 2286 474 2329 non
498 2270 542 2330 est
568 2266 649 2345 quad
675 2266 762 2348 lonqa
785 2267 918 2330 circuitu
947 2287 1145 2346 quaeramus,
1197 2269 1304 2332 carnis
1330 2272 1489 2348 comparat
1513 2269 1615 2331 curvis
1642 2268 1744 2348 siqua,
1773 2269 1852 2332 satis
1874 2268 2008 2332 ostendit
2029 2289 2064 2331 se
2087 2267 2168 2331 Chri

170 2353 295 2435 qnando
316 2372 348 2415 se
370 2353 475 2432 ipsum
496 2351 635 2431 captivat,
656 2352 770 2430 dicare,
785 2352 809 2432 ¹)
830 2357 1025 2416 sacramenta
1044 2373 1082 2415 eu
1102 2353 1145 2415 si-
1197 2359 1279 2417 stnm
1300 2354 1486 2434 bicorporem
1509 2374 1567 2417 nan
1587 2353 1715 2434 finqere,
1738 2359 1772 2415 ut
1793 2353 1927 2418 occultus
1948 2353 2007 2416 surb
2022 2373 2110 2433 pane
2130 2353 2168 2416 la·

170 2438 349 2502 militudinc
371 2457 475 2500 rerum
498 2458 577 2517 quas
598 2439 723 2519 siquant
743 2439 869 2501 rronrirra
888 2439 1039 2518 accipere,
1066 2438 1146 2501 idea
1197 2445 1258 2504 teat
1279 2441 1335 2519 qui
1357 2442 1391 2502 in
1412 2439 1490 2502 caela
1511 2439 1647 2502 risibilis
1665 2439 1756 2502 sedet.
1804 2440 1891 2520 Quad
1913 2440 1943 2502 si
1970 2440 2168 2520 caplicatianc

172 2545 230 2605 que
250 2523 417 2588 secundum
439 2523 591 2602 quendam
611 2524 735 2587 madum
759 2529 987 2587 sacramentum
1009 2526 1146 2605 carparis
1170 2492 1174 2627 Ι
1198 2528 1322 2608 indiqet,
1345 2527 1486 2590 carrtirrno
1498 2530 1571 2606 past
1593 2524 1658 2588 illia
1675 2524 1871 2607 wirrrrqitur,
1894 2526 2064 2589 secundum
2078 2543 2169 2604 praa·

172 2630 238 2675 esse
260 2629 379 2689 carpus.
417 2607 478 2673 Cui
499 2609 630 2673 concinit
651 2609 767 2691 alter2)
790 2609 874 2674 lours
891 2611 971 2673 satis
988 2610 1146 2692 ruhqaris:
1170 2630 1174 2653 ¹
1198 2614 1330 2677 sentiam
1357 2612 1530 2674 maiestatis
1560 2631 1615 2674 nas
1641 2631 1761 2690 semper
1787 2610 1897 2674 trabere
1927 2609 2099 2689 Christum·
2125 2630 2170 2673 sc·

172 2718 233 2761 nan
255 2695 409 2759 dubitavit
430 2694 589 2758 Dominus
609 2694 724 2772 dicero,
754 2694 808 2758 hoc
836 2701 880 2759 est
901 2715 1013 2775 carpus
1035 2716 1145 2772 vrurrn,
1170 2656 1174 2792 ¹
1198 2699 1332 2761 cundum
1347 2698 1561 2779 praesentiam
1579 2698 1685 2759 carnis
1706 2702 1783 2760 recte
1804 2697 1922 2760 dictum
1940 2716 2017 2760 asse:
2037 2718 2086 2760 me
2106 2716 2168 2758 nan

172 2803 269 2863 quum
296 2783 423 2864 siqnurn
450 2781 546 2844 claret.
597 2779 717 2844 Iterum
745 2781 905 2858 obiectant,
935 2782 1049 2846 diserte
1070 2783 1146 2844 scri-
1170 2808 1173 2867 Ι
1197 2804 1317 2865 senqrer
1343 2782 1501 2847 habebitis.
1551 2782 1727 2862 Excipiunt
1757 2783 1854 2847 simul
1887 2772 1976 2847 etiain
2001 2781 2056 2847 hoc
2082 2781 2169 2858 addi,

171 2870 239 2934 bere
261 2867 490 2950 Anqustinrrm,
517 2885 628 2945 carpus
652 2864 769 2930 Christi
796 2867 903 2930 cadere
927 2869 961 2930 in
980 2873 1097 2931 terram
1118 2871 1146 2932 et
1170 2870 1173 2927 Ι
1198 2870 1364 2934 secundnm
1392 2869 1580 2949 ineffabilem
1601 2874 1628 2931 et
1654 2868 1842 2932 invisibilem
1867 2870 2004 2951 qratiam
2024 2867 2171 2948 impietur

170 2957 206 3019 in
228 2975 261 3019 os
283 2952 457 3035 inqredi:⁸)
486 2973 593 3032 nempe
618 2953 720 3016 eodem
741 2973 834 3016 sensu
856 2974 915 3034 quo
937 2955 1076 3017 consumi
1098 2954 1146 3034 af·
1170 2946 1173 3021 ¹
1198 2956 1277 3037 quod
1305 2956 1343 3019 ab
1371 2977 1403 3019 ea
1431 2956 1548 3020 diatnm
1577 2960 1635 3018 est:
1663 2975 1714 3036 eqo
1741 2955 1897 3019 vobisnrm
1924 2975 1996 3020 sum
2012 2975 2112 3035 nsque
2131 2952 2170 3016 ad

168 3042 290 3122 firmat,
318 3041 394 3120 quia
420 3044 585 3119 utrunque
611 3039 707 3102 siruul
733 3039 900 3121 coniunqit.
954 3039 1020 3103 Nec
1049 3040 1147 3104 obstat
1171 3034 1174 3129 ¹
1198 3042 1489 3105 consummationem
1511 3042 1636 3105 sacarli.
1684 3039 1746 3105 Sed
1766 3040 1849 3105 nihil
1868 3042 1904 3104 in
1922 3062 2030 3107 aarum
2050 3059 2171 3105 camma·

172 3127 253 3209 quod
271 3125 354 3201 dicit,
367 3130 493 3204 peracto
510 3126 654 3207 mqsterio
666 3146 784 3205 panem
797 3126 945 3197 consumi,
964 3123 1146 3206 quiapanlo
1170 3142 1174 3169 ³
1198 3129 1288 3192 dum:
1320 3129 1397 3208 qnia
1428 3126 1482 3191 hoa
1512 3128 1634 3191 tandem
1664 3128 1708 3191 ad
1740 3129 1933 3191 nraiestatem
1965 3128 2169 3209 restrinqitur,

172 3217 243 3278 ante
264 3212 403 3276 dixerat:
425 3211 500 3290 quio
522 3210 698 3274 learninibus
719 3211 792 3275 haec
814 3215 886 3274 nata
907 3216 993 3289 sunt,
1022 3211 1146 3293 qnando
1171 3174 1174 3267 ¹
1198 3235 1278 3296 qnae
1304 3234 1424 3292 semper
1450 3214 1616 3293 apponitur
1636 3214 1771 3293 cantari,
1797 3233 1834 3276 aa
1853 3214 2042 3277 nominatim
2062 3232 2170 3277 caraa

166 3319 227 3381 per
248 3298 385 3361 homines
405 3296 493 3375 tirrrrt,
516 3295 658 3361 honorem
679 3301 829 3378 tanquam
847 3297 996 3379 reliqiasa
1012 3303 1147 3377 possunt
1170 3270 1174 3385 ¹
1197 3301 1303 3382 qratia
1324 3300 1494 3379 virtuteque
1522 3299 1717 3364 discernitur.
1766 3298 1853 3363 Siout
1882 3300 1963 3364 alibi
1987 3300 2095 3363 οοάοννν
2120 3317 2169 3361 arr

171 3384 297 3460 trabere,
325 3389 474 3463 tanquam
503 3383 602 3460 mira,
631 3403 691 3447 nan
707 3387 848 3462 possunt.
893 3383 958 3447 Nea
979 3383 1044 3447 alia
1065 3403 1147 3464 spea
1172 3392 1174 3397 '
1198 3385 1317 3449 tithesis
1338 3385 1424 3465 apud
1445 3405 1513 3447 eum
1531 3385 1651 3467 teqitur,
1674 3384 1754 3465 quod
1771 3384 1931 3465 reliquerit
1950 3383 2099 3449 Cirristrrs
2114 3384 2169 3447 dis-

172 3475 217 3533 tat
239 3469 320 3550 quad
342 3469 518 3532 adversarii
540 3469 636 3533 trimis
658 3469 881 3533 inconsiderate
899 3471 941 3534 ad
959 3490 993 3533 se
1009 3470 1145 3547 trahunt,
1172 3538 1175 3553 ι
1199 3471 1318 3552 aipulos
1341 3472 1523 3552 praesentia
1544 3471 1714 3550 corporati,
1742 3475 1777 3533 nt
1801 3471 1933 3551 futurus
1954 3472 1998 3536 sit
2018 3491 2091 3535 aum
2112 3469 2169 3534 illis

175 3554 337 3620 Chr-istum
352 3574 385 3617 se
401 3554 621 3633 qiradammada
632 3559 777 3633 portasse
793 3554 939 3620 nranibus
956 3557 1033 3631 suis,
1051 3576 1147 3636 quum
1172 3558 1175 3657 Ι
1194 3558 1373 3638 praesertin
1395 3557 1571 3637 spirituali:
1592 3558 1646 3620 ubi
1667 3557 1789 3620 clarum
1810 3563 1862 3634 est,
1885 3559 1996 3621 camis
2011 3557 2168 3625 mian

167 3661 286 3724 panem
312 3640 475 3723 mysticum
503 3640 670 3719 discipulis
691 3642 873 3723 parriqcret.
887 3642 916 3722 ⁴)
971 3641 1057 3704 Nam
1093 3641 1148 3705 ad-
1172 3666 1175 3689 ·
1199 3644 1353 3726 distinqui
1374 3664 1396 3705 a
1415 3643 1550 3723 spiritus
1570 3644 1695 3718 virtute,
1725 3663 1805 3722 quae
1825 3664 1881 3707 nas
1905 3641 2035 3707 Christo
2055 3644 2169 3708 aonium

172 3728 275 3793 verbio
297 3726 519 3791 similitudinis
536 3727 714 3806 interposita
730 3728 810 3790 satis
827 3726 973 3803 declarat,
996 3748 1057 3790 nan
1079 3746 1148 3791 aera
1198 3732 1253 3809 qit,
1274 3729 1408 3793 locorum
1429 3729 1550 3809 alioqui
1572 3728 1725 3792 distantia
1742 3728 1856 3807 procul
1877 3729 2015 3793 dissitos.
2060 3727 2169 3792 mam

172 3837 226 3879 nea
250 3814 376 3878 realiter
396 3813 496 3893 tir-isse
522 3812 680 3893 subpone
706 3812 872 3876 inclusum.
918 3813 985 3876 Nec
1012 3814 1147 3891 mirum,·
1199 3814 1342 3896 loquendi
1362 3835 1470 3896 qenere
1487 3816 1614 3894 saepius
1634 3816 1747 3891 retitur,
1775 3820 1810 3877 ut
1836 3834 1934 3895 quum
1953 3815 2048 3880 dicit:
2073 3819 2170 3878 reru

173 3901 298 3981 quanda
325 3898 440 3980 alibi⁵)
469 3903 574 3978 aperte
594 3899 758 3976 cordendit,
781 3919 926 3978 corpora,
956 3899 986 3962 si
1007 3898 1073 3963 illis
1094 3899 1148 3962 tol·
1199 3923 1255 3966 rus
1281 3908 1326 3966 est
1351 3901 1394 3965 ad
1421 3902 1507 3965 vivas
1528 3906 1555 3963 et
1576 3899 1747 3981 mortuasi)
1770 3901 1954 3980 praasmnia
1982 3901 2089 3964 itidem
2107 3918 2170 3962 aor-

173 3986 281 4050 lantur
298 3986 403 4065 spatia
420 3985 563 4062 locorum,
585 4004 740 4064 nusquam
757 3983 832 4062 fore,
855 3989 884 4046 et
900 3985 976 4064 qnia
994 4004 1147 4064 nusquam
1193 3987 1314 4068 parali,
1341 3987 1508 4051 secundum
1533 3985 1608 4066 fidei
1629 3986 1769 4069 requlam
1794 4007 1968 4068 sanamque
1988 3987 2171 4062 doctrinam

174 4077 278 4148 munt,
306 4073 434 4151 penitus
460 4092 521 4134 nan
547 4072 621 4152 fare.
672 4070 787 4134 Ieiuno
813 4075 857 4134 est
882 4070 1054 4148 cavillatio,
1085 4071 1149 4135 illic
1199 4094 1274 4136 nam
1289 4073 1472 4153 praesent-ia
1492 4072 1655 4152 spirituali
1676 4073 1719 4135 ad
1739 4093 1789 4136 eas
1810 4073 1916 4153 utique
1933 4077 2005 4136 crat
2022 4077 2171 4146 amarus,

173 4179 232 4223 nan
254 4159 307 4241 aqi
328 4159 366 4222 de
388 4177 487 4234 mura,
510 4158 542 4219 in
564 4179 627 4236 qua
648 4156 737 4221 Deus
753 4156 918 4236 specialem
935 4156 1078 4219 ‘virtutem
1095 4178 1148 4221 ev·
1200 4164 1228 4224 et
1254 4179 1323 4222 cunr
1351 4162 1412 4222 tata
1432 4157 1558 4222 eeclesia
1583 4159 1711 4238 futurus
1732 4159 1767 4221 in
1787 4158 1902 4222 mundo
1924 4179 2027 4239 usqne
2047 4158 2086 4223 ad
2107 4176 2172 4222 aar*

172 4247 263 4310 serit:
280 4245 356 4325 quia
373 4243 410 4307 de
429 4241 547 4307 Christi
564 4263 655 4305 carne
672 4245 753 4305 mata
771 4246 839 4306 erat
856 4242 1003 4324 quaestio,
1023 4247 1149 4307 etsarra·
1200 4245 1435 4310 summationem
1456 4243 1587 4307 saeculi:
1614 4264 1685 4327 erqo
1713 4244 1756 4308 ad
1781 4245 1933 4308 credentes
1952 4245 2108 4329 diripitur
2125 4242 2171 4305 tic

171 4337 223 4396 tus
243 4331 295 4394 vir
316 4351 354 4393 erc
371 4328 514 4411 professo
535 4329 728 4409 respondens,
747 4327 1038 4406 immortalitatem,
1048 4331 1076 4414 ⁶)
1099 4331 1148 4393 in·
1200 4351 1308 4407 sermo,
1326 4350 1401 4411 quos
1423 4349 1548 4393 servare
1569 4331 1635 4393 iam
1657 4335 1795 4410 coeperat
1808 4331 1996 4411 maesndia
2011 4328 2171 4412 vaqrvrali,

172 4419 249 4499 quit,
272 4415 363 4482 carni
386 4436 463 4479 aune
485 4413 575 4478 dedit
597 4413 759 4490 Christus,
782 4422 936 4478 naturam
952 4435 1019 4478 non
1041 4417 1150 4481 abstu-
1202 4422 1327 4498 etquos
1348 4417 1514 4480 reliatnmis
1536 4421 1603 4479 crat
1625 4416 1764 4480 abserrtia
1786 4416 1955 4497 corporali,
1978 4420 2018 4483 ut
2035 4434 2089 4484 aas
2107 4432 2170 4480 arm

171 4503 224 4579 lit;
254 4501 435 4567 secundum
463 4499 549 4564 hanc
574 4500 712 4563 formam
735 4520 801 4562 non
818 4499 984 4581 putandus
1006 4508 1057 4565 est
1076 4502 1149 4567 ubi·
1196 4508 1290 4585 patre
1317 4507 1454 4568 servaret
1474 4503 1658 4583 praesentia
1684 4502 1857 4582 spirituali.
1904 4500 2077 4584 Corporale
2102 4501 2173 4566 avai-

173 4610 235 4671 qua
273 4589 429 4652 diffusus:
464 4586 646 4650 cavendum
677 4585 767 4649 enim
801 4607 843 4649 ne
869 4586 917 4649 ita
944 4584 1150 4652 divinitatem
1196 4610 1274 4670 pere
1297 4609 1356 4671 pra
1382 4587 1516 4665 visibili,
1543 4589 1743 4670 nuqatorirun
1770 4594 1829 4652 est:
1854 4589 1983 4669 quando
2012 4595 2042 4653 et
2067 4606 2173 4670 carptis

174 4683 361 4739 astruamus
380 4672 532 4750 hominis,
550 4679 587 4736 ut
604 4673 776 4736 veritatem
787 4671 932 4753 carparis
949 4671 1150 4754 infernmum
1201 4677 1326 4757 opponit
1337 4675 1464 4738 divinae
1468 4675 1638 4756 potentian
1655 4679 1683 4738 et
1704 4674 1830 4753 adden-s,
1847 4693 1917 4737 aum
1928 4680 2029 4754 patre
2044 4693 2172 4749 savara

175 4782 241 4824 non
265 4769 315 4825 est
338 4767 448 4823 autem
470 4779 670 4841 consequens
692 4769 744 4835 ut,
767 4755 854 4840 quod
877 4757 913 4820 in
933 4757 1006 4821 Dea
1026 4763 1084 4837 est,
1107 4759 1151 4824 ait
1201 4763 1283 4827 clare
1302 4761 1450 4841 caprimit
1468 4761 1609 4843 qratiam
1634 4781 1726 4825 suam
1748 4760 1858 4826 ccacla
1879 4781 1942 4840 per
1963 4761 2120 4841 spiritum
2139 4757 2174 4826 al

1201 4869 1258 4914 nas
1279 4847 1460 4927 diffundere.
1778 4910 1784 4919 ,

1289 4931 1338 4996 29.
1386 4933 1470 5017 ⁸)Iit
1506 4934 1654 5014 quoniam
1684 4937 1805 4998 tantum
1828 4930 1967 5011 fiduciae
1989 4935 2175 5016 ponuntir

292 5070 338 5122 Ad
362 5069 449 5121 Banii.
474 5084 515 5135 ep.
538 5065 580 5119 23.
656 5065 687 5131 2)
705 5065 806 5118 Contra
830 5066 1009 5121 Adimantum
1032 5071 1147 5123 Maniam

175 5069 297 5189 lstrnlih.
367 5137 397 5195 3¹
416 5138 489 5189 Libr.
514 5134 538 5187 3.
563 5135 597 5186 de
616 5134 711 5186 Trinit.
736 5151 793 5201 cap.
819 5132 859 5186 10.
930 5133 961 5198 4)
979 5139 1012 5190 In
1036 5139 1080 5191 Pa.
1105 5138 1147 5192 33
1269 5140 1299 5195 li
1316 5139 1405 5190 'tran
1424 5137 1465 5189 50.
1484 5139 1513 5201 in
1532 5138 1672 5191 Ioannem.
1767 5135 1979 5203 tfiudioanaos
2003 5157 2058 5195 am
2083 5152 2175 5197 anu

173 5205 205 5274 b)
222 5206 310 5274 Epist.
328 5209 362 5259 ad
380 5207 542 5259 Dardanum.
612 5201 643 5268 6)
660 5203 737 5257 Haec
753 5203 808 5256 iam
826 5203 889 5256 olim
907 5204 931 5269 §-
948 5203 984 5258 24
1001 5207 1126 5263 aderant.
1200 5209 1230 5276 3)
1254 5208 1330 5261 idem
1349 5213 1538 5275 arqumentrrm
1558 5210 1659 5274 paucis
1681 5214 1848 5263 tractaverat
1866 5209 1889 5274 §.
1907 5207 1950 5262 36.
1967 5212 2098 5278 praem
2120 5208 2176 5266 a&
