4672 5842
165 284 247 346 1097
503 282 593 348 mu.
615 282 676 347 Ν.
721 284 785 348 Du
807 272 1044 350 aureuma
1066 284 1233 351 Munna
1256 286 1321 350 AD
1344 283 1576 352 autumn.
1621 282 1721 352 OAP.
1743 227 1823 352 xli.
2088 294 2170 365 loss

162 469 268 537 dictae
278 469 344 535 Dei
366 477 591 553 exsequuntur
608 473 643 535 in
661 472 744 550 dolo,
763 471 870 537 multo
888 473 1022 556 gravius
1041 472 1142 537 male-
1198 475 1246 552 13,
1269 473 1302 558 l)
1325 493 1391 537 non
1412 495 1483 538 esse
1503 480 1699 556 potestatem
1722 475 1785 540 nisi
1805 473 1928 556 aDeo;
1951 483 1985 541 et
2001 498 2084 560 quae
2103 501 2172 545 om·

162 557 237 635 dici,
260 557 316 639 qui
336 557 373 621 in
391 558 478 622 iusta
504 559 673 623 vocatione
701 557 927 623 fraudulenter
955 565 1139 624 versantur.
1194 561 1287 623 nium
1309 559 1446 623 minime
1464 559 1637 639 arridebat,
1661 561 1780 626 eximio
1799 583 1879 644 prae
1896 562 1968 629 aliis
1985 565 2173 633 testimonio

161 643 279 726 Itaque
302 663 403 725 quum
426 664 502 708 suos
523 643 646 709 iudices
665 642 707 707 ad
725 645 868 709 officium
891 644 1054 710 cohortari
1072 644 1142 710 vel·
1194 645 1422 710 commendata
1444 654 1508 722 est,
1531 667 1649 729 nempe
1677 647 1774 712 unius
1800 654 1945 730 potestas
1952 672 1960 727 ;
1993 670 2075 732 quae
2097 652 2174 735 quia

161 729 232 795 lent
259 729 370 794 Moses
392 735 425 793 et
446 729 618 812 Iosaphat,
647 730 732 794 nihil
763 730 950 795 habuerunt
978 731 1142 796 efficacius
1194 731 1358 814 publicam
1391 732 1538 796 omnium
1573 733 1762 797 servitutem
1794 755 1903 799 secum
1931 736 2009 814 fert,
2038 744 2173 821 excepto

163 835 229 899 quo
250 814 384 879 illorum
406 816 533 879 animos
553 816 729 894 afficerent,
753 836 851 898 quam
895 816 960 881 uod
974 817 1066 900 prius
1089 837 1141 881 re·
1194 838 1262 882 uno
1289 817 1346 881 illo
1376 819 1468 883 cuius
1495 817 1625 882 libidini
1648 820 1757 883 omnia
1790 820 1934 900 subiicit,
1971 821 2111 888 heroicis
2140 830 2173 888 et

162 901 300 967 tulimus
319 900 432 986 (Dent.
455 906 481 978 l,
499 905 551 979 16;
571 905 589 963 2
608 902 685 966 Par.
708 907 756 981 19,
772 905 822 987 6):
841 837 949 967 videte
967 902 1046 984 quid
1063 922 1142 985 aga·
1195 902 1480 969 excellentioribus
1513 904 1654 987 ingeniis
1680 906 1791 972 minus
1819 905 1897 970 olim
1920 908 2094 990 approbari
2114 930 2173 992 pc

163 988 222 1066 tis;
252 1009 319 1051 non
342 988 429 1051 onim
450 1008 510 1070 pro
533 988 665 1052 homine
694 987 854 1052 exercetis
881 987 1055 1066 iudicium,
1084 987 1142 1053 sed
1194 990 1266 1053 tuit
1311 989 1359 1053 At
1380 989 1552 1072 scriptura,
1575 1010 1639 1072 quo
1662 990 1783 1073 iniquis
1811 993 1884 1057 istis
1909 991 2038 1059 iudiciis
2060 1015 2172 1061 occur·

161 1095 223 1157 pro
245 1074 332 1152 Deo,
356 1074 476 1156 quippe
494 1074 549 1154 qni
570 1075 747 1138 iuxtavos
768 1081 818 1137 est
838 1074 874 1137 in
896 1094 995 1138 causa
1015 1073 1142 1152 iudicii;
1195 1082 1255 1152 rat,
1280 1074 1410 1139 divinae
1428 1076 1607 1158 sapientiae
1629 1075 1869 1159 providentiam
1887 1099 1957 1143 esse
1978 1078 2174 1146 nominatim

163 1181 253 1225 nnnc
275 1159 379 1242 igitur
400 1160 444 1224 sit
465 1180 568 1241 pavor
590 1160 727 1224 Domini
749 1180 848 1243 super
869 1179 945 1237 v0s;
967 1159 1085 1238 videte,
1109 1168 1143 1224 et
1196 1160 1339 1237 affirmat
1366 1160 1454 1243 quod
1475 1183 1569 1244 reges
1591 1171 1747 1245 regnant,
1771 1171 1804 1226 et
1825 1163 2034 1246 peculiariter
2059 1185 2173 1250 regem

164 1246 266 1329 agite,
295 1246 449 1328 quoniam
476 1266 544 1310 non
566 1253 615 1310 est
637 1245 706 1310 ulla
734 1246 932 1329 perversitas
960 1244 1046 1328 apud
1072 1246 1142 1311 Do-
1195 1245 1350 1311 honorari
1370 1248 1530 1330 praecipit
1551 1247 1663 1332 (Prov.
1684 1251 1713 1326 8,
1736 1253 1789 1328 15;
1816 1255 1828 1312 l
1850 1251 1988 1329 Petr.2,
2011 1250 2074 1336 17).

163 1332 290 1396 minum
319 1331 429 1395 Deum
456 1338 616 1396 nostrum.
660 1332 707 1395 Et
728 1331 792 1396 alio
814 1331 884 1397 loco
907 1331 1009 1416 (Psal.
1030 1334 1087 1409 82,
1110 1330 1142 1415 l)
1282 1335 1311 1396 8.
1355 1332 1402 1395 Et
1422 1353 1500 1398 sane
1522 1332 1619 1398 valde
1648 1334 1788 1398 otiosum
1818 1342 1919 1414 esset,
1948 1337 2020 1418 quis
2041 1337 2173 1420 potissi·

164 1417 299 1496 dicitur,
327 1416 438 1482 Deum
467 1418 595 1482 stetisse
622 1417 658 1480 in
686 1437 854 1502 synergoga
881 1415 1030 1495 deorum,
1054 1424 1087 1481 et
1107 1418 1143 1480 in
1194 1438 1269 1483 mus
1291 1419 1335 1482 sit
1354 1417 1487 1500 politiae
1507 1420 1541 1483 in
1560 1439 1597 1483 eo
1620 1439 1683 1501 quo
1701 1420 1819 1485 vivunt
1839 1421 1919 1500 loco,
1941 1421 2076 1488 futuros
2104 1428 2172 1489 sta·

164 1503 273 1569 medio
295 1503 432 1567 deorum
454 1503 593 1568 iudicem
618 1525 730 1587 agere;
758 1524 821 1585 quo
843 1502 885 1566 ad
906 1504 1048 1567 officium
1072 1503 1143 1567 ani·
1195 1512 1260 1581 tus,
1284 1504 1461 1654 aperiretis
1483 1505 1670 1570 hominibus
1693 1504 1868 1589 disputari:
1892 1507 2009 1588 quibus
2031 1506 2072 1574 de
2094 1528 2172 1575 oon·

164 1597 300 1654 meritur
322 1589 400 1653 dum
422 1588 562 1653 audiunt
584 1588 648 1653 Dei
667 1610 702 1653 se
720 1590 844 1672 legatos
866 1610 945 1668 esso,
965 1590 1017 1654 cui
1038 1588 1143 1653 admi-
1195 1589 1361 1654 stituena
1393 1611 1430 1655 re
1459 1591 1569 1672 aliqua
1599 1591 1731 1673 publica
1769 1592 1950 1657 deliberare
1987 1614 2054 1665 non
2085 1595 2170 1661 licet

113 1673 116 1682 ’
164 1676 323 1741 nistratae
340 1676 528 1758 provinciae
546 1676 707 1739 rationem
725 1676 898 1756 aliquando
913 1675 1042 1740 reddere
1057 1695 1144 1756 opor-
1195 1675 1280 1739 'lum
1309 1677 1408 1740 etiam
1440 1677 1630 1760 simpliciter
1651 1676 1684 1740 id
1707 1677 1836 1743 definiri
1864 1678 1928 1743 nisi
1956 1686 2078 1744 temere
2104 1702 2171 1745 non

164 1766 228 1827 teat
246 1761 322 1848 (Ios.
344 1765 372 1839 3,
396 1763 458 1844 14).
486 1762 533 1825 Et
549 1761 667 1826 merito
685 1760 773 1844 apud
791 1781 845 1825 eos
862 1761 1044 1844 plurimum
1061 1761 1143 1826 haeo
1195 1769 1320 1844 posset,
1351 1783 1454 1844 quum
1480 1783 1602 1846 magna
1629 1763 1728 1828 huius
1764 1763 1995 1847 disputationis
2024 1767 2109 1843 ratio
2136 1767 2171 1832 in

165 1846 344 1913 admonitio
371 1847 480 1911 valere
509 1847 614 1912 debet.
665 1847 753 1912 Nam
781 1847 909 1930 siquid
938 1846 1141 1930 delinquunt,
1195 1848 1447 1923 circumstantiis
1473 1850 1581 1931 posita
1609 1850 1660 1914 sit
1704 1849 1751 1912 Et
1773 1850 1801 1914 si
1823 1850 1910 1934 ipsos
1937 1851 2036 1915 etiam
2055 1858 2172 1934 status,

165 1954 234 1999 non
256 1934 443 1998 hominibus
463 1933 558 1997 modo
581 1940 660 1999 sunt
680 1934 792 1998 iniurii
810 1954 890 2016 quos
913 1932 1068 1999 scelerate
1086 1955 1143 1998 ve·
1195 1935 1278 1998 citra
1304 1934 1581 2013 circumstantias,
1601 1935 1689 2000 inter
1717 1957 1752 2000 se
1779 1956 1960 2019 compares,
1983 1957 2051 2001 non
2076 1937 2171 2003 facile

165 2027 263 2100 xant,
298 2020 354 2085 scd
388 2020 424 2083 in
455 2021 564 2084 Deum
598 2040 726 2103 quoque
760 2019 870 2100 ipsum
907 2019 1141 2098 contumeliosi,
1195 2021 1239 2086 sit
1261 2019 1445 2085 discernere
1467 2021 1540 2103 quis
1562 2020 1702 2086 utilitate
1734 2022 1989 2105 praeponderet,
2012 2021 2093 2087 adeo
2116 2045 2170 2088 ae-

164 2107 257 2171 onius
279 2108 487 2172 sacrosancta
508 2105 627 2170 iudicia
645 2105 805 2188 polluunt.
851 2106 998 2170 Rursum
1020 2104 1144 2170 habent
1195 2107 1267 2188 quis
1285 2105 1525 2172 conditionibus
1543 2107 1751 2173 contendunt.
1784 2108 1945 2174 Proclivis
1962 2114 2013 2173 est
2030 2130 2050 2173 a
2066 2129 2170 2194 regno

164 2200 198 2258 et
219 2193 307 2259 unde
330 2214 364 2258 se
384 2193 551 2274 praeclare
573 2192 789 2268 consolentur,
813 2190 892 2255 dum
914 2212 1025 2256 secum
1046 2213 1143 2273 repu-
1195 2192 1231 2256 in
1252 2191 1464 2276 tyrannidem
1489 2193 1615 2277 lapsus;
1644 2192 1702 2257 sed
1724 2213 1790 2259 non
1812 2194 1917 2259 multo
1944 2192 2108 2260 difficilior
2129 2196 2170 2261 ab

163 2286 246 2359 tant,
270 2300 337 2344 non
358 2281 395 2343 in
416 2278 570 2362 profanis,
593 2300 654 2343 nec
676 2298 695 2341 a
718 2297 812 2342 servo
824 2278 888 2342 Dei
911 2277 1025 2341 alienis
1046 2298 1142 2342 occu·
1196 2279 1391 2361 optimatum
1413 2285 1574 2361 potestate
1591 2279 1627 2342 in
1649 2298 1829 2362 pancorum
1856 2280 2046 2360 factionem,
2065 2281 2170 2347 multo

163 2366 349 2448 petionibus
360 2386 395 2430 se
409 2364 542 2442 versari,
561 2363 618 2430 sed
636 2364 840 2429 sanctissimo
858 2384 1003 2442 munere,
1022 2364 1143 2447 quippe
1195 2385 1273 2429 vero
1298 2364 1488 2443 facillimus,
1513 2387 1532 2430 a
1553 2365 1703 2449 populari
1735 2365 1955 2431 dominatione
1982 2367 2017 2430 in
2040 2366 2169 2432 seditio·

164 2453 220 2535 qui
242 2451 489 2535 Dei-legatione
510 2450 703 2534 funguntur.
1194 2471 1280 2515 nem.
1330 2451 1491 2533 Equidem
1519 2452 1548 2514 si
1576 2453 1612 2515 in
1640 2473 1675 2516 se
1702 2450 1949 2518 considerentur
1982 2459 2049 2517 tres
2082 2452 2168 2534 illae,

252 2542 280 2602 7.
326 2537 392 2618 Qui
413 2559 493 2602 vero
520 2558 587 2601 non
604 2543 781 2601 moventur
802 2541 851 2600 tot
872 2536 1054 2617 scripturae
1077 2540 1142 2600 tes·
1194 2557 1276 2618 quas
1296 2543 1424 2618 ponunt
1444 2536 1644 2619 philosophi,
1674 2538 1843 2621 regiminis
1870 2538 2009 2616 formae,
2033 2540 2169 2604 minime

164 2625 323 2703 timoniis,
359 2623 535 2706 quominus
575 2643 704 2688 sacrum
739 2622 800 2687 hoc
840 2622 1062 2686 ministerium
1090 2622 1142 2684 in-
1194 2623 1382 2705 negaverim
1400 2623 1452 2687 vel
1471 2623 1717 2703 aristocratiam,
1737 2624 1790 2688 vel
1807 2630 2025 2706 temperatum
2043 2646 2085 2689 ex
2098 2627 2170 2708 ipsa

164 2712 281 2776 sectari
303 2711 423 2789 ausint,
447 2710 541 2792 quasi
563 2730 634 2774 rem
653 2729 673 2772 a
690 2707 849 2792 religione
866 2716 900 2772 et
939 2708 1036 2771 ietate
1054 2707 1141 2770 chri·
1194 2717 1227 2773 et
1258 2706 1373 2790 p'olitia
1402 2715 1539 2787 statum,
1574 2708 1647 2774 aliis
1679 2709 1831 2774 omnibus
1868 2709 1966 2793 longe
1999 2711 2167 2775 excellere.

163 2799 271 2863 atiena
292 2796 541 2871 abhorrentem,
564 2793 642 2878 quid
664 2794 756 2858 aliud
779 2816 877 2876 quam
898 2730 1010 2857 licum
1031 2794 1141 2877 ipsum
1196 2794 1269 2860 Noc
1290 2794 1326 2859 id
1346 2795 1471 2874 quidem
1492 2816 1554 2876 per
1575 2816 1620 2872 se,
1641 2795 1696 2860 sed
1723 2796 1802 2877 quia
1829 2796 1997 2862 rarissime
2024 2797 2170 2880 europs

163 2884 330 2968 sugillant,
354 2883 446 2947 cuius
464 2880 645 2966 ignominia
665 2902 742 2945 oum
760 2879 935 2944 ministerii
952 2880 1003 2944 sui
1020 2879 1140 2962 probro
1192 2900 1280 2963 repes
1306 2881 1352 2944 ito
1384 2880 1446 2944 sibi
1472 2881 1697 2960 moderarier
1716 2901 1880 2962 nunquam
1900 2903 1921 2946 o
1941 2882 2022 2945 iusto
2043 2886 2071 2947 et
2090 2886 2169 2949 redo

162 2992 231 3035 non
259 2989 331 3033 esse
359 2968 532 3033 coniuncta
565 2989 631 3031 non
679 2965 784 3031 otest?
833 2967 884 3030 Ao
910 2986 1045 3048 prorsus
1073 2987 1139 3030 non
1192 2967 1345 3047 disaepet
1360 2987 1467 3031 eorum
1484 2966 1644 3047 υοῑαηίαες
1664 2967 1774 3032 dende
1790 2972 1874 3033 mnu>
1890 2968 2034 3032 acumine
2050 2972 2078 3032 et
2089 2988 2169 3048 pria

162 3056 378 3138 magistratus
397 3054 587 3135 reprobant,
610 2987 677 3118 sed
689 3053 800 3117 Deum
829 3051 998 3129 abiiciunt,
1021 3073 1063 3116 ne
1085 3072 1139 3116 su·
1192 3053 1301 3118 deatio
1323 3053 1487 3117 taimen
1507 3072 1581 3131 esee,
1603 3057 1639 3116 ur
1659 3054 1874 3135 unusquisque
1895 3054 1999 3118 videet
2018 3059 2168 3135 motam

162 3162 224 3225 per
245 3160 280 3204 se
301 3144 425 3221 regnet.
470 3137 510 3204 Si
537 3140 627 3203 enim
658 3137 747 3203 istud
775 3159 852 3203 vera
880 3136 920 3202 de
940 3138 1062 3220 populo
1089 3138 1140 3202 Is-
1192 3139 1274 3204 sotio
1294 3144 1347 3203 est.
1383 3137 1477 3203 Facit
1496 3158 1569 3222 erpo
1588 3137 1749 3202 domim
1770 3140 1884 3204 vitium
1903 3139 1951 3202 cel
1972 3138 2113 3220 defectas,
2135 3146 2170 3206 td

164 3225 233 3290 rael
256 3247 277 3290 a
297 3223 440 3289 Domino
462 3223 586 3289 dictum
608 3232 659 3289 est
679 3225 711 3308 (1
733 3223 823 3290 Sam.
843 3227 879 3299 8,
899 3225 944 3309 7),
968 3223 1054 3307 quod
1077 3221 1140 3289 Sa·
1192 3225 1293 3290 tatius
1309 3226 1351 3288 sit
1367 3243 1404 3288 oe
1420 3225 1523 3306 mepte
1539 3223 1695 3289 tolerabile
1705 3225 1818 3305 plures
1833 3230 1933 3290 team
1948 3225 2168 3308 manaae,

164 3310 283 3376 muelis
304 3310 480 3392 imperium
501 3310 752 3376 detrectassent:
776 3312 832 3393 qni
853 3311 963 3375 minus
983 3332 1062 3375 vere
1079 3311 1140 3374 ho·
1192 3316 1228 3374 ut
1249 3310 1308 3375 olii
1328 3310 1407 3376 aliis
1427 3314 1534 3374 mrduo
1554 3311 1620 3375 sint
1639 3311 1805 3390 mistam,
1824 3311 1951 3376 domam
1971 3331 2008 3376 ae
2028 3317 2170 3377 moreaul

164 3396 217 3463 die
239 3397 279 3463 de
300 3398 341 3463 iis
363 3396 497 3474 dicetur,
519 3397 628 3479 quiin
645 3397 867 3479 praefecturas
891 3417 1004 3461 omnes
1026 3418 1045 3460 a
1067 3398 1140 3461 Deo
1193 3396 1253 3461 olii
1273 3397 1361 3476 odos,
1384 3416 1421 3461 oc
1439 3397 1470 3460 ai
1491 3397 1564 3477 qais
1578 3396 1657 3479 plus
1678 3417 1775 3479 aequo
1792 3419 1826 3462 se
1842 3398 1956 3479 efferat,
1973 3398 2086 3480 piures
2105 3398 2170 3464 sint

162 3485 332 3550 imbibitas
376 3482 568 3548 debacchari
598 3482 663 3548 sibi
694 3481 914 3568 permittunt?
958 3483 1007 3547 At
1037 3503 1140 3565 quum
1193 3483 1237 3546 od
1269 3482 1467 3548 cohibendam
1497 3483 1566 3548 eiua
1597 3483 1759 3549 libidinem
1788 3504 1927 3550 censam
1955 3503 1992 3549 oe
2012 3485 2167 3568 moqirirr'

163 3570 331 3654 discipulis
354 3569 479 3635 dictum
502 3576 551 3634 est
568 3589 588 3633 a
604 3569 748 3633 Domino
771 3568 867 3653 (Luc.
887 3572 937 3647 22,
959 3569 1024 3654 25),
1045 3589 1140 3651 reges
1192 3566 1230 3631 Id
1251 3589 1327 3634 cum
1349 3568 1572 3651 experimento
1593 3570 1665 3651 ipso
1687 3591 1818 3652 semper
1833 3570 1896 3635 fuit
1912 3569 2168 3653 comprobatum,

161 3659 311 3742 gentium
334 3654 495 3720 dominari
516 3655 591 3734 illis,
608 3655 695 3720 inter
711 3656 798 3739 ipsos
817 3675 894 3720 vero
911 3674 977 3718 non
994 3655 1042 3718 ita
1059 3676 1139 3734 esse,
1192 3661 1263 3719 tum
1297 3675 1358 3719 sua
1390 3675 1517 3738 quoque
1547 3656 1722 3721 autoritate
1755 3656 1919 3720 Dominus
1953 3657 2167 3735 confirmavit,

162 3742 222 3808 ubi
248 3743 305 3824 qui
330 3742 458 3825 primus
486 3741 543 3820 sit,
571 3742 644 3806 fieri
672 3743 847 3805 minimum
881 3747 1043 3823 oporteat,
1077 3740 1140 3806 hac
1192 3761 1293 3822 quum
1311 3740 1549 3806 aristocratiam
1571 3740 1705 3825 politiae
1726 3743 1869 3807 vicinam
1891 3762 1911 3805 a
1934 3739 1979 3803 ud
2000 3739 2168 3805 Israelitas

162 3850 243 3896 voce
267 3828 478 3892 interdictum
499 3836 550 3893 est
572 3827 772 3894 Christianis
801 3828 952 3891 omnibus
974 3847 1015 3890 ne
1037 3847 1140 3910 mgna
1191 3827 1345 3907 instituit,
1363 3848 1465 3909 quum
1483 3848 1503 3892 o
1525 3827 1609 3891 tima
1630 3827 1817 3891 conditione
1839 3846 1892 3890 eos
1911 3762 2036 3887 babere
2057 3824 2166 3904 vellat,

162 3922 222 3981 aut
247 3915 468 3997 praefecturas
488 3923 668 3997 capessant
713 3913 744 3979 0
768 3911 900 3978 dextros
926 3913 1138 3995 interpretes!
1192 3913 1285 3978 donec
1304 3913 1474 3996 imaginem
1498 3849 1616 3977 diruti
1631 3912 1864 3992 eradicastis
1880 3908 2016 3973 Decide.
2047 3910 2165 3993 Atque,

161 4002 255 4066 Inter
277 3998 452 4083 discipulos
474 4007 546 4064 orta
563 4008 635 4064 erat
651 4002 817 4066 contentio
835 4000 908 4081 quis
925 3999 1027 4063 alium
1045 4020 1140 4082 prae·
1192 4006 1230 4065 ut
1250 4000 1392 4065 libenter
1410 3999 1516 4063 fateor
1543 3996 1670 4060 nullum
1693 4017 1764 4061 esse
1786 3994 2033 4079 gubernationis
2062 4016 2168 4080 genus

162 4087 312 4165 celleret3
340 4085 426 4150 hanc
458 4106 579 4151 vanam
607 4086 817 4151 ambitionem
851 4093 890 4149 ut
921 4092 1141 4168 compesceret
1192 4086 1254 4151 isto
1274 4085 1410 4161 beatius,
1433 4082 1491 4146 ubi
1512 4082 1647 4147 libertas
1668 4080 1710 4146 ad
1732 4102 1804 4146 eam
1823 4101 1925 4229 quam
1948 4080 2040 4145 decet
2056 4081 2167 4148 mode-

161 4172 341 4251 Dominus,
361 4192 475 4236 eorum
492 4172 713 4237 ministerium
731 4195 797 4236 non
815 4191 885 4237 esse
903 4172 1014 4256 regnis
1032 4170 1139 4237 simile
1191 4173 1353 4237 rationem
1385 4175 1436 4232 est
1467 4167 1660 4249 composita,
1687 4175 1722 4231 et
1749 4166 1790 4233 ad
1844 4167 2072 4233 iuturnitatem
2104 4167 2168 4233 rite

162 4258 280 4338 docuit,
302 4260 338 4322 in
359 4258 478 4341 quibus
500 4257 587 4321 inter
607 4265 750 4323 caeteros
772 4280 858 4323 nnus
880 4258 1010 4323 eminet.
1044 4256 1140 4338 Quae
1192 4256 1376 4330 constituta,
1396 4253 1443 4318 sic
1460 4259 1493 4317 et
1509 4252 1715 4318 beatissimos
1736 4274 1851 4320 censeo
1869 4252 1988 4335 quibus
2006 4253 2067 4319 hac
2089 4273 2167 4320 oon-
2222 4330 2228 4339 ι

162 4344 301 4424 collatio,
324 4343 403 4427 quid
424 4363 544 4427 quaeso
566 4341 608 4406 ad
629 4345 845 4428 ignominiam
868 4345 978 4428 regiae
997 4343 1138 4426 dignita-
1192 4343 1315 4407 ditione
1343 4340 1406 4403 frui
1432 4338 1522 4418 licet;
1551 4338 1635 4402 etsi
1656 4340 1691 4403 in
1713 4361 1752 4404 ea
1771 4338 1994 4404 conservanda
2021 4340 2167 4404 retinen·

162 4430 208 4495 tis
224 4430 322 4496 facit?
341 4431 407 4494 imo
420 4428 498 4511 quid
508 4430 642 4493 omnino
652 4431 783 4506 evincit,
802 4430 866 4495 nisi
877 4431 1004 4513 regium
1015 4449 1139 4493 munus
1192 4427 1298 4508 daque
1324 4431 1459 4489 strenue
1481 4446 1519 4491 ac
1541 4432 1728 4491 constanter
1756 4424 1921 4504 laborant,
1944 4445 1999 4490 eos
2021 4425 2107 4489 nibil
2126 4423 2167 4489 ab

162 4517 375 4598 apostolicum
396 4538 465 4580 non
486 4535 556 4580 esse
578 4514 818 4580 ministerium?
853 4515 1030 4579 Praeterea
1052 4515 1139 4577 inter
1191 4511 1297 4578 officio
1329 4510 1473 4576 alienum
1515 4512 1622 4576 facere
1654 4510 1804 4577 concedo.
1848 4509 1939 4591 Quin
1971 4511 2070 4576 etiam
2101 4510 2167 4576 huo

162 4603 253 4685 ipsos
274 4604 495 4688 magistratus,
518 4601 649 4665 mmetsi
670 4601 781 4664 variae
803 4607 881 4663 sunt
901 4601 1041 4678 formae,
1064 4598 1139 4663 nul-
1191 4617 1320 4664 summa
1350 4596 1521 4681 diligentia
1553 4598 1672 4662 intenti
1698 4598 1912 4682 magistratus
1938 4617 2010 4662 esse
2038 4595 2165 4677 debent,

161 4688 233 4754 lum
251 4694 363 4754 amen
384 4688 559 4754 discrimen
581 4686 643 4752 hac
660 4686 695 4749 in
736 4692 807 4748 arte
824 4692 883 4763 est,
901 4687 980 4768 quin
997 4706 1057 4768 pro
1074 4684 1139 4748 Dei
1191 4706 1234 4750 ne
1262 4684 1388 4767 quain
1414 4682 1731 4765 partelibertetem,
1765 4684 1858 4749 cuiuis
1891 4681 2056 4766 praesides
2089 4688 2168 4747 sunt

161 4773 333 4840 ordinibus
351 4772 574 4858 suspiciendae
587 4771 611 4855 Ι)
634 4706 887 4837 anobisomnes
900 4771 975 4836 sint
1007 4770 1095 4835 Nam
1104 4778 1139 4834 et
1191 4769 1378 4848 constituti,
1406 4769 1525 4848 minui,
1556 4770 1677 4834 nedum
1707 4768 1821 4835 violari
1848 4770 2025 4852 patiantur.
2070 4765 2109 4833 Si
2129 4769 2167 4833 in

161 4881 277 4926 omnes
299 4862 397 4925 simul
419 4859 643 4944 complectitur
668 4856 812 4933 Paulus,
835 4877 937 4937 quum
959 4857 1005 4920 ait
1027 4856 1137 4942 (Rom.
1192 4878 1229 4923 eo
1252 4863 1332 4922 sunt
1352 4856 1519 4939 segniores
1541 4863 1575 4919 et
1594 4876 1712 4938 parum
1735 4854 1875 4934 solliciti,
1896 4854 2014 4938 perfidi
2035 4861 2114 4921 sunt
2129 4855 2166 4920 in

1191 4943 1297 5008 officio
1329 4949 1364 5006 et
1389 4942 1515 5025 patriae
1547 4963 1626 5007 suae
1658 4942 1874 5026 proditores·
1895 4941 2023 5007 Verum
2051 4941 2080 5005 si
2104 4940 2165 5007 hoc

1190 5029 1300 5112 ipsum
1333 5027 1375 5092 ad
1401 5048 1439 5093 se
1468 5027 1684 5108 transferant,
1718 5028 1836 5111 quibus
1868 5025 2034 5093 Dominus
2065 5026 2166 5111 aliam

163 5151 265 5274 ad
282 5143 1017 5288 cadatcadat-malui
1044 5145 1138 5201 22
1191 5113 1847 5282 statueramus*
1860 5110 2166 5264 uratur

252 5237 283 5275 m
878 5243 903 5269 ⁸·
1832 5250 1842 5279 υ
