4672 5842
164 307 222 368 lll
818 293 1083 363 INSTITUTIO
1106 295 1210 399 REL.
1234 294 1414 360 CHRIST.
1441 299 1532 358 1559.
2110 299 2172 361 112

161 512 231 556 cnm
258 490 326 571 filio
354 491 422 553 eam
450 488 728 551 eorrnnunicanerit.
774 485 841 550 Hoc
870 506 938 549 cero
959 505 1021 548 non
1036 485 1141 565 potuit
1192 505 1255 563 quo
1276 484 1456 548 enitionitns
1481 484 1599 564 fuerat,
1618 489 1646 547 et
1671 486 1778 548 carreis
1804 491 1940 566 respectu
1966 505 2054 550 66666
2078 488 2172 567 impe-

161 598 226 642 esse
247 598 285 641 ee
307 581 414 657 parte.-
441 575 518 654 quia
545 573 716 637 dim-ulium
739 571 895 652 fabricare
924 569 1028 633 Deum
1050 571 1140 652 rietus
1192 571 1277 632 rium
1299 569 1349 632 illi
1382 570 1491 633 datum
1521 590 1585 633 esse
1614 571 1648 631 in
1677 570 1799 634 coeloet
1821 573 1856 635 in
1878 576 1979 635 terra:
2013 574 2088 653 quin
2111 573 2170 637 etsi

161 668 245 728 esset.
289 661 381 725 Adde
410 661 491 739 quod
517 660 572 722 boc
597 658 685 721 nudo
705 658 791 739 foede
820 657 987 720 lacerarent
1011 655 1073 719 Dei
1095 677 1140 721 es-
1192 656 1366 719 extenditur
1387 656 1471 737 reqis
1487 661 1515 718 et
1534 656 1649 719 iudicis
1670 657 1819 720 rnaiestas
1846 658 1889 721 od
1910 662 2004 720 totam
2025 659 2170 722 mediato-

161 750 300 813 sevitiam.
349 746 457 809 Restat
484 750 517 808 nt
544 749 607 808 tota
628 749 655 806 et
685 745 716 806 in
744 743 879 807 solidum
901 743 1008 823 patris
1029 747 1056 805 et
1075 740 1140 822 tilii
1193 741 1238 806 ris
1255 761 1437 822 personam,
1466 741 1530 804 nisi
1558 745 1659 805 tarrien
1688 741 1776 807 Deus
1798 743 2015 823 manifestatus
2036 749 2112 807 esset
2134 746 2170 808 in

160 837 203 899 sit
223 833 401 898 eommunis.
428 830 515 912 Quod
536 832 566 893 si
586 850 693 893 cerum
715 833 766 901 est,
787 830 849 891 iam
872 849 947 892 sone
968 829 1070 909 quoad
1091 828 1139 906 ip-
1191 847 1297 903 carne,
1320 846 1381 889 nan
1404 827 1505 906 potuit
1535 827 1570 889 in
1592 831 1709 890 tardum
1736 829 1931 901 altitudinem
1960 830 2064 893 ertolli
2091 831 2170 910 quin

161 941 230 986 sam
251 920 339 982 mella
366 920 425 981 erit
450 917 581 980 alterins
607 915 646 978 ab
675 915 769 978 altero
795 915 946 978 discretio.
994 913 1032 976 Si
1059 914 1139 976 enci-
1191 912 1280 977 Dens
1301 931 1403 975 secum
1426 913 1491 992 ipse
1507 918 1670 993 puqnaret.
1715 916 1818 994 Atque
1835 913 1915 978 ham
1932 917 2170 979 controversiam

156 1008 258 1088 piant,
275 1010 400 1087 patrem
422 1002 613 1066 essentiancto
636 1021 758 1062 manere
782 998 984 1063 nihilominus
1011 1001 1138 1062 666666
1190 999 1302 1080 optime
1337 997 1459 1060 Paulus
1490 998 1571 1061 tollit
1603 998 1704 1080 (Phil.
1726 1004 1754 1076 2,
1776 1005 1804 1063 6.
1826 1000 1875 1079 7),
1909 1000 2070 1080 aequatem
2099 1001 2169 1065 Deo

161 1093 274 1163 Deum,
296 1111 388 1170 penes
409 1109 498 1168 quem
520 1089 561 1151 sit
582 1087 729 1150 essentia:
759 1084 902 1149 Christus
929 1105 1001 1167 erqo
1020 1085 1139 1166 66666-
1188 1085 1289 1165 secuse
1308 1084 1425 1158 docens,
1448 1088 1612 1163 antequam
1633 1105 1665 1148 se
1685 1086 1858 1150 erinoniret
1879 1087 1935 1149 mo
1955 1085 2059 1165 formo
2076 1088 2167 1151 serni.

112 1248 114 1253 ,
162 1179 245 1243 tin-us
266 1178 325 1240 erit
348 1175 444 1252 Deus,
467 1193 505 1238 66
525 1173 625 1252 specie
645 1176 766 1234 tantenn
786 1170 831 1234 nel
856 1172 993 1248 rcmriine,
1022 1191 1082 1234 non
1103 1189 1138 1234 rc
1193 1169 1295 1233 Porro
1334 1168 1508 1249 aequalitas
1547 1170 1607 1232 ista
1644 1173 1790 1250 quomodo
1816 1177 1926 1239 sta-ret.
1960 1173 2023 1235 nisi
2054 1172 2169 1253 fnisset

163 1266 250 1344 ipsa,·
283 1263 360 1343 quia
395 1260 461 1323 Deo
491 1257 570 1322 nihil
603 1258 705 1338 rnoqis
733 1257 903 1336 proprium
937 1277 1032 1336 quam
1063 1276 1137 1333 esse,
1190 1255 1280 1319 Dens
1300 1255 1355 1318 ille
1376 1255 1466 1318 euius
1487 1274 1596 1318 reornen
1613 1261 1657 1320 est
1686 1255 1728 1319 Ia
1749 1263 1776 1321 et
1799 1257 1945 1335 lehovoh,
1974 1259 2029 1337 qni
2050 1259 2169 1339 equitat

163 1351 254 1413 iusta
277 1347 370 1411 illud:
393 1347 448 1426 qni
469 1350 520 1420 est,
543 1342 630 1405 inuit
652 1362 699 1405 me
719 1343 762 1405 ad
786 1340 1027 1417 nostExod.3,
1050 1341 1113 1425 14).
1190 1361 1284 1422 snper
1308 1339 1479 1418 Cherubim,
1499 1341 1554 1420 qui
1575 1360 1631 1404 rec
1651 1347 1695 1404 est
1716 1345 1810 1408 totins
1831 1352 1945 1420 terroe,
1975 1348 2079 1407 elren
2101 1365 2168 1408 666-

250 1438 300 1496 24.
347 1430 480 1495 Falsum
507 1429 631 1509 quidem
659 1427 827 1507 essequod
848 1431 988 1504 666666,
1022 1429 1138 1506 quoties
1190 1426 1351 1489 66666612
1398 1425 1471 1489 Iam
1492 1431 1643 1506 utcunque
1670 1428 1856 1510 obstrepant,
1884 1450 1944 1493 666
1968 1435 2067 1510 potest
2087 1429 2170 1511 eripi

163 1520 296 1585 absohrte
316 1517 351 1598 fit
373 1516 436 1581 Dei
464 1514 575 1579 nieritio
597 1514 826 1591 inscriptura,
851 1532 911 1575 non
933 1514 1139 1592 nisipatrem
1193 1512 1316 1575 Christo
1338 1511 1419 1592 quod
1447 1512 1524 1575 olibi
1551 1512 1626 1575 dicit
1655 1513 1784 1578 Iesoias
1805 1520 1871 1599 (25,
1892 1515 1941 1599 9).·
1973 1514 2030 1591 hic,
2053 1515 2170 1580 tricast

164 1606 297 1687 intelliqi
319 1624 357 1667 66
378 1602 485 1665 multis
506 1601 582 1664 locis
612 1598 748 1680 refellere
763 1604 945 1678 pronrptnm
964 1604 1022 1677 est,
1055 1605 1081 1661 et
1105 1600 1139 1661 in
1190 1597 1400 1674 Densnoster‚
1423 1599 1665 1678 exspectavimus
1675 1620 1760 1678 enni;
1781 1601 1905 1680 quarulo
1926 1601 1977 1665 his
1998 1602 2099 1665 serbis
2112 1602 2169 1665 ad·

165 1692 232 1755 illis
254 1691 344 1769 ipsis,
372 1708 447 1767 quos
463 1707 526 1767 pro
543 1707 576 1749 se
600 1686 712 1761 citant,
734 1685 867 1765 turpiter
889 1684 1030 1764 producit
1047 1703 1140 1748 suom
1190 1688 1310 1746 nendum
1322 1682 1385 1746 Dei
1402 1683 1602 1762 redemptoris
1618 1685 1762 1749 describit
1773 1688 1897 1766 quinon
1908 1688 2138 1752 rnodoabersil

164 1775 406 1858 incoqitantiam,
428 1774 503 1853 quia
527 1772 591 1835 illic
609 1769 673 1850 tilii
695 1790 803 1832 66666
823 1771 1002 1850 apponitur.
1052 1769 1139 1834 Unde
1189 1769 1364 1851 babylonico
1387 1769 1539 1848 poputum
1565 1771 1730 1848 reduceret,
1760 1774 1814 1837 scd
1834 1773 1993 1837 eeclesiam
2011 1773 2100 1854 plene
2123 1793 2169 1836 ro-

163 1866 295 1942 apparet
320 1860 447 1923 relative
476 1859 576 1938 accipi
604 1855 669 1919 Dei
688 1875 810 1931 66666,
839 1855 964 1935 ideoque
991 1855 1138 1936 restrinqi
1190 1856 1324 1919 stitueret
1345 1855 1485 1918 omuibus
1507 1857 1654 1920 retinueris.
1700 1857 1805 1921 Altero
1829 1861 1923 1921 etiam
1949 1859 2059 1923 cavillo
2086 1858 2170 1924 nihii

164 1949 207 2013 ad
233 1947 341 2027 patris
366 1965 552 2024 personam,-
589 1962 625 2005 ao
657 1961 764 2004 eorum
795 1940 919 2004 obiectio
954 1962 1017 2014 666
1051 1940 1139 2003 verbo
1184 1941 1367 2022 proticimit,
1386 1938 1547 2003 Christum
1568 1942 1668 2021 tuisse
1679 1942 1783 2006 Deum
1806 1945 1841 2006 in
1857 1950 1949 2025 patre
1971 1966 2035 2008 sno.
2083 1944 2170 2008 Nom

165 2034 308 2099 diluitur.
354 2031 431 2093 Nisi
452 2029 536 2093 solus
547 2032 649 2108 pitter,
668 2028 821 2107 inquiunt,
842 2046 931 2090 cerus
947 2032 1024 2091 esset
1040 2026 1137 2103 Deus,
1190 2028 1247 2090 etsi
1264 2027 1401 2107 salernu
1425 2027 1543 2090 ratione
1565 2027 1686 2091 ordinis
1710 2034 1738 2092 et
1764 2031 1885 2111 quadus
1901 2031 2098 2113 principium
2119 2031 2169 2094 eli

164 2140 242 2183 suus
275 2119 342 2198 ipse
370 2121 463 2195 pater
495 2119 579 2180 esset.
636 2112 742 2193 Neque
774 2113 857 2175 enim
888 2113 1059 2176 edmundum
1085 2116 1137 2188 est,
1189 2113 1331 2177 ciuitatis
1352 2132 1417 2176 esse
1438 2113 1473 2175 in
1489 2118 1597 2190 patre,
1627 2115 1800 2178 detestabile
1822 2121 1925 2179 tamen
1946 2137 2011 2180 esse
2031 2117 2168 2180 elicimus

158 2209 287 2286 propter
306 2203 490 2286 qrnetennet
518 2199 658 2264 ordinem
680 2197 785 2261 Deum
805 2197 1011 2277 peculiariter
1033 2197 1139 2261 vocari
1190 2203 1389 2262 commentum
1417 2198 1515 2275 illud,
1549 2199 1646 2262 sotius
1674 2203 1782 2279 patris
1808 2204 1973 2265 essentium
2007 2222 2072 2266 esse
2094 2223 2170 2282 pro-

164 2291 218 2371 qui
252 2310 312 2353 non
343 2288 443 2352 solnm
472 2287 579 2368 qenuit
606 2305 644 2348 66
672 2304 704 2347 66
731 2304 822 2348 suom
848 2284 1051 2362 sapientiam,
1084 2281 1139 2347 sed
1184 2285 1304 2366 priam,
1327 2283 1420 2364 qnasi
1439 2283 1502 2363 filii
1531 2283 1689 2364 deificator
1708 2293 1800 2351 esset:
1823 2290 1899 2368 quio
1927 2287 1981 2352 boe
2008 2289 2096 2352 modo
2121 2289 2171 2354 cel

165 2376 254 2440 Deus
275 2375 367 2438 etnim
388 2378 433 2436 est
450 2372 641 2437 mediatoris.
664 2371 757 2432 sicuti
769 2368 899 2448 plenius
916 2390 972 2432 suo
991 2369 1052 2432 loeo
1073 2369 1139 2432 dis·
1192 2369 1353 2450 multiplex
1370 2375 1445 2433 esset
1473 2371 1622 2447 essentia,
1651 2371 1699 2434 cel
1728 2373 1814 2436 titulo
1836 2379 1863 2436 et
1885 2375 2106 2455 irnaqinatione
2128 2380 2170 2438 te-

164 2481 275 2527 seram.
322 2459 408 2523 Num
430 2478 468 2521 ec
489 2478 549 2538 quo
570 2456 790 2537 irrarritestatus
812 2459 855 2517 est
878 2456 912 2518 in
933 2475 1025 2518 eamne
1049 2453 1140 2519 Chri-
1191 2477 1252 2520 nus
1281 2454 1439 2519 Christum
1466 2455 1625 2536 appellant
1653 2457 1766 2521 Deum.
1813 2460 1851 2523 Si
1876 2460 2039 2522 concedant
2065 2459 2171 2538 tilium

164 2553 244 2612 stus.
276 2545 366 2625 tilius
393 2544 457 2607 Ilei
483 2547 621 2620 coeatur,
655 2562 712 2605 non
741 2546 862 2604 tantum
889 2546 1040 2619 quotenus
1069 2545 1139 2604 orate
1190 2561 1255 2606 esse
1276 2542 1388 2617 Deum,
1411 2541 1466 2605 sed
1485 2542 1653 2605 secuuntmn
1674 2564 1694 2605 a
1710 2550 1811 2624 patre,
1837 2546 1900 2608 iam
1925 2546 1955 2607 in
1979 2547 2047 2625 ipso
2062 2548 2169 2627 qenita

164 2631 288 2698 saecula
307 2632 430 2713 ⁴qeuitus
450 2650 489 2692 66
504 2633 599 2708 patre
618 2628 682 2707 suit
704 2632 846 2690 aeternnm
867 2645 975 2704 sermo,
998 2628 1139 2707 sedquia
1191 2627 1374 2708 ettbrmoto
1401 2627 1458 2689 erit
1481 2629 1625 2705 essentia,
1654 2649 1733 2708 quoe
1755 2636 1799 2694 est
1821 2631 1855 2694 in
1867 2636 1960 2712 patre
1984 2632 2120 2712 inqerrita
2141 2636 2172 2696 et

164 2719 346 2783 iriediotoris
367 2717 502 2795 suscepit
519 2733 689 2794 personam
716 2718 743 2777 et
769 2731 898 2789 nunnus,
932 2717 965 2775 nt
987 2712 1056 2776 Deo
1084 2731 1139 2774 rios
1191 2713 1345 2794 informis.
1392 2711 1461 2777 Scio
1487 2712 1594 2776 miultis
1623 2715 1745 2778 nasutis
1773 2716 1907 2780 ludibrio
1932 2737 1997 2780 esse
2025 2718 2106 2796 qnod
2133 2738 2172 2782 66

164 2806 365 2885 coninnqeret.
411 2800 454 2865 Et
481 2801 630 2881 quoniam
657 2799 760 2879 sitirem
787 2820 808 2862 6
836 2797 899 2860 Dei
930 2797 1043 2862 lnornre
1074 2803 1140 2860 tam
1191 2800 1291 2863 corbis
1319 2796 1422 2862 iliosis
1443 2819 1652 2879 personarum
1678 2801 1904 2867 distinctionem
1931 2803 2088 2880 elicimus,
2116 2803 2172 2868 ubi

165 2891 312 2955 audacter
352 2889 532 2964 excludunt,
571 2887 651 2949 seire
683 2884 791 2948 celim:
828 2903 924 2964 quum
955 2885 1140 2965 pronuntiat
1164 2850 1297 2949 haeum
1327 2885 1373 2949 sic
1400 2884 1567 2964 toquentem
1598 2885 1714 2949 inducit
1741 2887 1838 2969 (Gen.
1864 2893 1888 2963 l,
1909 2892 1982 2971 lbi:
2012 2888 2171 2969 faciamus

166 2975 300 3058 (Mauh.
327 2978 379 3052 19,
408 2976 460 3057 li)
492 2972 612 3036 nullmn
643 2990 708 3035 esse
745 2970 856 3033 bonurn
882 2974 1010 3051 practer
1044 2989 1141 3033 unum
1164 2968 1168 3037 t
1192 2970 1345 3034 hominem
1378 2971 1420 3034 ad
1454 2971 1618 3051 imaqinem
1651 2976 1795 3035 nostram.
1849 2973 1959 3038 Vident
1990 2979 2091 3038 torrnn
2116 2976 2171 3056 pii

126 3108 130 3115 -
165 3061 279 3137 Deum,
302 3081 345 3123 an
365 3080 398 3123 66
419 3059 549 3122 bonihde
564 3058 679 3137 pricet.
726 3055 798 3119 Non
820 3055 926 3136 666666
948 3056 986 3120 de
1002 3055 1141 3120 leurrrano
1194 3057 1315 3121 lectores
1336 3076 1431 3136 qnam
1449 3056 1568 3138 friqide
1590 3062 1679 3136 atque
1702 3059 1798 3138 inepte
1815 3058 1869 3124 hoc
1888 3060 1967 3123 uelut
1983 3059 2170 3141 colloquium

166 3148 234 3211 eius
257 3149 385 3221 reaturo,
414 3166 451 3208 ne
470 3145 550 3225 forte
570 3143 740 3223 excipiant,
768 3141 922 3221 quidquid
949 3143 985 3205 in
1005 3162 1043 3206 ea
1069 3142 1141 3205 boni
1194 3143 1348 3206 iruluceret
1379 3139 1496 3218 Moses,
1528 3143 1593 3205 uisi
1621 3143 1776 3208 subessent
1804 3145 1838 3208 in
1873 3167 1932 3210 666
1965 3145 2033 3210 Deo
2059 3147 2171 3226 plures

164 3232 236 3313 fuit,
258 3251 296 3293 66
315 3231 451 3312 proluito
472 3230 550 3294 douo
568 3230 715 3307 tlucisse;
735 3247 850 3307 quaero
868 3248 912 3292 an
929 3247 1028 3291 sermo
1046 3233 1142 3292 aeter-
1186 3249 1347 3309 personae.
1377 3227 1451 3290 Iam
1470 3248 1546 3307 quos
1568 3228 1737 3308 alloquitur
1752 3236 1853 3309 poter,
1876 3237 1992 3295 certum
2012 3232 2169 3311 estfuesse

166 3337 227 3381 666
248 3315 312 3380 Dei
333 3316 430 3379 boum
450 3317 490 3380 sit
509 3336 605 3379 66666.
651 3312 689 3376 Si
710 3319 824 3396 neqcnt,
846 3314 925 3378 sotis
946 3314 1141 3378 666661666-
1192 3316 1342 3378 inureatos
1348 3313 1449 3393 ,nibil
1457 3334 1527 3377 uero
1538 3314 1715 3392 increatum,
1728 3322 1847 3396 eccepto
1855 3318 1920 3396 ipso
1928 3318 1995 3382 Deo
2006 3322 2033 3381 et
2043 3318 2170 3398 quidem

166 3407 256 3466 intur
277 3422 383 3465 eorum
404 3403 564 3482 impietas;
584 3399 709 3482 fatendo
726 3421 758 3462 66
778 3401 861 3480 ipsos
879 3400 1028 3481 inquiant.
1054 3399 1141 3480 Quod
1192 3421 1261 3463 666.
1284 3399 2079 3484 Nuneerqonisieoriculorrtpatris,fitiietspiritns
2090 3424 2171 3467 com

166 3493 269 3552 aretem
289 3488 397 3567 primo
423 3488 539 3550 intuitu
566 3486 686 3549 uidetur
716 3483 859 3549 Christus
885 3508 906 3548 o
935 3505 968 3550 sc
991 3504 1141 3549 rerrtooere
1193 3505 1314 3550 nemnem
1322 3486 1424 3566 fnisse
1434 3486 1561 3549 6666666
1567 3491 1753 3566 pohshetem,
1769 3492 1962 3552 etconnnunc
1973 3490 2098 3553 iubendi
2112 3491 2171 3552 im·

165 3593 274 3637 nomeu
305 3572 391 3643 boui,
430 3574 609 3636 sertertium
647 3576 784 3635 nostram
825 3572 926 3654 maqis
963 3570 1139 3651 eontirnurt:
1186 3573 1322 3654 perium,
1334 3570 1589 3650 sequeturDenrn
1600 3593 1661 3634 non
1675 3573 1865 3636 intnssecum
1878 3576 1920 3638 ita
1928 3574 2169 3654 loquutumesse,

164 3680 271 3739 nempe
291 3678 386 3738 quum
402 3658 563 3740 sinqulare
583 3659 625 3721 sit
642 3657 737 3720 unius
749 3656 812 3721 Dei
829 3657 970 3739 eloqinm,
989 3662 1140 3738 quatenus
1191 3659 1245 3723 sed
1256 3657 1410 3720 direxisse
1422 3657 1464 3720 od
1475 3656 1728 3721 olioseetroneos
1739 3659 1863 3739 opifices
1874 3680 2049 3725 secutionem.
2072 3660 2172 3726 Deni-

164 3766 202 3808 en
225 3744 348 3827 cndqari
365 3765 448 3808 inore
469 3744 625 3818 salutatus
643 3743 749 3823 fecerat
770 3743 881 3819 boum,
909 3742 1029 3825 labrem
1049 3743 1140 3807 bono
1191 3764 1251 3825 qne
1272 3742 1355 3806 tocies
1377 3762 1460 3806 6666
1486 3742 1547 3806 dno
1572 3743 1668 3805 simut
1690 3765 1798 3807 eorum
1824 3747 1935 3809 obiecta
1956 3746 2051 3826 facile
2078 3767 2172 3826 expe·

163 3852 227 3895 rem
260 3830 447 3912 repudians,
479 3829 641 3893 bonitatem
672 3850 735 3909 qna
762 3828 859 3911 pollet
895 3830 1038 3893 diuinam
1075 3849 1140 3894 esse
1191 3831 1261 3895 diet.
1292 3827 1378 3891 bani
1399 3828 1480 3909 quod
1487 3830 1672 3908 pronuntiat
1684 3829 1829 3895 Christus
1842 3833 1906 3912 ipse
1917 3831 2045 3913 (Ioann.
2059 3839 2089 3910 4,
2104 3833 2171 3916 24),

164 3918 313 3981 admonui.
370 3917 491 3996 Quaero
521 3917 629 3994 eliano,
669 3915 722 3978 ubi
759 3913 902 3994 affirmat
943 3914 1065 3978 Paulus
1103 3915 1136 4000 (l
1193 3916 1298 3982 Deum
1320 3934 1385 3978 esse
1406 3915 1569 3993 spiritum,
1599 3915 1641 3977 ael
1656 3920 1780 3995 patrem
1812 3918 1911 3981 solum
1934 3919 2080 4001 restrinqi
2102 3939 2173 3982 con-

165 4002 248 4065 nim.
276 4007 301 4076 l,
331 4000 383 4081 17)
418 4002 519 4065 solnm
552 4001 657 4064 Deum
691 4020 756 4065 esse
797 4001 1015 4065 immortalem.
1055 4002 1141 4082 sopi-
1192 4006 1374 4066 sentanenm
1405 4020 1467 4062 non
1507 4005 1597 4078 esset,
1637 4021 1674 4064 ae
1705 4003 1737 4065 si
1766 4024 1864 4067 sermo
1898 4004 1963 4084 ipse
2002 4025 2059 4068 666
2095 4009 2174 4068 esset

164 4093 260 4152 entem
292 4093 319 4150 et
353 4108 518 4165 coracem,
535 4109 578 4151 66
605 4086 656 4151 his
688 4086 789 4150 serbis
823 4087 856 4149 iu
888 4087 1029 4151 ordinem
1062 4107 1141 4150 rnor-
1194 4085 1375 4168 spiritualis
1396 4091 1535 4150 natiuae.
1582 4087 1670 4166 Quod
1692 4089 1722 4152 si
1743 4090 1810 4168 filio
1833 4090 1987 4163 similiter,
2017 4095 2051 4153 ut
2072 4090 2172 4171 patri,

163 4174 288 4251 talium,
320 4173 484 4238 stultorum
515 4178 542 4237 et
572 4173 738 4254 fallacium
775 4171 935 4254 ruliqatar
969 4171 1139 4236 Christus?
1193 4173 1328 4238 conuenit
1359 4191 1467 4234 nomen
1494 4172 1641 4252 spiritus,
1675 4174 1732 4237 sub
1770 4174 1927 4254 inde-linito
1954 4174 2018 4239 Dei
2051 4177 2174 4241 666666

166 4260 240 4323 Non
261 4260 321 4323 erit
341 4260 438 4341 iqitnr
460 4259 662 4336 immortalis,
690 4259 746 4338 qni
766 4258 805 4320 ab
828 4258 918 4322 initio
939 4259 1004 4321 nito
1024 4257 1088 4337 fuit
1108 4260 1142 4319 ut
1192 4258 1296 4339 filium
1327 4255 1539 4336 cornprebendi
1571 4258 1684 4341 eolliqo.
1731 4259 1863 4324 Scibiicit
1894 4267 1996 4324 terrun
2028 4263 2173 4326 constituto

163 4346 283 4427 anqelis
305 4345 566 4409 immortalitatem
582 4344 754 4425 conferret?
775 4363 834 4407 non
855 4345 914 4407 erit
930 4345 1064 4425 sapiens,
1087 4343 1143 4423 qui
1190 4349 1268 4425 post,
1293 4363 1353 4406 non
1375 4343 1454 4406 citios
1475 4344 1606 4423 probari
1625 4346 1753 4410 cultores
1769 4348 1860 4425 patri
1881 4347 1946 4411 nisi
1968 4349 2024 4427 qui
2045 4369 2115 4411 uem
2139 4349 2174 4411 in

164 4437 290 4496 aeterna
311 4436 356 4496 est
376 4431 441 4496 Dei
461 4430 644 4510 sapientia?
674 4450 733 4492 riou
759 4431 818 4493 erit
846 4451 940 4494 cerae
973 4431 1043 4510 ipsa
1066 4430 1143 4494 neri·
1194 4430 1310 4511 spiritu
1335 4434 1364 4492 et
1390 4430 1515 4492 veritate
1542 4430 1682 4495 adorant.
1741 4431 1826 4496 b'ndc
1853 4432 1986 4496 atterum
2013 4434 2173 4514 consequi·

164 4517 237 4581 tos?
285 4519 406 4598 Quaero
432 4522 595 4599 praetereo
627 4515 824 4580 Christnmne
853 4517 1049 4580 adorandum
1078 4535 1143 4580 een·
1194 4521 1254 4593 tur,
1277 4515 1354 4596 qnia
1374 4514 1432 4577 snb
1453 4517 1552 4595 eapite
1572 4517 1717 4599 ficriqitur
1741 4515 1885 4581 Christus
1906 4519 2007 4599 officio
2029 4520 2172 4597 doctoris,

165 4603 278 4667 scant?
326 4604 363 4667 Si
387 4605 470 4668 enirn
490 4602 545 4667 boc
574 4603 643 4667 inre
664 4601 726 4667 sibi
753 4602 894 4665 vendicat
905 4601 1006 4684 (Phil.
1027 4605 1055 4676 2,
1078 4601 1141 4684 10),
1194 4600 1258 4666 Dei
1280 4621 1387 4664 nomen
1404 4603 1493 4680 patr-i
1514 4603 1700 4678 discribere,
1727 4623 1788 4665 non
1815 4608 1850 4665 ut
1870 4603 1987 4668 aboleat
2008 4626 2102 4669 suam
2126 4606 2174 4684 ip-

166 4693 200 4750 ut
217 4689 357 4766 ttutotur
378 4709 483 4754 coram
505 4691 572 4770 ipso
594 4710 681 4752 omne
700 4708 790 4770 qenu,
811 4689 951 4768 sequitur
971 4687 1061 4751 illurn
1078 4707 1143 4751 esse
1194 4689 1264 4751 sius
1284 4687 1436 4765 deitatem,
1459 4688 1513 4752 sed
1536 4693 1568 4750 ut
1582 4688 1743 4769 qradatim
1765 4708 1819 4750 nos
1840 4689 1882 4753 ad
1903 4698 1972 4753 eoin
1993 4691 2119 4755 attollat.

166 4772 277 4839 Deum
305 4775 360 4853 qni
385 4776 416 4836 in
436 4775 498 4855 leqe
522 4777 613 4840 vetuit
634 4794 818 4857 quemquam
839 4773 941 4836 olium
960 4779 1089 4855 praeter
1110 4793 1143 4838 sc
1187 4843 1197 4865 ι
1281 4776 1331 4837 25.
1378 4772 1441 4837 Sed
1467 4775 1501 4836 in
1527 4794 1560 4837 eo
1587 4771 1700 4836 scilieet
1726 4772 1958 4839 hallucinantur
1986 4778 2068 4857 qnod
2091 4777 2173 4840 indi-

164 4857 303 4921 adorari.
347 4857 397 4922 De
418 4861 481 4923 soto
503 4866 595 4940 patre
621 4863 667 4925 sic
688 4859 788 4939 accipi
816 4860 920 4923 nolum
948 4860 1030 4940 quod
1056 4859 1143 4941 apud
1194 4858 1292 4922 nidm
1313 4861 1475 4937 somniant,
1505 4878 1635 4938 qnorum
1654 4859 1781 4941 sinquia
1797 4866 1924 4942 partem
1950 4861 2105 4928 obtineant
2124 4882 2172 4926 es·

167 4940 308 5005 Iesaiam
340 4942 406 5026 (tt,
427 4946 461 5026 6)
495 4944 624 5009 dicitur:
656 4966 708 5028 eqo
736 4964 822 5023 sum,
847 4966 884 5009 oc
913 4965 999 5009 nemo
1014 4951 1144 5026 praeter
1195 4945 1320 5010 sevitiae.
1365 4946 1464 5025 Atqui
1492 4965 1531 5007 en
1554 4943 1720 5024 scripturis
1741 4946 1883 5011 doeemur
1905 4970 2002 5011 nrrznn
2024 4950 2172 5013 essemin-

165 5047 230 5106 me;
256 5026 309 5090 hoc
337 5028 544 5091 testimoninm
564 5031 599 5092 in
622 5031 706 5112 ipsos
727 5036 892 5111 retorqueo,
919 5032 1042 5112 quando
1061 5031 1144 5096 cido·
1195 5030 1266 5095 liter
1286 5031 1391 5096 Deum
1411 5049 1483 5104 esse,
1505 5028 1630 5108 ideoque
1647 5032 1811 5095 essentiam
1831 5038 1896 5097 tam
1916 5033 1978 5114 filii
1995 5055 2091 5114 quam
2107 5035 2174 5116 spi-

165 5134 237 5178 ruus
260 5111 382 5177 Christo
404 5113 534 5177 attribui
554 5115 709 5194 quidquid
730 5115 794 5180 Dei
815 5122 868 5182 est.
913 5117 979 5181 Noc
995 5117 1081 5182 locres
1098 5121 1144 5182 est
1194 5118 1277 5181 ritus
1297 5138 1363 5183 esse
1385 5115 1560 5197 inqenitam.
1606 5113 1668 5180 Sed
1693 5122 1845 5197 qnatenus
1861 5125 1954 5201 pater
1975 5121 2084 5185 ordine
2101 5122 2174 5202 pri·

166 5219 272 5266 eorum
294 5199 418 5279 cavillo,
444 5197 603 5264 Christum
626 5202 660 5264 in
686 5221 779 5266 earne
798 5202 901 5282 [uisse
921 5202 1089 5268 amatum
1108 5204 1144 5268 in
1195 5224 1267 5269 mus
1287 5209 1340 5281 est,
1361 5206 1452 5282 atque
1471 5219 1510 5264 ea
1531 5220 1564 5264 se
1583 5203 1689 5283 qenuit
1708 5223 1802 5268 snam
1827 5207 2030 5288 sapientiam,
2053 5208 2173 5287 rnerito,
