4672 5842
808 302 1073 371 INSTITU‘I'IO
1094 304 1199 370 RDL.
1222 303 1404 370 annisa.
1430 309 1522 369 1559.
2102 307 2170 368 912

105 291 113 313 “
164 318 225 378 err

164 504 251 565 tione
278 519 353 562 cum
380 496 582 578 poenitentia
603 503 818 570 revertentes,
846 503 1016 574 peecatum
1038 514 1136 556 suum
1189 507 1248 557 est
1284 490 1437 571 Proinde,
1456 493 1586 556 tametsi
1604 491 1798 570 familiarius
1817 492 1943 556 versari
1953 500 2012 554 aut
2029 491 2168 555 interio-

163 584 383 651 satisfactione
410 582 528 645 humili
556 592 590 645 81
616 581 754 663 simplici
781 581 981 644 confitentes.
1027 577 1136 663 Chry·
1189 601 1259 643 rem
1296 577 1565 644 consuetudinem
1603 578 1724 643 habere
1758 598 1835 641 eum
1873 577 2168 643 excommunicatis

162 680 324 736 sostomus
358 668 525 750 aliquanto
554 666 680 744 durior,
714 668 761 730 sic
784 678 895 729 tamen
918 665 1077 746 loquitur:
1109 665 1136 729 si
1189 686 1254 729 non
1283 665 1379 729 liceat
1405 686 1463 746 per
1485 664 1737 729 ecclesiasticam
1760 663 1983 745 disciplinam,
2006 662 2167 727 debemus

161 755 255 820 Deus
277 766 345 818 tam
366 753 529 836 benignus
556 762 622 828 est,
652 750 788 833 utquid
814 750 964 815 sacerdos
986 751 1055 813 eius
1077 772 1136 813 au·
1188 760 1301 815 tamon
1330 749 1542 828 contendere,
1577 749 1693 831 quibus
1716 770 1890 831 possumus
1912 748 2034 825 modis,
2064 748 2167 812 atad

162 852 268 907 sterus
290 840 365 904 vult
387 838 513 904 videri?
558 836 689 903 Scimus
709 846 961 919 praetereaque
982 836 1136 900 facilitate
1189 836 1357 900 meliorem
1384 837 1512 918 frugem
1539 837 1688 900 conversi
1716 836 1751 899 in
1778 835 1966 900 societatem
1988 854 2028 897 ac
2056 834 2166 898 unita-

43 946 55 959 *
161 950 242 992 usus
264 928 308 991 811
329 925 535 1008 Augustinus
561 945 640 1006 erga
660 924 868 998 Donatistae,
897 935 1020 985 utnon
1043 920 1136 985 dubi·
1190 931 1257 986 tem
1279 922 1433 986 eeclesiae
1456 944 1490 986 sc
1512 922 1681 1004 recipiant
1727 919 2013 1000 Quemadmodum
2036 931 2166 1002 aposto-

162 1013 284 1078 taverit
305 1014 342 1077 in
363 1013 584 1093 episcopatum
606 1009 748 1090 recipere
768 1009 824 1090 qai
846 1031 866 1072 a
886 1008 1061 1073 schismate
1084 1028 1136 1070 re·
1188 1007 1240 1071 lus
1269 1028 1397 1089 quoque
1426 1007 1520 1072 docet
1544 1008 1579 1085 (2
1599 1007 1712 1070 Thess.
1737 1010 1773 1083 3,
1795 1006 1863 1089 15):
1897 1006 2013 1083 nolite,
2049 1008 2165 1088 inquit,

162 1099 307 1174 dierant,
341 1095 436 1178 idque
458 1096 570 1158 statim
597 1107 672 1177 post
699 1096 963 1175 resipiscentiam.
1008 1094 1136 1156 Verum
1189 1094 1377 1157 existimare
1409 1093 1503 1174 quasi
1524 1093 1689 1171 inimicos,
1720 1092 1777 1156 sed
1799 1092 1952 1173 corripite
1974 1102 2012 1155 ut
2036 1093 2165 1157 fratres

162 1187 240 1267 quia
261 1184 423 1249 contraria
449 1182 533 1244 ratio
560 1180 758 1256 invaluerat,
785 1181 885 1245 macti
907 1194 984 1244 sunt
1005 1180 1135 1260 proprio

163 1271 282 1336 iudicio
304 1268 416 1333 cedere
438 1277 475 1331 ut
495 1288 567 1330 eam
589 1280 810 1348 sequerentur.

251 1411 278 1469 9.
324 1401 609 1483 Quemadmodum
628 1412 737 1467 8111881
756 1405 790 1465 18
809 1412 876 1464 1818
894 1401 1046 1465 ecclesiae
1064 1423 1134 1466 cor-

162 1514 240 1576 pore
262 1491 343 1554 haec
365 1488 583 1552 mansuetudo
606 1490 791 1570 requiritur,
815 1501 851 1550 ut
874 1487 1051 1552 clementer
1074 1508 1134 1552 nee

158 1834 246 1899 hanc
278 1833 486 1898 clementiam
519 1842 552 1895 ct
585 1832 824 1895 humanitatem
851 1840 1066 1911 attemperare
1099 1852 1133 1893 se

160 1919 266 1984 debet.
310 1918 385 1982 Non
415 1938 492 2000 ergo
515 1928 665 1980 nostrum
687 1927 749 1995 est,
770 1916 867 1991 tales,
891 1916 947 1997 qui
970 1916 1009 1979 ab
1032 1915 1133 1980 cccle-

162 2104 217 2155 aut
246 2090 418 2172 desperare
437 2090 531 2170 quasi
553 2089 619 2151 iam
647 2088 800 2170 perditos.
847 2088 981 2151 Alienos
1003 2086 1134 2169 quidem

162 2178 203 2242 ab
231 2176 366 2242 ccclesia
393 2173 536 2238 iudicare
564 2175 613 2238 fas
635 2184 698 2250 est,
727 2184 759 2238 et
787 2173 922 2256 proinde
945 2195 965 2236 a
986 2171 1132 2237 Christo:

162 2262 219 2327 sed
242 2283 301 2343 pro
323 2282 360 2325 eo
382 2269 528 2341 tempore
550 2282 613 2341 quo
637 2261 671 2323 in
695 2259 833 2324 divortio
855 2268 998 2322 manent.
1038 2257 1135 2338 Quod

163 2350 191 2413 81
213 2358 285 2411 tum
307 2367 433 2428 quoqne
454 2346 610 2409 maiorem
642 2346 841 2428 pervicaciae
863 2366 960 2426 quam
983 2344 1135 2407 humam-

162 2433 241 2498 tatis
263 2433 402 2514 speciem
424 2432 626 2513 praeferunt,
650 2454 704 2496 eos
726 2441 836 2494 tamen
859 2429 976 2495 iudicio
998 2428 1135 2494 Domini

164 2517 444 2591 commendemus,
477 2517 612 2580 meliora
633 2517 672 2581 de
692 2517 733 2581 iis
755 2519 790 2579 in
811 2524 978 2598 postorum
1001 2537 1135 2597 speran-

111 2634 118 2641 ’
164 2613 214 2669 188
236 2624 334 2686 quam
356 2602 507 2666 videmus
530 2604 562 2666 in
585 2623 755 2683 praesens,
778 2623 838 2665 nec
860 2610 1031 2684 propteroa
1051 2601 1135 2665 desi-

163 2712 281 2754 namus
312 2711 372 2773 pro
404 2689 444 2752 iis
467 2688 576 2752 Deum
608 2683 743 2771 precari.
788 2689 848 2766 Et,
883 2698 921 2751 ut
942 2688 1041 2752 verbo
1070 2709 1136 2751 uno

163 2776 368 2858 complectar,
392 2796 458 2838 non
480 2796 652 2856 personam
675 2774 788 2856 ipsam,
811 2774 950 2855 quaein
969 2795 1068 2837 manu
1087 2780 1136 2836 at

163 2883 226 2946 888
254 2861 388 2926 arbitrio
411 2861 474 2925 Dei
497 2861 596 2924 solius
618 2870 683 2935 est,
713 2861 748 2922 in
777 2869 914 2923 mortem
937 2858 1134 2935 addicamus,

163 2947 221 3014 sod
247 2956 377 3011 tantum
399 2947 508 3029 qualia
534 2948 601 3010 sint
626 2947 781 3028 cuiusque
808 2966 906 3027 opera
928 2945 1136 3009 aestimemus

164 3056 206 3099 ex
238 3032 311 3115 lege
343 3033 486 3096 Domini.
531 3031 640 3112 Quam
667 3032 815 3115 regulam
849 3031 928 3095 dum
961 3031 1134 3113 sequimur,

163 3127 289 3184 stamus
310 3119 417 3200 potius
440 3118 549 3182 divino
570 3116 689 3183 iudicio
710 3139 808 3200 quam
829 3127 979 3182 nostrum
1000 3116 1136 3199 proferi-

163 3226 245 3269 mus.
290 3204 372 3268 Plus
393 3203 545 3269 licentiae
565 3224 606 3267 ne
629 3205 723 3269 nobis
745 3204 781 3267 in
808 3203 981 3267 iudicando
1004 3222 1136 3285 arroge-

162 3312 252 3370 mus,
275 3291 339 3354 nisi
360 3289 513 3355 volumus
535 3287 599 3352 Dei
622 3291 778 3353 virtutem
799 3290 956 3367 limitare,
980 3311 1017 3354 ac
1039 3289 1135 3352 mise-

162 3375 321 3440 ricordiae
343 3377 413 3440 eius
441 3376 548 3458 legem
575 3374 697 3440 dicere:
725 3376 779 3439 cui
800 3377 927 3456 quoties
948 3376 1053 3440 1181181
1077 3382 1135 3452 est,

162 3463 296 3546 pessimi
331 3462 366 3525 in
399 3462 537 3542 optimos
576 3469 762 3536 mutantur,
803 3461 899 3524 alieni
933 3462 1135 3536 inseruntur,

163 3547 311 3612 extranei
345 3554 536 3628 cooptantur
563 3546 596 3608 iu
625 3545 803 3611 eeclesiam.
848 3546 951 3627 quue
973 3545 1137 3609 Dominus

163 3635 233 3718 agit
260 3642 297 3695 ut
323 3632 369 3697 sic
398 3632 568 3695 hominum
590 3632 776 3712 opinionem
798 3632 924 3709 eludat,
953 3642 986 3696 et
1007 3633 1139 3696 temeri·

163 3728 267 3783 tatem
290 3716 458 3782 retrmdat:
481 3737 563 3799 quae
586 3717 648 3781 nisi
672 3725 867 3791 coerceatur,
890 3719 952 3783 sibi
971 3716 1138 3783 iudicandi

163 3806 217 3871 ius
239 3826 337 3888 supra
358 3824 458 3887 quam
478 3803 572 3869 decet
592 3824 751 3886 usurpare
773 3802 878 3868 audet.

255 3930 302 3989 10.
347 3926 434 3989 Nam
461 3924 547 4007 quod
573 3925 735 4007 promittit
757 3923 910 3988 Christus
930 3924 1064 4004 (Matth.
1089 3929 1136 4002 18,

169 4014 233 4093 la),
261 4011 401 4093 ligatum
429 4013 465 4073 in
492 4010 581 4075 coelo
610 4011 678 4075 fore
699 4009 786 4092 quod
808 4011 859 4074 881
887 4010 922 4072 18
944 4022 1033 4074 18118
1054 4010 1137 4093 liga-

164 4097 289 4174 verint,
318 4095 445 4179 ligandi
466 4098 535 4161 vim
561 4096 603 4160 ad
625 4096 778 4162 ecelesiae
801 4116 972 4161 censuram
1000 4096 1136 4160 limitat:

163 4202 228 4266 qua
249 4203 316 4245 non
337 4183 554 4248 coniiciuntur
575 4183 611 4246 in
628 4192 819 4264 perpetuam
839 4181 969 4246 ruinam
989 4204 1027 4247 88
1045 4180 1137 4245 dam-

162 4269 331 4333 nationem
353 4269 409 4349 qui
435 4269 774 4345 excommunicantur,
803 4268 860 4332 sed
882 4269 985 4331 vitam
1013 4289 1137 4332 mores·

162 4376 224 4438 que
251 4375 329 4420 suos
356 4353 506 4418 damnari
539 4352 723 4431 audientes,
757 4375 835 4418 suae
865 4354 964 4418 etiam
990 4354 1137 4436 ipsorum

37 4509 46 4521 ,
206 4448 341 4524 1881888
363 4439 591 4516 (188188118818,
615 4438 679 4503 8181
699 4439 913 4521 resipuerint,
937 4441 1017 4505 certi
1041 4442 1135 4504 fiunt

163 4463 337 4610 biqmdem
356 4526 417 4589 hoc
435 4525 545 4589 differt
562 4525 603 4589 ab
614 4525 823 4589 anathemate
836 4527 1135 4604 excommunicate,

1188 1179 1280 1243 Haec
1301 1179 1489 1242 humanitas
1511 1179 1575 1242 nisi
1597 1191 1665 1241 tam
1685 1179 1840 1260 privatim
1861 1198 1959 1259 quam
1980 1179 2167 1242 communi·

1188 1276 1238 1328 ter
1267 1275 1429 1341 servetur,
1464 1264 1644 1345 periculum
1676 1276 1726 1328 est
1753 1286 1795 1327 ne
1817 1285 1858 1328 ex
1885 1261 2062 1346 disciplina
2088 1284 2168 1328 mox

1187 1347 1378 1414 delabamur
1399 1349 1441 1414 ad
1461 1351 1692 1414 carnificinam.

1276 1440 1323 1499 ll.
1369 1436 1441 1500 Hoc
1461 1458 1588 1518 quoque
1616 1435 1658 1499 ad
1686 1434 1876 1517 disciplinae
1904 1432 2166 1499 moderationem

559 1575 565 1587 .
746 1575 752 1586 .
962 1573 968 1585 .
1158 1504 1162 1585 1
1187 1522 1222 1584 18
1244 1522 1357 1602 8111818
1379 1523 1565 1603 requiritur,
1585 1520 1673 1604 quod
1690 1521 1898 1604 Augustinus
1915 1529 2031 1585 888118
2049 1519 2165 1585 Dona·

162 1599 265 1659 usque
287 1575 328 1639 ad
350 1596 515 1640 summum
539 1596 680 1657 rigorem
701 1573 940 1637 animadvertat
960 1595 993 1635 18
1016 1572 1132 1654 188888,
1158 1592 1161 1657 Ι

161 1662 219 1727 scd
242 1663 367 1744 potius,
397 1660 576 1725 seeundum
598 1660 695 1724 Pauli
717 1669 941 1742 praeceptum,
964 1659 1133 1734 caritatem
1158 1662 1161 1745 1

159 1749 196 1812 in
228 1769 283 1812 888
314 1748 499 1816 confirmet,
533 1747 580 1809 ita
609 1767 668 1829 pro
697 1746 887 1827 aequisque
916 1743 1063 1826 privatus
1093 1744 1133 1808 ad
1158 1756 1161 1795 ¹

1187 1607 1282 1670 tistas
1305 1606 1463 1705 disputat,
1491 1629 1532 1671 nc
1555 1608 1608 1671 vel
1628 1608 1750 1689 privati
1771 1606 1935 1682 homines,
1960 1607 1988 1669 81
2013 1606 2166 1671 viderent

1186 1693 1297 1756 minus
1324 1693 1500 1775 diligenter
1528 1715 1548 1757 a
1577 1694 1744 1757 seniorum
1770 1691 1906 1757 concilio
1929 1692 2011 1755 vitia
2033 1694 2163 1775 corrigi

1187 1777 1417 1843 discessionem
1439 1787 1612 1860 propterea
1632 1780 1786 1843 continuo
1809 1778 1849 1841 ab
1867 1777 2005 1842 88818818
2027 1778 2163 1857 fasiana

1187 1876 1244 1927 ant
1266 1865 1338 1961 'ipsi
1371 1874 1532 1945 pastores,
1561 1866 1589 1927 ai
1618 1873 1781 1946 nequeant
1808 1886 1850 1927 ex
1878 1864 1978 1926 animi
2009 1864 2062 1928 sui
2090 1874 2164 1929 voto

1185 1971 1295 2013 omma
1317 1971 1495 2031 repurgare
1516 1971 1600 2032 quae
1621 1949 1821 2014 correctione
1843 1948 2002 2031 indigent,
2020 1949 2098 2014 ideo
2110 1951 2163 2014 ab·

161 2007 210 2070 sia
236 2014 314 2070 sunt
342 2003 471 2086 expulsi
500 2023 688 2085 expungere
717 2025 758 2066 ex
784 2002 961 2066 electorum
988 2023 1133 2077 numero,
1186 2035 1299 2100 finiant
1326 2036 1560 2112 ministerium,
1593 2036 1645 2100 vel
1674 2036 1832 2099 inusitata
1853 2035 2030 2116 asperitate
2060 2048 2163 2100 mmm

1187 2121 1357 2186 ecclesiam
1385 2122 1585 2202 perturbent.
1635 2122 1699 2185 Est
1724 2122 1812 2184 enim
1839 2121 2048 2185 verissimum
2078 2121 2163 2203 quod

1187 2207 1307 2282 scribit,
1321 2207 1347 2289 ¹)
1369 2228 1501 2288 nempe:
1524 2207 1669 2288 quisquis
1690 2206 1743 2270 vel
1760 2206 1845 2288 quod
1865 2219 1973 2288 potest
1995 2207 2163 2290 arguendo

1110 2345 1116 2357 .
1187 2293 1329 2375 corrigit,
1343 2293 1394 2357 vel
1412 2290 1497 2374 quod
1509 2293 1671 2374 corrigere
1684 2313 1750 2355 non
1764 2301 1872 2373 potest
1886 2292 1977 2357 salvo
1989 2293 2082 2375 pacis
2095 2296 2164 2358 vin·

1126 2429 1133 2443 .
1187 2377 1259 2443 culo
1281 2377 1435 2454 excludit,
1458 2378 1509 2442 181
1522 2375 1607 2460 quod
1629 2379 1719 2443 salvo
1741 2379 1830 2458 88818
1843 2378 1975 2443 1188818
1988 2379 2163 2445 excludere

1187 2484 1255 2526 non
1277 2473 1399 2545 potest,
1422 2464 1583 2545 aequitate
1602 2464 1778 2545 improbat,
1804 2464 1961 2529 firmitate
1977 2475 2164 2547 supportat,

1188 2549 1277 2614 hunc
1295 2571 1315 2613 a
1330 2548 1557 2615 maledictione
1575 2549 1715 2614 liberum
1733 2572 1770 2614 ac
1782 2550 1925 2615 solutum
1937 2572 2016 2616 8888.
2045 2552 2164 2616 Ratio-

1187 2657 1264 2699 nem
1281 2636 1357 2700 alibi
1380 2634 1496 2712 reddit,
1508 2636 1537 2718 ²)
1559 2637 1636 2717 quia
1658 2637 1764 2700 omnis
1787 2637 1842 2718 pia
1858 2637 1955 2712 ratio,
1986 2647 2019 2699 et
2042 2637 2166 2702 modus

1188 2721 1423 2786 ecclesiasticae
1435 2720 1639 2802 disciplinae,
1658 2723 1819 2786 unitatem
1831 2721 1961 2804 spiritus
1973 2721 2008 2783 in
2024 2721 2166 2786 vinculo

1188 2808 1277 2888 pacis
1304 2808 1425 2870 intueri
1451 2829 1580 2888 semper
1606 2806 1717 2885 debet,
1745 2806 1831 2890 quod
1860 2805 2024 2888 apostolus
2057 2808 2166 2871 suffe-

1188 2892 1290 2957 rendo
1318 2914 1377 2957 nos
1405 2894 1547 2958 invicem
1573 2894 1733 2976 praecipit
1754 2891 1921 2969 custodiri,
1950 2902 1984 2954 et
2005 2913 2072 2974 quo
2095 2914 2166 2956 non

1189 2977 1349 3042 custodito
1382 2978 1546 3044 vindictae
1577 2979 1739 3045 medicina
1770 3000 1839 3045 non
1875 2987 2006 3042 tantum
2046 2999 2164 3060 super·

1189 3084 1307 3140 vacua,
1340 3062 1397 3129 sed
1424 3066 1524 3129 etiam
1551 3067 1732 3146 perniciosa
1758 3087 1830 3130 esse
1862 3065 1990 3146 incipit,
2025 3064 2163 3147 ideoque

1188 3150 1351 3215 medicina
1372 3172 1443 3214 case
1466 3150 1593 3215 desinit.
1637 3152 1739 3229 Haec,
1761 3152 1884 3233 inquit,
1906 3152 1962 3233 qui
1985 3148 2163 3233 diligenter

1189 3237 1318 3318 cogitat,
1341 3258 1401 3301 nec
1423 3237 1457 3300 in
1479 3239 1724 3302 conservatione
1745 3238 1883 3302 unitatis
1905 3237 2047 3319 negligit
2068 3234 2162 3301 (11881-

1188 3321 1297 3403 811888
1319 3323 1541 3401 severitatem,
1564 3345 1624 3388 nec
1646 3324 1839 3406 intemperie
1862 3323 2078 3388 correctionis
2098 3320 2163 3387 dis·

1190 3407 1314 3489 1818811
1339 3408 1506 3473 1188111818
1535 3411 1707 3474 societatis.
1756 3409 1897 3473 Fatetur
1918 3409 2065 3491 quidem,
2097 3428 2161 3473 nou

1188 3504 1335 3576 pastores
1361 3493 1457 3558 modo
1484 3493 1601 3560 debere
1627 3497 1663 3558 in
1691 3495 1776 3559 hanc
1803 3506 1931 3576 partem
1958 3495 2156 3569 incumbere,

1189 3600 1231 3643 ne
1258 3578 1336 3661 quid
1368 3581 1403 3644 in
1430 3580 1566 3646 ecclesia
1594 3581 1665 3645 vitii
1696 3591 1880 3660 remaneat,
1909 3580 1966 3645 sed
1989 3582 2160 3662 unicuique

1189 3664 1303 3730 eodem
1335 3667 1526 3730 enitendum
1557 3687 1616 3749 pro
1648 3688 1709 3732 sua
1736 3667 1841 3745 virili;
1873 3688 1934 3732 nec
1968 3666 2160 3743 dissimulat,

1189 3772 1265 3814 8818
1287 3752 1343 3833 881
1364 3752 1468 3817 malos
1490 3774 1631 3832 monere,
1654 3774 1807 3836 arguere,
1831 3752 1994 3836 corrigere
2015 3751 2162 3835 negligit,

1189 3837 1318 3901 etiamsi
1344 3838 1385 3902 iis
1412 3859 1478 3902 non
1506 3839 1627 3915 faveat,
1656 3861 1715 3904 nec
1743 3861 1818 3905 cum
1839 3839 1880 3902 iis
1908 3847 2037 3921 peccet,
2071 3859 2163 3901 reum

1189 3944 1260 3986 esse
1282 3943 1392 3987 coram
1412 3924 1569 3987 Domino:
1597 3924 1683 4005 quod
1705 3925 1855 3990 sitalem
1882 3925 1970 4007 gerit
1991 3944 2163 4008 personam

1190 4019 1228 4071 ut
1249 4009 1347 4072 etiam
1369 4030 1389 4072 a
1410 4020 1689 4074 sacramentorum
1717 4011 1968 4094 participatione
1989 4010 2090 4092 possit
2111 4030 2162 4073 se·

1189 4113 1321 4176 parare,
1344 4103 1378 4158 et
1398 4117 1465 4158 non
1486 4095 1579 4173 facit,
1602 4097 1670 4160 iam
1696 4118 1762 4160 non
1784 4096 1889 4161 alieno
1909 4096 1998 4162 malo
2020 4115 2161 4179 peccare,

1190 4179 1247 4244 sed
1270 4200 1338 4242 suo.
1388 4181 1533 4244 Tantum
1559 4180 1594 4244 id
1621 4183 1692 4246 fieri
1715 4183 1787 4248 vult
1814 4180 1962 4246 adhibita
1989 4182 2162 4265 prudentia

1189 4286 1288 4348 quam
1310 4266 1473 4331 Dominus
1495 4287 1623 4349 quoque
1644 4268 1797 4350 requirit,
1821 4290 1871 4344 88,
1894 4266 1975 4332 (1881
1996 4268 2162 4333 eradican-

1190 4364 1244 4416 tur
1266 4351 1401 4430 zinania,
1429 4352 1596 4418 frumenta
1617 4352 1798 4418 laedantur.
1849 4352 1934 4418 Inde
1967 4354 2094 4438 colligit
2124 4374 2163 4418 ex

1189 4435 1371 4520 Cypriane:
1395 4439 1648 4504 misericorditer
1667 4440 1769 4522 igitur
1786 4440 1940 4521 corripiat
1962 4439 2064 4505 homo
2080 4436 2162 4523 quod

1188 4531 1310 4605 potest3
1339 4524 1425 4605 quod
1448 4534 1558 4589 autem
1580 4547 1648 4589 non
1673 4534 1796 4607 potest,
1825 4525 1990 4607 patienter
2012 4526 2163 4605 1818881

162 4612 251 4696 quod
277 4610 373 4689 illud,
397 4611 549 4692 adempta
570 4611 659 4674 omni
680 4612 785 4689 venia,
809 4611 976 4676 hominem
998 4611 1138 4676 devovet
1161 4596 1164 4663 1
1189 4630 1265 4673 8881
1287 4607 1459 4675 dilectione
1481 4621 1592 4695 gemat
1612 4624 1710 4693 atque
1731 4612 1852 4695 lugeat

162 4708 197 4764 et
217 4697 340 4763 addicit
361 4707 495 4762 aeterno
517 4697 629 4774 exiti03
654 4697 734 4762 haec
755 4698 790 4760 in
811 4717 919 4761 mores
940 4697 1045 4779 magis
1065 4672 1164 4769 vin-l
1278 4698 1324 4758 12.
1380 4696 1453 4761 Hoc
1486 4709 1596 4762 autem
1626 4696 1705 4762 dicit
1744 4706 1878 4781 propter
1911 4696 2163 4765 Donatistarum

163 4785 250 4851 dicat
292 4797 391 4866 atque
428 4782 669 4848 animadvertit
729 4784 775 4847 Et
806 4803 993 4864 quanquam
1025 4782 1137 4864 plectit

163 4873 262 4935 etiam
294 4871 365 4952 ipsa
393 4870 575 4946 hominem,
603 4871 649 4934 sic
677 4879 787 4933 tamen
813 4868 928 4950 plectit
948 4880 985 4932 ut
1006 4869 1135 4933 futurae

163 4976 242 5020 suae
274 4955 493 5022 damnationis
525 4957 633 5038 ipsum
660 4953 901 5037 praemonendo
932 4956 967 5018 in
998 4955 1136 5019 salutem

164 5051 302 5106 revocet.
350 5039 447 5121 Quod
468 5040 497 5104 si
519 5039 717 5117 obtineatur,
740 5051 855 5122 parata
877 5049 926 5104 est
948 5041 1136 5105 reconcilia-

163 5127 210 5188 tio
244 5138 277 5190 et
308 5128 345 5190 in
376 5129 638 5191 communionem
676 5127 847 5192 restitutio.
904 5127 1136 5191 Anathematis

68 5291 72 5298 ,
163 5232 261 5295 88118
289 5222 347 5276 881
373 5232 534 5296 perquam
560 5233 656 5277 rarus
683 5221 741 5276 aut
762 5211 874 5275 nullus
897 5214 1030 5277 omnino
1057 5233 1136 5277 usus

1188 4780 1427 4862 morositatem,
1451 4784 1505 4866 qui
1527 4805 1630 4866 quum
1652 4792 1823 4848 cernerent
1851 4784 1888 4846 in
1910 4783 2061 4853 ecelesiis
2087 4783 2162 4850 vitia

1189 4888 1271 4948 quae
1300 4869 1408 4933 verbis
1441 4869 1573 4951 quidem
1606 4868 1885 4951 reprehenderent
1918 4871 2082 4955 episcopi,
2111 4867 2162 4937 scd

1258 5159 1286 5278 11)
1311 5159 1386 5211 Libr.
1411 5157 1434 5208 2.
1459 5166 1553 5210 contra
1577 5159 1701 5214 Parmen
1727 5178 1786 5229 cap.
1809 5161 1834 5214 1.
1856 5156 1885 5215 2.
1996 5161 2029 5231 2)
2052 5161 2166 5218 libra

1188 5243 1246 5295 cap.
1301 5245 1357 5295 seq.
