4672 5842
95 311 154 372 581
283 305 373 370 LIB.
395 305 459 370 ΠΙ.
502 290 566 370 D'u
588 304 724 372 MODO
746 306 1097 374 PEROIPIENDAE
1120 306 1311 374 CHRISTI
1333 307 1553 377 sedales.
1596 308 1695 376 OAP.
1719 312 1815 378 XIV.
1838 312 1915 378 XV.
2037 315 2099 378 582

93 516 229 578 mosque
250 494 324 558 colli
348 515 416 572 ere,
444 516 486 559 ne
515 488 597 559 brine
624 493 750 577 agendo
778 494 1009 579 defatigemur,
1038 502 1072 562 et
1123 497 1215 561 sione
1237 495 1415 579 depravata
1436 496 1493 576 sit,
1517 517 1593 562 oum
1614 519 1656 562 ex
1677 498 1745 563 solo
1768 500 1943 565 verborum
1962 501 2100 568 istorum

94 588 223 647 tantam
243 580 309 644 Dei
326 515 565 664 iemgnitetem
587 600 666 645 vera
687 580 887 664 gratitudine
932 583 1069 665 rosequi.
1123 582 1303 664 complexu,
1327 588 1399 645 tum
1416 603 1458 646 ex
1478 583 1625 666 longiore
1646 585 1822 666 superioris
1843 587 2000 652 orationis
2022 608 2100 653 con-

94 668 248 734 Gratiam
264 666 329 731 Dei
349 686 420 730 esse
442 688 508 731 non
528 665 664 730 dubium
686 673 738 731 est
759 603 932 750 quidquid)
939 669 974 732 in
995 689 1071 752 ope·
1123 674 1217 733 textu
1237 667 1348 751 liquet.
1392 667 1434 731 Ιιι
1456 689 1474 731 θ
1497 669 1592 733 istola
1614 668 1656 734 ad
1676 669 1845 735 Hebraeos
1871 693 1937 737 non
1964 682 2015 737 est
2041 695 2100 739 cur

92 755 184 819 ribus
204 760 255 818 est
271 751 358 834 quod
374 750 505 816 laudem
523 759 680 831 meretur;
702 752 829 817 nullam
851 774 922 818 esse
989 761 1072 819 ttam
1125 753 1291 836 decipulas
1312 754 1350 816 in
1370 752 1450 818 verb
1488 774 1506 817 o
1529 775 1596 819 uno
1617 755 1712 820 nobis
1734 755 1886 835 tendant,
1914 757 2043 840 quando
2063 759 2100 824 in

93 861 194 924 quam
220 839 351 921 proprie
372 838 465 902 nobis
487 837 670 903 adscribere
692 837 878 905 debeamus.
922 838 941 903 I
986 840 1072 905 sire
1124 840 1250 924 graecis
1279 837 1416 921 apostoli
1448 838 1557 904 verbis
1589 840 1674 904 nihil
1707 840 1796 905 aliud
1814 842 1969 908 habetur
2001 866 2101 926 quam

93 946 174 993 vera
190 925 338 1007 serioque
356 925 572 1007 agnoscimus,
595 925 761 990 evanescit
780 923 943 1008 quaelibet
964 926 1072 991 meriti
1124 926 1207 990 tales
1246 925 1369 990 hostias
1407 923 1536 1006 placere
1575 932 1786 1010 acceptasque
1826 948 1896 993 esse
1932 929 2014 994 Deo.
2059 929 2100 994 Id

94 1035 160 1077 non
182 1010 302 1075 fiducia
324 1016 464 1088 tantum,
488 1009 545 1074 sed
562 1009 680 1091 opinio.
724 1010 904 1089 Bonorum,
926 1011 1071 1095 inquam,
1124 1032 1229 1075 unum
1262 1007 1390 1074 abunde
1422 1011 1573 1076 sufficere
1608 1010 1724 1077 debeat
1758 1012 1801 1078 ad
1833 1014 2102 1096 compescendam

94 1103 230 1181 operum
260 1095 393 1160 laudem
425 1114 492 1159 non
525 1094 579 1178 (ut
611 1094 777 1177 sophistae
814 1096 953 1181 faciunt)
985 1099 1072 1162 inter
1123 1095 1426 1178 retundendamque
1448 1102 1580 1161 nostrae
1608 1099 1778 1181 superbiae
1806 1099 2030 1179 insolentiam,
2058 1121 2100 1166 ne

94 1186 203 1249 Deum
226 1189 260 1247 et
280 1182 448 1246 hominem
474 1182 652 1263 partimur;
681 1181 739 1246 sed
760 1188 878 1259 totam,
907 1183 1071 1266 integram
1124 1203 1223 1264 quam
1240 1181 1393 1265 operibus
1410 1181 1603 1265 dignitatem
1620 1183 1708 1248 ultra
1726 1185 1905 1266 scripturae
1926 1186 2101 1251 formulam

94 1290 131 1335 ao
148 1269 310 1333 illibatam
326 1267 471 1332 Domino
489 1287 668 1332 servamus.
704 1268 849 1332 Tantum
867 1268 929 1333 hoe
945 1268 1072 1332 homini
1123 1268 1328 1351 affingamus.
1373 1268 1478 1333 Porro
1500 1269 1680 1350 scripturae
1702 1270 1850 1335 doctrina
1870 1277 1935 1350 est,
1968 1293 2101 1354 aspersa

94 1356 309 1438 assignamus,
332 1352 418 1435 quod
440 1374 480 1417 ea
500 1353 580 1436 ipsa,
604 1374 687 1435 quae
703 1353 791 1417 bona
812 1360 916 1432 erant,
939 1375 999 1419 sua
1009 1355 1072 1418 im·
1123 1375 1194 1419 esse
1221 1362 1378 1436 perpetuo
1406 1351 1557 1419 sordibus
1585 1355 1698 1420 multis
1730 1356 1817 1421 bona
1846 1364 1960 1422 nostra
1991 1378 2100 1440 opera,

22 1509 27 1528 ι
94 1441 236 1525 puritate
253 1439 371 1522 polluit
386 1445 422 1503 et
438 1439 646 1504 contaminat
675 1438 768 1504 Nihil
780 1440 867 1503 enim
880 1439 921 1503 ab
938 1440 1071 1505 homine
1123 1438 1241 1522 quibus
1262 1439 1380 1504 merito
1400 1439 1492 1504 Deus
1514 1439 1708 1520 offendatur,
1731 1463 1769 1506 ac
1786 1441 1878 1507 nobis
1896 1451 2100 1526 succenseat3

95 1528 172 1604 exit,
196 1525 409 1608 quantumvis
428 1525 587 1608 perfeeto,
610 1524 697 1607 quod
718 1545 783 1589 non
806 1527 849 1589 sit
871 1525 981 1609 aliqua
1002 1546 1072 1590 ma·
1123 1532 1253 1590 tantum
1275 1526 1381 1602 abest,
1409 1534 1448 1589 ut
1468 1525 1522 1590 vel
1544 1526 1717 1591 conciliare
1737 1527 1831 1591 illum
1852 1527 1946 1593 nobis
1969 1534 2099 1612 queant,

93 1613 168 1679 cula
200 1611 431 1695 inquinatum„
462 1610 567 1675 Vocet
597 1611 699 1693 igitur
724 1611 888 1677 Dominus
920 1613 956 1675 in
986 1610 1071 1676 iudi·
1123 1611 1178 1677 vel
1205 1612 1276 1676 eius
1303 1631 1383 1695 erga
1412 1631 1472 1675 nos
1502 1611 1748 1676 beneficentiam
1782 1633 1966 1694 provocare.
2012 1613 2101 1694 Quia

94 1699 183 1765 cium
205 1719 288 1780 quae
309 1698 345 1761 in
365 1696 522 1762 humanis
543 1697 695 1779 operibus
716 1697 840 1780 optima
859 1703 949 1761 sunt:
979 1718 1072 1762 suam
1123 1704 1236 1762 tamen
1263 1696 1321 1761 illa
1352 1717 1410 1778 pro
1440 1717 1500 1762 sua
1531 1696 1738 1782 indulgentia
1769 1720 1836 1762 non
1867 1699 1939 1763 iure
1972 1719 2100 1765 summe

93 1785 128 1850 in
149 1784 215 1849 illis
236 1783 369 1866 quidem
395 1783 556 1848 iustitiam
578 1788 739 1866 agnoscet,
761 1783 903 1847 hominis
923 1803 1002 1848 vero
1023 1783 1074 1848 de-
1124 1783 1306 1860 examinat,
1332 1781 1468 1864 perinde
1495 1782 1641 1865 accipere
1669 1802 1706 1849 ac
1729 1784 1756 1848 si
1783 1785 1960 1866 purissima
1982 1791 2098 1865 essent,

94 1872 187 1936 deae
208 1873 236 1934 et
255 1868 415 1953 probrum.
459 1869 599 1934 Placent
622 1869 732 1951 itaque
753 1869 825 1934 Deo
853 1868 938 1934 bona
964 1890 1071 1951 opera,
1123 1868 1259 1952 ideoque
1290 1868 1368 1934 lieet
1396 1867 1563 1933 immerita
1587 1869 1726 1934 infinitis
1754 1870 1918 1935 benefieiis
1946 1891 2100 1937 remune-

94 1977 155 2021 nec
187 1954 255 2020 suis
286 1955 454 2020 autoribus
486 1960 565 2019 sunt
595 1953 812 2033 infructuosa;
851 1955 932 2036 quin
966 1955 1072 2039 magis
1124 1955 1201 2033 rari,
1223 1963 1296 2019 tum
1315 1956 1496 2037 praesentis
1514 1956 1610 2034 vitae,
1634 1962 1706 2019 tum
1724 1956 1822 2020 etiam
1842 1957 1980 2021 futurae.
2023 1956 2100 2021 Non

95 2041 297 2124 amplissima
316 2040 380 2105 Dei
409 2040 566 2105 beneficia
590 2041 863 2106 remunerationis
889 2040 961 2104 loco
988 2040 1072 2106 refe·
1124 2040 1213 2104 enim
1235 2061 1255 2104 a
1278 2039 1381 2106 doeds
1408 2040 1527 2122 alioqui
1554 2061 1592 2105 ac
1618 2041 1681 2123 piis
1703 2042 1783 2107 viris
1804 2042 1943 2124 positam
1965 2041 2100 2108 ‹latino-

93 2135 187 2192 runt:
210 2147 278 2191 non
299 2127 377 2208 quia
398 2126 445 2190 ita
463 2133 639 2204 merentur,
657 2126 715 2190 sed
733 2125 811 2208 quia
830 2125 942 2192 divina
957 2127 1071 2210 benig·
1123 2126 1246 2190 tionem
1279 2126 1412 2208 recipio,
1444 2125 1611 2191 meritoria
1646 2148 1716 2192 esse
1748 2128 1836 2192 bona
1861 2148 1959 2209 opera
1987 2148 2101 2193 earum

94 2214 181 2278 nitas
209 2213 271 2278 hoo
304 2211 370 2277 illis
404 2230 447 2276 ex
474 2232 509 2276 se
537 2211 610 2294 ipsa
636 2212 782 2294 pretinm
808 2211 931 2277 statuit
977 2210 1071 2293 Quae
1125 2231 1207 2294 quae
1228 2212 1322 2277 nobis
1343 2211 1379 2275 in
1401 2211 1463 2276 hae
1490 2212 1559 2277 vita
1584 2213 1795 2278 conseruntur
1822 2214 2019 2296 gratiarum
2048 2234 2100 2280 so-

94 2307 205 2364 autem
231 2297 298 2363 ista
324 2304 374 2362 est
399 2296 602 2381 malignitas,
630 2317 698 2361 non
724 2304 895 2362 contentos
922 2297 980 2361 illa
1005 2298 1072 2363 Dei
1122 2297 1188 2362 lius
1208 2296 1286 2362 fidei
1311 2299 1495 2380 praemium
1523 2318 1593 2363 esse
1621 2306 1787 2363 aeternam
1814 2299 1964 2364 salutem.
2008 2299 2099 2365 Mer-

93 2385 260 2468 largitate,
294 2404 377 2466 quae
401 2382 486 2447 nihil
515 2382 580 2448 tale
605 2384 766 2448 merentia
792 2403 891 2466 opera
916 2382 1072 2449 indebitis
1123 2382 1236 2449 cedem
1272 2384 1361 2448 enim
1394 2382 1545 2447 laborum
1578 2391 1613 2448 et
1645 2385 1833 2450 certaminis
1872 2405 2024 2450 coronam
2062 2384 2099 2450 in

26 2492 34 2510 ¹
94 2470 249 2553 praemiis
269 2476 476 2547 muneratur,
506 2468 666 2552 sacrilega
687 2469 864 2534 ambitione
886 2469 974 2534 ultra
995 2490 1071 2536 eon·
1123 2469 1212 2535 coelo
1232 2468 1395 2534 Dominus
1417 2488 1546 2551 semper
1573 2469 1642 2535 fere
1664 2470 1809 2536 collocat.
1852 2471 2001 2535 Rursum
2023 2491 2098 2554 ope-

95 2555 246 2636 tendere,
274 2560 311 2620 ut
337 2575 474 2637 operum
500 2555 627 2619 meritis
654 2554 807 2620 videatur
827 2554 963 2638 rependi
985 2554 1071 2639 quod
1122 2575 1198 2620 rum
1219 2555 1335 2620 merito
1355 2556 1401 2620 sie
1422 2552 1580 2634 tribuere,
1608 2562 1646 2619 ut
1673 2558 1799 2640 gratiae
1827 2555 1990 2620 adimatur
2010 2555 2098 2639 quod

94 2642 225 2708 divinae
240 2648 345 2706 totum
363 2649 414 2706 est
429 2638 697 2705 munificentiae?
740 2640 807 2707 Hie
828 2662 962 2706 sensum
983 2663 1071 2707 eom·
1123 2640 1197 2706 aliis
1218 2661 1316 2724 super
1342 2639 1424 2706 alias
1450 2640 1565 2724 gratiis
1587 2662 1607 2705 a
1628 2640 1773 2706 Domino
1799 2641 2021 2720 cumulemur,
2048 2646 2099 2708 est

93 2749 227 2794 munem
259 2726 515 2808 uniuscuiusque
545 2726 681 2809 appello.
727 2725 765 2792 Si
797 2727 836 2806 is,
868 2727 925 2809 qui
957 2721 1071 2792 usum·
1123 2733 1239 2792 oontm
1269 2727 1450 2808 scripturae
1483 2724 1673 2792 doctrinam.
1723 2727 1869 2791 Tametsi
1900 2727 1987 2790 enim
2020 2727 2099 2793 dicit

94 2816 237 2880 fructum
258 2814 295 2877 in
321 2833 401 2898 agro
428 2811 538 2877 aliena
561 2811 758 2877 liberalitate
784 2811 897 2890 habet,
924 2813 1071 2895 proprie·
1123 2811 1276 2878 Ohristus
1303 2811 1438 2896 (Matth.
1459 2815 1509 2891 25,
1532 2815 1570 2875 21
1591 2819 1625 2877 et
1641 2812 1712 2896 29),
1741 2812 1877 2877 habenti
1904 2811 2019 2876 datum
2045 2813 2096 2894 iri,

94 2900 171 2965 tatis
203 2919 330 2982 quoque
362 2897 498 2963 titulum
530 2897 592 2964 sibi
618 2897 784 2977 vendicet,
817 2918 927 2964 annon
960 2899 1072 2964 huius·
1122 2904 1157 2962 et
1177 2918 1276 2981 super
1296 2897 1402 2962 multa
1429 2897 1644 2963 constitutum
1670 2900 1712 2962 iri
1738 2896 1867 2963 fidelem
1895 2919 1933 2962 ae
1958 2899 2098 2981 probum

95 2985 182 3051 modi
209 2983 447 3070 ingratitudine
479 3006 553 3049 eam
578 2985 684 3066 ipsam
732 3005 811 3049 uam
837 2985 969 3049 tenebat
995 2994 1071 3066 pos-
1123 3005 1268 3063 servum,
1301 2985 1358 3066 qui
1388 2985 1436 3047 in·
1457 2983 1567 3065 parvis
1594 3005 1629 3049 se
1656 2984 1788 3049 fidelem
1814 2983 1965 3068 gesserit,
1999 2982 2098 3048 simul

94 3074 271 3137 sessionem
304 3070 455 3136 amittere
487 3069 653 3136 meretur?
726 3070 862 3135 imiliter
893 3070 922 3134 si
953 3091 1071 3135 manu·
1122 3077 1236 3135 tamen
1257 3068 1336 3134 alibi
1356 3069 1499 3135 ostendit
1518 3070 1722 3136 incrementa
1749 3069 1897 3134 fidelium
1925 3089 1995 3134 esse
2021 3090 2097 3152 gra·

93 3158 213 3223 missus
235 3179 255 3221 a
276 3154 408 3221 domino
430 3177 553 3235 servus,
576 3155 781 3221 dissimulata
801 3155 973 3221 libertinae
995 3177 1071 3221 con·
1122 3156 1225 3220 tuitae
1257 3175 1335 3221 suae
1367 3155 1578 3240 benignitatis
1610 3176 1755 3222 munera.
1807 3153 1948 3232 Omnes,
1980 3154 2097 3236 inquit,

94 3243 227 3306 ditionis
248 3241 449 3320 humilitate,
471 3263 531 3324 pro
552 3242 698 3326 ingenuo
720 3262 755 3307 se
776 3241 938 3322 venditet,
961 3262 1072 3306 annon
1123 3241 1272 3307 sitientes
1298 3241 1409 3307 venite
1436 3240 1479 3306 ad
1504 3261 1604 3324 aquas
1627 3242 1716 3327 (Ies,
1731 3247 1781 3321 55,
1808 3240 1857 3323 1),
1886 3245 1920 3303 et
1947 3240 2004 3322 qui
2031 3259 2100 3305 nen

95 3326 216 3410 dignus
238 3334 288 3391 est
315 3328 371 3410 qui
398 3329 435 3391 in
460 3327 634 3410 pristinam
659 3325 829 3411 redigetur
854 3325 1070 3401 servitrtem?
1123 3326 1251 3393 habetis
1273 3332 1461 3411 argentum,
1490 3327 1616 3406 venite,
1646 3328 1743 3393 emite
1766 3326 1887 3410 absque
1970 3332 2045 3391 ento
2066 3331 2101 3391 et

95 3413 161 3476 Hic
194 3412 283 3475 enim
314 3413 481 3496 legitimus
515 3411 648 3477 demum
680 3420 731 3478 est
762 3412 891 3478 fruendi
922 3412 1072 3478 beneficii
1124 3413 1245 3495 absque
1265 3412 1336 3477 ulla
1356 3413 1609 3479 commutatione
1630 3415 1746 3479 vinum
1767 3420 1800 3478 et
1820 3412 1880 3477 lac.
1910 3347 2101 3494 nguidquid

95 3518 184 3575 usus,
208 3498 237 3560 si
257 3518 317 3562 nec
338 3497 414 3580 plus
435 3519 510 3563 arro
588 3518 628 3563 us
648 3498 743 3563 nobis
764 3520 863 3582 quam
880 3498 994 3564 datum
1011 3505 1070 3577 est,
1124 3519 1202 3582 ergo
1230 3519 1319 3565 nuno
1347 3500 1384 3563 in
1417 3499 1533 3564 salutis
1563 3497 1798 3564 adminiculum
1829 3498 1893 3580 piis
1925 3498 2099 3577 confertur,

95 3603 155 3647 nee
177 3582 254 3647 boni
273 3589 419 3648 autorem
437 3605 496 3649 sua
531 3583 614 3648 aude
635 3582 839 3664 fraudamus;
862 3585 941 3666 quin
962 3585 1071 3667 potius
1124 3592 1198 3648 tum
1231 3585 1304 3667 ipsa
1337 3583 1518 3664 beatitudo,
1557 3605 1650 3649 mera
1689 3591 1739 3649 est
1772 3584 1837 3649 Dei
1875 3583 2099 3649 beneficentia

95 3669 141 3734 sic
163 3688 223 3732 nos
243 3667 388 3751 gerimus
405 3675 444 3732 ut
463 3668 605 3734 residere
627 3667 864 3751 quodammodo
885 3669 974 3753 apud
995 3691 1071 3735 eum
1125 3670 1252 3734 Tamen
1273 3678 1307 3736 et
1327 3671 1362 3736 in
1382 3671 1445 3737 hae
1466 3677 1500 3736 et
1520 3669 1585 3736 iuis
1607 3676 1746 3736 testatur
1768 3689 1958 3751 scoparum
1979 3668 2101 3733 habere

94 3753 246 3820 videatur
277 3753 363 3836 quod
395 3754 431 3818 in
463 3775 523 3819 nos
550 3754 728 3819 transtulit
772 3755 866 3821 Haeo
893 3754 1071 3821 moderatio
1124 3755 1301 3836 rationem,
1333 3757 1409 3840 quia
1442 3755 1484 3821 ad
1513 3755 1699 3821 testandam
1725 3776 1804 3838 erga
1830 3775 1890 3818 nos
1918 3751 2100 3817 dilectionis

95 3841 122 3905 si
145 3860 223 3923 erga
244 3840 395 3904 homines
416 3838 614 3922 praestanda
635 3845 698 3919 est,
726 3839 862 3907 videant
889 3841 1012 3925 singndi
1038 3847 1072 3907 et
1124 3863 1204 3908 suae
1225 3842 1502 3926 magnitudinem,
1525 3863 1592 3907 non
1614 3840 1708 3906 modo
1730 3862 1798 3918 nos,
1821 3837 1879 3903 sed
1900 3858 1983 3920 quae
2004 3836 2100 3903 nobis

95 3931 249 4008 reputent
273 3925 379 4007 qualis
400 3925 472 3989 Deo
495 3923 658 3990 debeatur.
1122 3927 1263 4013 largitus
1285 3933 1336 3992 est
1355 3926 1440 3993 dona
1460 3928 1521 3992 tali
1543 3928 1667 3992 honore
1688 3926 1850 4010 dignatur.

180 4017 210 4076 4.
256 4010 332 4077 Scio
354 4011 518 4094 sophistas
540 4011 631 4075 abuti
650 4011 728 4076 loeis
749 4011 960 4094 quibusdam,
982 4011 1071 4079 unde
1210 4017 1238 4077 5.
1273 4013 1366 4078 Haec
1387 4013 1425 4092 si,
1447 4033 1510 4094 quo
1531 4019 1721 4095 oportuerat
1741 4010 1863 4089 ordine,
1886 4014 2029 4074 tractata
2050 4006 2099 4074 di·

94 4096 234 4178 probent
253 4097 364 4162 meriti
384 4117 506 4161 nomen
528 4116 607 4180 erga
626 4096 736 4161 Deum
757 4098 794 4160 in
820 4098 993 4181 scripturis
1019 4120 1071 4164 re·
1122 4106 1278 4183 gestaque
1300 4106 1410 4164 essent
1430 4099 1587 4163 anteactis
1609 4097 1754 4178 saeculis,
1779 4116 1948 4179 nunquam
1969 4102 2099 4160 tantum

95 4183 203 4265 periri.
249 4181 364 4248 Oitant
384 4205 426 4248 ex
444 4181 758 4265 Ecolesiasticofib,
780 4182 833 4266 14)
854 4183 1069 4250 sententiam:
1122 4185 1293 4250 turbarum
1322 4205 1360 4250 ac
1386 4183 1625 4249 dissensionum
1647 4190 1755 4248 ortum
1776 4189 1871 4248 esset.
1915 4180 2039 4246 Paulus
2061 4178 2094 4260 (1

94 4269 316 4335 misericordia
336 4269 435 4335 faciet
451 4267 559 4333 locum
578 4268 753 4350 unietuque
772 4267 952 4334 seeundum
971 4270 1070 4335 meri·
1122 4269 1197 4336 Gor.
1218 4274 1247 4349 3,
1274 4268 1327 4356 11)
1350 4272 1396 4336 ait
1416 4270 1452 4334 in
1473 4268 1691 4335 architectura
1712 4269 1910 4334 christianae
1932 4265 2099 4330 doetrinae

96 4362 166 4418 tum
194 4375 331 4437 operum
358 4376 502 4420 suorum.
546 4353 602 4418 Ex
628 4352 766 4434 epistola
792 4361 903 4420 autem
930 4354 973 4420 ad
999 4354 1070 4420 He-
1122 4355 1331 4423 retinendum
1358 4354 1542 4439 essequod
1569 4363 1724 4439 posuerat
1749 4354 1819 4437 ipse
1847 4351 2099 4447 frmdamentum

94 4439 208 4505 braeos
227 4440 293 4525 (13,
313 4445 341 4505 2.
364 4439 432 4524 16);
458 4439 693 4505 beneficentiae
715 4446 749 4504 et
769 4442 1070 4506 communicationis
1122 4441 1209 4524 apud
1237 4441 1438 4521 Corinthios,
1471 4448 1601 4524 praeter
1634 4440 1721 4524 quod
1748 4440 1877 4504 nullum
1904 4435 1993 4503 aliud
2019 4455 2098 4518 pom

94 4525 195 4591 nolite
227 4526 390 4606 oblivisei3
429 4524 552 4591 talibus
586 4526 675 4591 enim
713 4524 828 4590 hostiis
865 4534 1071 4608 promeretur
1122 4535 1233 4611 queat:
1262 4528 1297 4592 id
1325 4535 1435 4594 autem
1462 4549 1533 4593 esse
1554 4527 1666 4593 Iesum
1688 4525 1865 4592 Christum.
1910 4521 2017 4603 Quale
2038 4540 2099 4585 no-

94 4610 194 4676 Deus.
251 4611 293 4676 ln
327 4610 531 4696 repudianda
561 4610 783 4677 Eoolesiastici
813 4613 986 4678 autoritate
1017 4613 1070 4679 ius
1122 4613 1172 4679 bis
1194 4614 1230 4678 in
1247 4613 1384 4681 Christo
1405 4613 1658 4679 fundamentum
1679 4611 1749 4678 est?
1779 4633 1823 4675 an
1850 4609 1938 4693 quod
1965 4606 2099 4671 initium

95 4717 206 4764 meum
231 4718 321 4764 nune
347 4700 487 4764 remitto.
539 4698 632 4780 Nego
664 4702 776 4761 tamen
802 4695 943 4762 fideliter
969 4698 1070 4764 citare
1121 4698 1215 4765 nobis
1237 4701 1353 4766 salutis
1373 4700 1450 4779 fuit,
1473 4708 1511 4764 ut
1531 4700 1806 4783 complementum
1828 4717 1848 4760 a
1868 4694 1962 4760 nobis
1984 4713 2099 4775 seque·

95 4782 181 4862 quod
207 4784 339 4867 scripsit
364 4782 629 4863 Ecclesiasticus,
661 4783 850 4865 quicunque
884 4783 984 4848 fuerit
1014 4782 1070 4849 ille
1122 4784 1235 4851 retur?
1263 4795 1298 4852 et
1316 4788 1405 4853 viam
1428 4786 1557 4869 aperuit
1583 4793 1728 4862 tantm,
1749 4804 1809 4866 per
1835 4802 1933 4864 quam
1954 4778 2018 4862 ipsi
2040 4798 2099 4842 ne-

96 4868 233 4951 scriptor
240 4894 248 4947 ;
276 4870 322 4935 sic
349 4873 437 4935 enim
463 4870 564 4935 habet
592 4889 746 4954 graecum
773 4868 957 4952 exemplar,
987 4868 1070 4976 adop
1121 4877 1190 4937 stro
1217 4882 1323 4938 marte
1355 4871 1586 4955 pergeremus?
1632 4871 1771 4935 Minime
1803 4887 1897 4947 vero,
1931 4864 1989 4931 sed
2019 4885 2128 4954 que-s

95 4955 273 5040 ἐλεημοσύνη
290 4954 409 5032 ποιήσει
425 4954 533 5018 τόπον·
561 4954 682 5029 ἕκαστος
704 4953 760 5041 γάρ
782 4951 856 5017 narei
873 4953 910 5017 roi
928 4957 999 5041 ἔργα
1018 4980 1070 5018 ac·
1121 4957 1219 5022 modo
1268 4958 1344 5023 aulo
1371 4964 1448 5023 ante
1474 4963 1642 5041 posuerat,
1672 4956 1767 5020 illum
1789 4955 1868 5020 dum
1890 4952 2099 5036 agnoscimus

94 5044 145 5102 τοῦ
166 5038 291 5127 εὑρήσει.
333 5040 434 5107 Omni
451 5041 693 5108 misericordiae
710 5042 809 5108 faciet
823 5041 946 5122 looum;
968 5064 1069 5106 unus·
1122 5043 1217 5110 nobis
1280 5052 1353 5108 tum
1375 5064 1446 5108 esse
1467 5044 1503 5107 in
1523 5043 1692 5108 iustitiam.
1731 5043 1837 5108 Nemo
1860 5060 1938 5122 ergo
1960 5040 2044 5105 bene
2063 5037 2100 5101 in

93 5127 1070 5299 mr
1120 5212 2006 5300 ,m

1838 5314 1894 5370 37·
