4672 5842
150 316 215 378 843
801 303 1195 374 6616660661
1219 304 1401 373 euulsa.
1428 311 1518 371 1559.
2044 360 2047 364 .
2098 313 2166 374 844

146 523 225 568 vcro
248 499 417 563 61111666
440 509 586 578 tempore
608 496 753 578 coepisse
779 495 886 559 moliri
913 496 948 559 in
970 496 1128 579 mysterio
1180 502 1306 573 centur,
1325 493 1496 560 mendacia
1512 517 1584 561 cese
1605 504 1639 561 et
1660 496 1867 578 imposturas.
1905 496 2165 574 ’1611666166-

146 609 227 671 opus
255 583 451 665 iniqnitatis,
480 581 567 664 quod
593 588 706 664 postea
733 581 843 663 palam
863 582 1010 645 facturus
1032 589 1126 659 esset,
1152 503 1155 653 1
1180 580 1302 644 1116616
1329 578 1370 644 16
1396 581 1509 646 161616
1539 582 1607 646 vita
1623 591 1657 645 et
1684 583 1802 647 ultima
1823 583 2071 659 resurrectione,
2094 604 2165 648 me·

146 692 237 738 exeo
255 669 479 753 intelligimus,
499 668 717 732 calamitatem
728 667 815 731 hanc
833 688 1007 750 nequeper
1023 689 1127 732 unum
1179 687 1234 730 ras
1256 687 1327 730 esse
1348 666 1485 732 fabulas.
1530 667 1605 731 Non
1626 688 1740 732 omnes
1762 669 1809 734 ita
1829 669 1986 743 66611661,
2010 676 2045 733 61
2067 671 2163 752 pauci

146 757 314 822 bominem
336 756 437 819 titisse
459 753 679 830 inferendam,
707 773 814 835 neque
840 753 876 815 in
906 775 970 818 une
986 753 1127 817 homine
1179 752 1226 815 ita
1245 752 1430 833 loquuntur,
1453 752 1565 816 fateor.
1611 753 1811 836 Iampridem
1840 765 1952 819 tamen
1972 755 2054 818 haee
2075 755 2165 820 6111-

144 841 331 909 liniendam.
367 841 482 917 Porro,
504 861 606 922 quum
624 840 686 903 hac
703 845 782 903 nota
799 836 948 921 designet
970 840 1127 903 antichri·
1179 839 1272 901 naria
1294 859 1366 902 esse
1384 841 1490 920 coepit
1511 840 1704 920 pontificum
1726 839 1849 923 rehgio.
1894 841 1968 905 Hoc
1995 862 2098 923 quum
2121 843 2164 906 sit

145 937 243 1005 stum,
267 925 353 1008 quod
375 947 473 991 suum
493 926 566 990 Dec
589 925 748 988 honorem
770 932 1004 1006 praerepturas
1026 926 1070 988 sit
1090 932 1128 988 ut
1180 923 1388 987 notissimum
1406 925 1558 989 omnibus
1576 926 1633 1005 qui
1653 926 1794 989 Romam
1811 935 1985 1004 noverunt,
2004 948 2072 992 non
2093 948 2165 993 ces·

144 1015 208 1080 sibi
230 1026 347 1089 sumat,
371 1013 433 1077 hcc
451 1013 662 1095 praecipuum
680 1009 836 1074 indicium
855 1019 906 1074 est
926 1009 1013 1092 quod
1036 1011 1127 1093 sequi
1151 1044 1154 1135 p
1180 1019 1256 1072 sant
1277 1017 1388 1072 tamen
1405 1030 1617 1074 romanenses
1635 1011 1778 1094 theologi
1794 1013 1926 1090 iactare,
1950 1011 2077 1077 Christi
2096 1014 2164 1096 pri·

145 1099 302 1165 debemus
331 1099 368 1162 in
395 1094 580 1178 quaerendo
608 1096 817 1173 antichristo,
852 1096 1046 1178 praesertim
1072 1097 1126 1161 ubi
1180 1094 1297 1176 vilegic
1319 1106 1451 1158 cautum
1473 1117 1544 1161 esse
1568 1117 1610 1160 nc
1631 1118 1716 1179 papa
1738 1117 1848 1162 errare
1866 1099 1978 1180 possit,
2001 1099 2081 1181 quia
2098 1099 2164 1164 Pe·

144 1183 304 1251 eiusmodi
331 1182 482 1265 superbia
509 1181 550 1245 61
579 1181 742 1264 pubhcam
760 1203 864 1263 usque
886 1182 1039 1247 ccclesiae
1060 1181 1127 1247 dis·
1180 1191 1231 1243 tre
1261 1178 1384 1243 (lictum
1414 1182 1467 1245 sit:
1498 1182 1591 1246 oravi
1618 1203 1677 1263 pro
1707 1192 1748 1260 te,
1778 1205 1820 1248 66
1849 1183 1979 1249 deficiat
2000 1182 2084 1249 fides
2105 1198 2165 1250 tua

145 1273 340 1356 sipaticncm
361 1267 512 1351 procedit.
554 1266 667 1347 Quum
689 1289 766 1351 ergo
786 1276 920 1343 constet,
940 1269 1125 1349 pontificem
1151 1338 1153 1349 ¹
1179 1265 1276 1414 Shno.
1301 1269 1351 1340 22,
1376 1269 1441 1349 32).
1487 1265 1577 1348 Quid
1603 1268 1750 1346 obsecro,
1779 1277 1849 1333 tam
1876 1268 2086 1352 impudenter
2110 1270 2164 1334 lu·
2212 1312 2217 1323 ι

145 1378 321 1423 romanum
348 1353 556 1436 impudenter
584 1353 625 1417 ad
654 1375 688 1417 se
715 1353 922 1418 transtulisse
948 1352 1033 1435 quod
1062 1355 1125 1418 Dei
1151 1362 1153 1441 l
1201 1351 1285 1415 endo
1304 1352 1486 1433 proficiunt,
1505 1353 1570 1417 nisi
1591 1363 1629 1417 61
1644 1360 1734 1419 16166
1751 1354 1894 1419 mundus
1915 1355 2090 1439 intelligat,
2109 1377 2165 1421 666

146 1445 244 1509 nnius
263 1451 296 1505 61
313 1439 438 1506 Christi
458 1439 602 1503 maxime
621 1441 790 1522 proprium
808 1450 889 1516 erat,
908 1439 1126 1505 dubitandum
1150 1448 1153 1507 l
1178 1438 1225 1500 ita
1236 1437 1277 1500 ad
1289 1444 1475 1501 extremum
1495 1440 1713 1520 improbitatis
1729 1441 1867 1518 venisse,
1886 1453 1924 1504 ut
1934 1462 2042 1523 neque
2053 1442 2164 1507 Deum

33 1564 54 1579 ι·
146 1550 215 1595 non
237 1527 387 1608 6616616
408 1525 502 1607 impii
524 1536 556 1589 ct
584 1524 791 1590 abominandi
822 1525 915 1609 regni
938 1525 1005 1588 dux
1029 1527 1072 1589 sit
1094 1537 1127 1588 et
1150 1578 1153 1603 ,
1179 1522 1326 1600 timeant,
1348 1544 1453 1604 neque
1474 1524 1623 1589 homines
1645 1526 1878 1591 revereantur?

147 1615 390 1696 antesignanus.
1150 1646 1152 1659 ·
1266 1613 1315 1673 28.
1361 1607 1430 1673 Sed
1447 1610 1612 1693 fingamus
1629 1610 1732 1675 latere
1753 1633 1867 1676 eorum
1884 1634 1965 1695 quos
1988 1613 2058 1677 dixi
2078 1634 2162 1697 porr·

233 1703 283 1762 21.
328 1698 418 1761 Ε661
451 1718 539 1761 nunc
572 1697 796 1761 Romanenses
832 1705 865 1760 ct
897 1697 1125 1777 antiquitatem
1150 1684 1153 1785 ζ
1178 1694 1303 1757 titicum
1336 1695 1555 1775 impietatem,
1588 1696 1674 1779 quod
1708 1717 1782 1762 cam
1812 1719 1917 1780 neque
1949 1699 2163 1767 concionibus

144 1785 240 1850 nobis
271 1794 444 1865 opponant.
502 1781 607 1862 Quasi
644 1783 680 1846 in
712 1792 806 1847 tanta
837 1804 947 1847 rerum
979 1782 1125 1845 omnium
1150 1792 1152 1815 ¹
1177 1800 1283 1860 neque
1311 1780 1441 1861 seriptis
1469 1782 1681 1864 publicarint,
1711 1782 1768 1847 scd
1795 1785 1831 1847 in
1858 1806 1973 1850 mensa
2000 1784 2164 1851 duntaxat

144 1870 358 1938 conversione
387 1866 473 1932 sedis
502 1869 607 1932 honor
634 1877 720 1933 stare
748 1869 850 1949 possit
877 1868 932 1932 ubi
958 1867 1050 1932 nulla
1076 1874 1127 1931 est
1177 1877 1212 1929 61
1239 1865 1400 1941 cubiculo,
1431 1876 1489 1930 aut
1516 1867 1635 1932 saltem
1662 1870 1749 1932 inter
1780 1871 1920 1952 parietes
1947 1870 2161 1952 prodiderint

144 1956 247 2023 66166.
292 1955 414 2019 Narrat
435 1954 598 2018 Eusebius
612 1953 637 2036 ¹)
659 1953 777 2029 Deum,
807 1962 842 2018 ut
863 1953 1026 2019 vindictae
1047 1974 1126 2019 suae
1150 1948 1153 2037 ξ
1177 1951 1300 2032 Atqui,
1329 1951 1357 2015 si
1387 1951 1597 2036 privilegium
1625 1954 1713 2036 quod
1740 1954 1923 2020 obtendunt
1949 1968 2064 2021 ratum
2091 1979 2162 2024 esse

145 2042 236 2108 locus
258 2043 367 2116 116161,
396 2040 565 2105 eeclesiam
593 2061 676 2121 quae
698 2040 938 2123 Hierosolymis
959 2049 1030 2103 crat
1049 2039 1126 2103 Pel·
1150 2042 1153 2105 l
1178 2036 1297 2113 velint,
1325 2048 1519 2122 expungant
1545 2062 1563 2103 e
1585 2061 1723 2104 numero
1741 2041 1936 2123 pontificum
1957 2053 2088 2125 oportet
2109 2044 2162 2109 Io-

145 2128 212 2193 hrm
239 2126 457 2191 transtulisse.
502 2124 600 2205 Quod
628 2125 728 2190 semel
756 2126 879 2190 factum
907 2126 1006 2189 titisse
1035 2112 1300 2204 6611-1666661
1335 2124 1527 2189 vicesimum
1559 2125 1756 2201 secundum,
1788 2128 1845 2209 qui
1871 2128 1982 2209 palam
2009 2131 2160 2208 66661611,

145 2235 230 2290 6166,
252 2214 324 2277 ficri
347 2212 475 2294 saepius
497 2211 610 2293 potuit
655 2211 809 2286 Proinde,
832 2212 879 2276 sic
899 2211 969 2275 loco
991 2210 1126 2294 alligare
1150 2210 1153 2345 p
1178 2209 1306 2273 animas
1332 2230 1403 2273 esse
1431 2210 1600 2288 mortales,
1628 2234 1759 2295 unaque
1792 2234 1867 2278 cum
1893 2216 2085 2296 corporibus
2112 2218 2163 2281 in·

146 2300 308 2366 honorem
327 2297 502 2380 primatus,
526 2309 563 2360 ut
591 2298 647 2378 qui
667 2317 805 2361 revera
824 2298 1054 2361 infestissimus
1076 2306 1127 2361 est
1178 2297 1276 2358 terire
1306 2317 1409 2376 usquc
1437 2295 1480 2361 ad
1506 2296 1594 2360 diem
1621 2299 1877 2364 resurrectionis.
1921 2301 2032 2383 Atque
2056 2312 2095 2366 ut
2115 2304 2163 2369 vi·

147 2385 253 2450 hostis
271 2383 406 2460 Christi,
426 2404 574 2447 summus
592 2383 761 2465 evangelii
776 2382 991 2459 adversarius,
1019 2384 1125 2447 maxi-
1178 2379 1256 2445 deas
1278 2388 1382 2446 totam
1403 2381 1514 2446 sedem
1536 2405 1609 2448 cum
1630 2384 1814 2468 praecipuis
1836 2387 1906 2451 suis
1925 2386 2060 2451 fulturis
2083 2398 2162 2455 tuno

146 2491 222 2536 mus
250 2470 403 2535 ecclesiae
431 2476 576 2533 vastator
603 2490 640 2534 ae
663 2467 852 2550 dissipator,
880 2468 1126 2533 crudelissimus
1178 2487 1311 2549 prorsus
1333 2465 1524 2533 concidisse:
1549 2490 1645 2534 nemo
1662 2470 1880 2536 cardinalium
1898 2472 1975 2537 huic
1996 2495 2031 2538 se
2049 2483 2161 2540 tantae

147 2563 333 2622 sanctornm
370 2555 518 2619 cmnirrm
545 2563 705 2620 mactator
731 2562 765 2618 61
790 2555 954 2631 carnifex,
983 2555 1126 2619 vicarius
1150 2590 1153 2635 p
1177 2553 1326 2616 insaniae
1344 2555 1501 2635 opposuit,
1526 2554 1584 2619 sed
1601 2555 1713 2620 schola
1730 2557 1921 2638 parisiensis
1943 2576 2055 2642 rogem
2077 2560 2160 2625 Gal·

147 2643 361 2707 nihilominus
384 2640 523 2718 Christi,
551 2641 644 2705 Petri
667 2661 848 2717 successor,
875 2641 1003 2722 primus
1024 2640 1126 2706 eccle·
1150 2658 1154 2735 q
1178 2638 1241 2702 liae
1273 2638 1411 2720 impulit,
1445 2649 1484 2704 61
1515 2640 1557 2705 61
1587 2641 1787 2722 palinodiam
1820 2644 1984 2708 bominem
2016 2658 2161 2727 cogeret

145 2729 213 2794 6166
235 2728 373 2792 antistes
395 2725 564 2805 habeatur,
587 2725 813 2790 tantummodo
835 2728 912 2809 quia
940 2726 1050 2791 sedem
1073 2723 1254 2821 6611161
1285 2725 1356 2788 eius
1382 2727 1645 2792 communionem
1673 2730 1740 2794 suis
1767 2729 1948 2807 interdixit,
1984 2730 2048 2793 nisi
2077 2751 2160 2795 mox

144 2823 246 2897 cupat
267 2834 350 2896 quac
372 2813 451 2876 olim
472 2813 580 2894 prima
601 2813 749 2876 emnium
773 2813 848 2877 fnit:
871 2812 907 2877 id
928 2833 1007 2878 vero
1028 2813 1126 2877 nimis
1150 2824 1154 2901 1
1178 2810 1396 2892 resipisceret,
1425 2811 1524 2894 idque
1552 2812 1593 2877 (16
1622 2835 1712 2879 more
1738 2813 1915 2896 publicavit
1939 2836 1998 2898 per
2018 2835 2158 2896 praeco-

145 2899 321 2966 ridiculum
336 2910 387 2963 cst
404 2920 441 2963 66
458 2898 617 2980 ineptum.
648 2899 754 2963 Taceo
772 2907 933 2980 quantum
949 2899 994 2962 sit
1011 2897 1126 2963 discri-
1150 2910 1153 2981 1
1177 2917 1262 2960 nem.
1307 2896 1381 2961 Hac
1402 2899 1594 2963 necessitate
1616 2899 1751 2966 adactus
1772 2901 1839 2979 ille,
1862 2922 2004 2966 errorem
2025 2901 2161 2968 abiura-

144 2987 243 3051 minis
265 2987 353 3048 inter
374 3005 477 3066 papae
499 2983 738 3062 cancellariam,
761 2994 794 3048 et
810 2985 893 3050 bene
910 2985 1125 3068 compositum
1177 2982 1235 3047 vit
1279 2981 1353 3048 Hoc
1380 2985 1568 3066 exemplum
1595 2986 1735 3051 facitne
1756 3008 1810 3051 me
1831 2996 1978 3070 oporteat
2003 3007 2081 3052 cum
2103 2987 2161 3054 ad·

144 3072 300 3138 ecelesiae
322 3069 479 3134 ordinem.
516 3069 716 3151 Quanquam
734 3070 815 3135 hacc
833 3093 901 3136 una
920 3092 973 3135 res
995 3091 1125 3135 omnem
1177 3068 1331 3133 versariis
1349 3070 1490 3152 amplius
1507 3069 1547 3136 de
1564 3091 1602 3135 66
1621 3071 1787 3155 disputare
1804 3072 1892 3155 6661
1907 3070 2030 3154 dicuat,
2048 3073 2161 3142 sedem

145 3157 188 3223 16
214 3156 275 3221 hac
303 3157 492 3238 quaestione
519 3156 757 3221 dubitationem
786 3167 893 3238 potest
916 3158 1037 3240 optimc
1066 3156 1125 3220 tel-
1177 3174 1349 3218 romanam
1376 3157 1510 3237 eiusque
1537 3158 1708 3239 pontifices
1734 3159 1801 3224 labi
1822 3159 1860 3225 in
1878 3158 1947 3227 1116
1965 3181 2035 3227 non
2055 3182 2159 3243 posse,

144 3242 222 3308 1616.
251 3242 357 3306 Ν6166
374 3242 463 3306 66116
481 3263 580 3306 sarrae
597 3243 716 3306 mentis
727 3243 947 3326 episcopatum
966 3244 1001 3305 in
1018 3242 1125 3325 plum·
1176 3239 1370 3322 6616Ρ6116
1388 3241 1513 3307 dictum
1531 3243 1588 3307 sit:
1606 3245 1699 3309 oravi
1720 3266 1779 3326 pro
1800 3252 1844 3325 te,
1863 3267 1908 3312 ne
1927 3244 2061 3313 16116161
2081 3246 2160 3314 fider

144 3329 187 3395 bc
205 3338 238 3393 et
259 3327 358 3393 bullis
375 3326 529 3404 includet,
552 3328 656 3392 multo
673 3329 782 3393 minus
799 3329 835 3393 in
858 3330 913 3393 1116
935 3329 1124 3411 captionum
1176 3332 1243 3390 tua
1294 3323 1393 3391 Certe
1424 3327 1480 3391 illc
1510 3337 1581 3392 tam
1614 3330 1707 3395 foedo
1735 3331 1847 3413 lapsos
1872 3353 1996 3416 genere
2023 3355 2044 3397 6
2072 3344 2160 3400 16616

118 3416 293 3479 'emnium
326 3435 364 3478 ac
397 3414 735 3497 circumscriptionem
770 3416 973 3498 magisterio,
1008 3415 1125 3497 quibus
1176 3410 1242 3477 fide
1259 3411 1390 3490 excidit,
1408 3421 1447 3478 ut
1463 3415 1507 3478 sit
1527 3416 1656 3498 insigne
1673 3419 1813 3498 posteris
1835 3417 2078 3499 documentum,
2095 3441 2160 3487 661

144 3501 245 3565 rebus
267 3507 420 3564 censetur
436 3500 607 3582 spirituale
629 3520 732 3583 papae
754 3502 910 3583 regimen
946 3501 1126 3584 Eleganter
1178 3517 1292 3562 omnes
1314 3519 1385 3565 6666
1405 3500 1524 3564 Ρ61166
1545 3502 1604 3583 661
1624 3503 1724 3568 Ρ6116
1745 3504 1782 3568 16
1803 3505 2028 3587 episcopatum
2050 3529 2159 3574 suecc-

144 3586 249 3671 igitur
280 3584 466 3667 aquodam
495 3586 619 3651 dictum
647 3599 710 3664 est,
746 3586 838 3651 illam
863 3608 947 3669 quae
975 3587 1123 3663 iactatur,
1149 3584 1153 3651 l
1177 3582 1271 3648 1661
1317 3582 1515 3670 Quanquam
1542 3587 1630 3651 istud
1657 3610 1785 3670 quoquc
1812 3592 1918 3673 magis
1943 3612 2004 3673 per
2025 3614 2061 3658 se
2081 3614 2159 3676 pue-

143 3692 317 3738 romanam
338 3670 506 3737 ecclesiam
527 3673 654 3755 pridem
676 3693 870 3738 conversam
890 3673 992 3737 161666
1014 3674 1048 3736 16
1069 3684 1125 3738 ’66-
1176 3669 1239 3732 rile
1257 3676 1308 3734 est
1328 3691 1427 3753 qnam
1448 3679 1486 3736 ut
1506 3675 1716 3754 responsione
1738 3686 1842 3757 egeat
1886 3676 1975 3741 Nam
1997 3678 2159 3745 61161661

144 3760 245 3835 riam,
274 3779 357 3839 6666
384 3758 454 3823 6616
481 3781 569 3824 6666
597 3760 724 3823 Romae
751 3759 877 3824 visitur.
927 3758 1042 3840 Neque
1072 3758 1125 3823 hie
1177 3753 1220 3820 61
1240 3755 1334 3821 Ρ6111
1352 3777 1554 3824 successores
1576 3759 1708 3825 trahere
1730 3761 1890 3845 quidquid
1911 3763 2013 3829 Petro
2035 3763 2157 3829 1161661

144 3863 262 3909 accuso
284 3843 456 3908 hominum
477 3845 572 3922 vitia;
601 3844 660 3909 661
681 3854 839 3927 papatum
860 3846 969 3928 ipsum
991 3866 1033 3908 ex
1055 3844 1124 3909 dia-
1177 3850 1236 3919 est,
1266 3852 1420 3924 sequetur
1449 3865 1563 3909 omnes
1589 3845 1663 3911 illos
1684 3868 1756 3913 csse
1778 3857 1921 3928 satanas,
1944 3871 2046 3933 quum
2065 3848 2154 3913 istud

144 3940 250 3993 metro
272 3949 347 3994 cum
370 3930 737 3996 66616616611661611666
759 3950 906 4013 pugnare
929 3929 1124 3996 demonstro.
1176 3947 1304 4010 quoque
1333 3930 1433 3994 Petro
1465 3930 1587 3995 dixerit
1612 3932 1790 3998 Dominus:
1826 3935 1911 4000 vade
1939 3943 2028 4001 retro
2050 3941 2155 4012 satum

232 4018 282 4077 27.
326 4015 380 4080 Ad
402 4016 552 4081 homines
574 4023 684 4081 autem
706 4017 735 4080 si
758 4018 938 4094 veniamus,
961 4017 1042 4084 satis
1064 4016 1125 4080 sci·
1177 4013 1255 4095 quia
1276 4014 1511 4082 offendiculum
1532 4038 1567 4081 es
1590 4018 1673 4081 mihi
1701 4019 1837 4103 (Matth.
1871 4026 1926 4099 16,
1958 4024 2021 4104 23).
2071 4021 2159 4086 Tam

145 4107 200 4165 161
228 4101 340 4183 666166
367 4102 529 4184 reperturi
556 4103 658 4166 simus
686 4100 812 4166 Christi
839 4103 990 4166 vicarios:
1019 4102 1125 4167 Iulius
1176 4100 1265 4163 enim
1281 4100 1378 4166 facile
1394 4100 1489 4168 nobis
1506 4103 1569 4166 erit
1586 4110 1773 4185 retorquere
1791 4106 1853 4171 hoc
1869 4108 2040 4189 posterius,
2056 4128 2161 4190 quam

144 4187 276 4263 scilicet,
305 4199 340 4251 61
363 4189 446 4265 Leo,
474 4196 509 4252 61
530 4188 699 4264 Clemens,
728 4196 762 4251 et
782 4189 908 4252 Paulus
929 4187 1140 4253 christianae·
1176 4184 1243 4249 illis
1265 4185 1406 4251 alterum
1428 4187 1574 4254 obiicere.
1895 4203 1900 4211 ·

10 4288 15 4299 ·
143 4273 221 4338 fidei
239 4272 410 4339 columnae
427 4282 534 4346 erunt.
553 4274 717 4356 primique
734 4274 903 4357 religionis
921 4274 1124 4355 interpretes,
1265 4277 1315 4334 29.
1361 4273 1487 4337 Verum
1505 4284 1630 4340 certare
1652 4276 1841 4359 ineptiende
1859 4299 1927 4344 non
1943 4277 2040 4358 libet3
2063 4279 2160 4345 redeo

168 4381 204 4424 ur
231 4360 316 4423 nihil
342 4360 432 4423 aliud
455 4359 495 4424 16
516 4359 650 4425 Christo
671 4370 860 4437 tenuerunt,
882 4359 947 4424 nisi
968 4359 1054 4442 quod
1077 4361 1125 4425 di·
1179 4358 1281 4442 igitur
1310 4356 1397 4422 rrnde
1424 4358 1593 4443 digressus
1620 4383 1720 4427 eram.
1775 4361 1833 4430 Sic
1860 4365 2000 4448 alligare
2027 4365 2099 4431 1666
2127 4375 2160 4431 61

146 4380 347 4511 1166166116
371 4445 484 4511 schola
504 4446 653 4511 Luciam.
692 4444 760 4510 Sed
783 4444 1126 4528 66111166661666-
1178 4444 1360 4523 Christum,
1382 4451 1416 4510 ct
1432 4447 1584 4526 spiritum
1601 4457 1761 4526 sanctum,
1784 4459 1818 4513 ct
1835 4450 2016 4531 ecclesiam,
2035 4464 2076 4516 nt
2090 4453 2161 4536 qui·

146 4537 222 4595 tucr
249 4532 417 4613 pontifices
440 4530 618 4596 enumero?
669 4530 775 4611 Quasi
802 4553 880 4598 vcro
908 4530 1044 4597 dubium
1073 4534 1124 4610 sit,
1179 4552 1306 4614 cunque
1333 4530 1400 4596 illic
1422 4533 1623 4615 praesideat,
1651 4536 1780 4600 etiamsi
1807 4537 1852 4601 sit
1873 4536 2038 4616 diabolus,
2061 4539 2161 4604 Chri·

145 4617 277 4701 qualem
309 4617 475 4700 rchgionis
508 4619 650 4700 speciem
677 4617 814 4701 professi
841 4619 909 4682 sint
933 4619 1127 4701 iampridem
1179 4619 1222 4684 sti
1244 4626 1356 4681 tamen
1378 4617 1519 4684 11661166
1541 4631 1576 4684 61
1591 4628 1692 4702 caput
1707 4621 1864 4688 ecclcsiae
1880 4632 2061 4703 censeatur,
2083 4626 2163 4707 quia

147 4704 318 4786 pontifices
339 4725 416 4768 cnm
438 4712 506 4768 toto
536 4702 755 4768 cardinalium
790 4703 941 4787 collegio,
970 4715 1004 4769 61
1031 4705 1127 4769 hodie
1179 4704 1280 4770 fuerit
1300 4703 1380 4767 clim
1400 4705 1492 4769 Petri
1511 4706 1620 4785 sedes,
1641 4728 1710 4772 non
1730 4708 1829 4775 modo
1847 4711 1988 4792 impium
2009 4717 2043 4776 61
2062 4708 2164 4776 Chri·

147 4791 371 4872 profiteantur.
400 4791 552 4855 Primum
570 4790 659 4854 enim
671 4810 810 4855 areanae
828 4790 915 4856 illius
934 4791 1126 4874 theologiae,
1180 4798 1232 4856 sto
1253 4791 1543 4871 contumehcsum,
1566 4793 1625 4858 sed
1644 4792 1745 4860 nimis
1765 4796 1946 4861 absurdum
1967 4806 2003 4861 et
2023 4816 2044 4861 a
2064 4819 2163 4863 66666

146 4876 329 4959 quaeinter
346 4896 401 4940 eos
419 4884 545 4960 regnat,
565 4884 665 4958 caput
687 4885 752 4940 est:
770 4876 900 4942 nullum
918 4897 989 4942 esse
1006 4877 1126 4942 Deum.
1180 4878 1349 4943 communi
1372 4877 1518 4943 ahenum
1545 4901 1616 4945 esse
1641 4878 1722 4946 dieo.
1778 4881 1853 4947 Iam
1878 4882 2008 4966 pridem
2033 4885 2164 4951 1616661

147 4961 310 5039 Alterum,
329 4982 540 5045 quaecunque
562 4962 603 5027 16
621 4961 753 5027 Christo
772 4964 894 5045 scripta
911 4968 992 5028 sunt
1011 4985 1050 5030 ae
1071 4963 1128 5029 do·
1180 4963 1351 5044 pontifices
1383 4970 1442 5028 aut
1469 4965 1560 5029 omni
1594 4986 1730 5047 prorsus
1750 4978 1867 5035 carent
1898 4969 2074 5053 religione,
2108 4976 2166 5037 aet

1180 5048 1318 5113 maximi
1338 5060 1417 5113 sunt
1438 5049 1606 5133 religionis
1631 5052 1751 5119 hostes.
1795 5055 1911 5125 Nihilo
1930 5056 2035 5140 igitur
2058 5057 2165 5142 mag's

268 5137 342 5143 “’“
1180 5135 1281 5212 fiunt,
1313 5134 1355 5198 ob
1388 5133 1498 5199 sedem
1531 5157 1631 5219 quam
1663 5149 1837 5222 occupant,
1877 5141 2006 5209 Christi
2038 5144 2164 5220 1166111,

223 5234 247 5287 rr
267 5235 469 5289 measse.
1154 5240 1281 5302 quam
1306 5218 1444 5298 idolum,
1478 5221 1534 5287 ubi
1561 5223 1597 5287 in
1630 5226 1751 5308 templo
1776 5228 1843 5297 Dei
1874 5229 2073 5307 6611661116,
2106 5250 2166 5314 pre
