4672 5842
106 264 112 275 '
226 291 288 354 111
823 340 827 345 .
871 281 1587 352 333133333131131331133.
2172 285 2237 348 313

229 476 310 544 dicit
332 475 435 560 (Psal.
450 478 520 553 105,
539 475 606 558 25),
629 474 738 557 ipsum
754 474 891 540 vertisse
913 473 1013 539 eorda
1034 494 1148 538 eorum
1169 483 1208 538 ut
1259 493 1319 555 pro
1339 482 1428 536 certo
1449 472 1574 538 vellent
1595 469 1677 537 illud
1697 472 1805 554 ipsum
1823 469 1909 554 quod
1931 471 2115 537 concedant
2153 472 2237 557 Ego,

230 563 304 629 odio
327 560 486 626 haberent
506 560 664 644 populum
682 583 787 626 suum.
828 559 897 624 lam
920 558 1027 625 dicere
1045 581 1111 623 nou
1134 581 1208 642 pos-
1259 559 1322 623 etei
1345 579 1401 622 eos
1428 560 1483 641 qni
1511 558 1620 623 nullas
1647 579 1718 623 esse
1745 556 1807 622 sibi
1834 556 1876 623 ad
1897 557 2059 622 iustitiam
2080 558 2168 623 vires
2188 571 2237 625 te-

229 649 275 716 sis
305 647 478 713 destitutos
504 646 639 711 Domini
671 646 805 712 oonsilio
837 646 1021 729 impegisse.
1064 645 1152 710 Nam
1180 668 1208 710 31
1260 653 1355 721 3331,
1384 642 1470 726 quod
1497 645 1533 708 in
1560 645 1673 726 primis
1700 642 1742 708 ad
1768 643 1906 709 salutem
1928 645 2061 726 cognitu
2087 665 2238 711 3333333·

228 733 424 800 roborantur
450 739 484 797 st
509 741 703 811 vertuntur,
736 731 897 796 destinato
923 731 1137 796 inflectuntur
1166 731 1208 796 ad
1259 731 1348 795 rium
1374 738 1425 793 est
1445 738 1557 794 tenere
1577 731 1696 808 fateor,
1724 750 1790 794 non
1817 737 1929 794 131333
1950 738 2030 811 puto
2052 729 2137 794 hanc
2158 750 2239 814 quo·

228 818 262 885 id
284 821 402 902 ipsum.
448 816 502 882 Ad
525 818 620 897 haec,
643 818 768 900 quoties
784 819 820 881 in
884 816 954 900 puli
975 818 1208 901 transgressio-
1260 836 1324 897 que
1340 822 1467 898 partem
1485 815 1725 900 negligendam,
1744 826 1783 879 ut
1799 816 1986 881 noverimus
2003 815 2152 897 specialis
2166 839 2239 884 osse

227 927 286 971 nes
304 903 479 970 vendicare
495 904 542 968 illi
583 904 690 982 lacuit,
712 924 808 986 quom
854 924 967 985 oopus
989 904 1139 968 suumin
1156 925 1208 968 re-
1261 902 1386 985 gratiae
1411 901 1562 980 Domini,
1596 903 1723 984 quoties
1755 902 1790 966 in
1821 910 1966 966 mentem
1998 901 2092 966 venit
2117 902 2239 988 eligere

226 925 756 1091 31301330113313311131310333
774 989 951 1055 efficaciam
970 989 1087 1073 agendi
1107 1010 1209 1072 penes
1261 985 1347 1070 quod
1373 1008 1392 1052 e
1414 1008 1450 1051 re
1471 997 1586 1052 nostra
1606 1003 1671 1065 est,
1700 987 1826 1070 quoties
1853 1008 1891 1051 eo
1918 986 2070 1052 voluntas
2092 989 2238 1069 inclinat,

228 1098 241 1143 1
279 1098 336 1142 um
359 1077 469 1156 fuisse,
493 1077 566 1141 illos
587 1075 805 1140 ministerium
827 1074 991 1139 duntaxat
1033 1076 1207 1141 racbuisse.
1260 1093 1395 1138 rursum
1417 1074 1542 1155 quoties
1562 1080 1597 1138 et
1613 1094 1706 1138 mens
1726 1073 1899 1137 stanimns
1910 1073 2031 1156 refugit
2050 1074 2137 1156 quod
2157 1074 2238 1140 alio·

263 1184 342 1228 aare
374 1184 462 1228 nunc
491 1161 584 1225 sibilo
611 1182 669 1226 suo
697 1169 909 1225 evocaturum
939 1181 975 1225 se
1004 1163 1009 1174 “
1039 1182 1075 1226 os
1102 1162 1208 1225 mina-
1260 1159 1316 1242 qui
1338 1166 1410 1222 erat
1430 1159 1624 1224 nociturum.
1657 1161 1766 1242 Atque
1789 1158 1853 1224 huc
1875 1179 1911 1224 se
1927 1158 2092 1241 protendit
2108 1159 2241 1229 divinae

230 1247 328 1314 batur
365 1247 428 1313 Ios.
449 1253 477 1325 6,
491 1250 531 1310 26
554 1255 588 1311 31
605 1251 633 1323 ’1,
657 1245 726 1329 18),
749 1267 837 1311 3333
859 1246 964 1311 instar
985 1267 1125 1330 sagenae
1148 1245 1209 1312 sibi
1260 1243 1484 1326 providentiae
1513 1246 1579 1322 vis,
1606 1266 1672 1309 non
1693 1243 1790 1309 modo
1815 1254 1985 1310 31131331
2006 1255 2145 1312 eventus
2165 1268 2241 1316 auc·
2270 1318 2274 1325 ,
2328 1259 2336 1320 ζ

230 1333 300 1407 1313
384 1332 730 1417 11131133033111112,
749 1336 786 1395 13
805 1339 838 1396 et
857 1336 906 1408 11,
926 1331 997 1417 20);
1019 1333 1209 1398 33331331-
1261 1328 1379 1394 cedant
1399 1329 1673 1412 quemadmodum
1695 1329 1849 1413 expedire
1871 1332 2090 1413 prospexerit,
2119 1332 2177 1398 sed
2201 1338 2242 1401 nt

230 1418 275 1486 lei
296 1420 409 1496 instar,
431 1416 472 1482 ad
493 1417 655 1483 feriendos
675 1417 843 1483 Israeliten
864 1418 942 1502 (Ier.
963 1424 1013 1497 60,
1033 1417 1099 1500 23).
1141 1416 1210 1484 Sed
1261 1415 1447 1482 voluntates
1468 1437 1594 1499 quoque
1617 1416 1786 1482 hominum
1808 1415 1923 1481 eodem
1944 1415 2089 1482 tendant
2134 1418 2240 1502 llqni·
2276 1446 2282 1459 ⁴

255 1505 340 1570 raeci
364 1527 405 1569 ue
431 1515 501 1569 tum
528 1503 715 1581 declaravit,
737 1524 836 1585 quam
861 1525 927 1569 non
955 1505 998 1569 sit
1024 1505 1147 1570 otiosus
1174 1506 1210 1569 in
1262 1501 1337 1567 dem
1364 1503 1392 1565 si
1420 1522 1520 1567 sensu
1541 1511 1654 1568 nostro
1676 1510 1866 1585 reputamus
1894 1523 2005 1567 rerum
2027 1512 2241 1571 externarum

230 1526 310 1667 lllis,
334 1526 411 1655 11313
435 1588 661 1655 Sennacherib
683 1591 823 1655 securim
844 1590 1208 1674 33331(133.10,16),
1262 1586 1592 1667 administrationem,
1633 1588 1716 1653 nihil
1756 1587 1978 1654 dubitabimus
2010 1597 2148 1655 eatenus
2179 1592 2241 1658 sub

231 1697 314 1775 quau
347 1673 389 1740 ad
413 1674 593 1740 secandum
620 1696 721 1740 manu
755 1696 815 1740 sua
839 1684 874 1739 et
902 1674 1064 1741 destinato
1090 1676 1155 1758 fait
1182 1681 1210 1742 et
1262 1672 1407 1738 humano
1428 1674 1563 1739 arbitrio
1585 1676 1664 1740 sitas
1686 1696 1770 1754 osse;
1799 1695 1915 1740 rerum
1941 1675 1969 1739 si
1996 1696 2092 1741 aures
2121 1685 2173 1741 tot
2193 1687 2241 1742 te·

230 1766 373 1843 rapace
416 1760 493 1825 Non
520 1760 606 1826 male
634 1758 753 1826 alieubi
779 1761 1030 1912 Augustinus&
1057 1763 1106 1827 113
1128 1760 1208 1827 defi·
1262 1760 1426 1824 stimoniis
1447 1760 1655 1842 praebemus,
1677 1780 1760 1843 quae
1780 1760 1963 1825 Dominum
1983 1762 2020 1825 in
2041 1761 2094 1826 his
2115 1783 2243 1846 quoque

231 1848 293 1913 nit:
321 1846 408 1930 quod
428 1846 492 1929 ipsi
514 1855 664 1929 peceant,
693 1868 805 1912 eorum
827 1867 912 1926 osse;
939 1869 982 1930 qu
1047 1849 1209 1930 peccando
1261 1866 1375 1928 regere
1406 1846 1532 1911 animos
1558 1846 1730 1910 hominum
1751 1845 1912 1924 clamant,
1937 1845 2110 1912 arbitrium
2131 1849 2241 1932 ipsum

231 1931 293 2000 1133
314 1932 367 2000 vel
389 1931 471 1997 illud
493 1940 608 2016 agant,
638 1954 680 1996 ex
709 1934 832 1998 virtute
853 1931 917 1998 Dei
941 1954 1027 2011 esse,
1057 1933 1210 1999 tenebras
1261 1931 1393 2013 speciali
1413 1931 1477 1996 Dei
1499 1933 1637 1996 motioni
1662 1933 1816 1997 subiicere
1836 1952 1893 1996 cos
1914 1938 2022 2016 coperit
2066 1931 2150 2014 Quis
2171 1936 2239 2000 Ae·

231 2028 329 2104 prout
350 2019 458 2084 visum
480 2028 531 2083 ost
551 2017 736 2083 dividentis.
1261 2017 1449 2101 gyptiorum
1470 2016 1655 2083 voluntates
1669 2018 1828 2083 Israelitis
1840 2017 2033 2098 conciliavit,
2056 2027 2095 2084 ut
2115 2022 2239 2106 precio·

319 2109 347 2169 0.
391 2105 496 2169 Porro
529 2114 662 2169 satanae
694 2104 914 2169 ministerium
938 2105 1140 2171 intercedere
1168 2106 1209 2172 ad
1261 2103 1390 2167 sissima
1410 2124 1558 2186 quaeque
1578 2125 1658 2169 3333
1679 2103 1745 2168 11113
1766 2103 1968 2169 commodato
1985 2104 2102 2170 durent
2118 2107 2239 2188 (11130.

231 2192 386 2273 reprobos
408 2190 621 2272 instigandos,
644 2190 769 2272 quoties
790 2191 855 2256 huo
878 2199 975 2274 atquo
997 2191 1075 2256 illuc
1094 2193 1209 2257 Domi·
1265 2187 1393 2272 11,3)?
1438 2188 1615 2272 Nunquam
1647 2211 1685 2254 eo
1719 2191 1865 2254 animum
1892 2191 1953 2273 ipsi
1982 2200 2098 2273 suapte
2124 2202 2239 2275 sponte

231 2297 295 2342 nus
320 2275 525 2358 providentia
554 2297 615 2341 sua
641 2297 695 2340 eos
725 2276 879 2353 destinat,
908 2277 961 2341 vel
988 2300 1030 2342 ex
1052 2299 1118 2342 uno
1140 2277 1209 2343 loco
1260 2274 1475 2339 induxissent
1536 2275 1627 2359 Ergo
1669 2295 1780 2339 eorum
1818 2276 1919 2339 animi
1950 2276 2094 2343 Domino
2132 2282 2239 2363 magis

232 2362 312 2428 ratis
333 2362 522 2427 constiterit.
568 2360 700 2427 Dicitur
722 2363 811 2427 enim
832 2364 964 2444 saepius
986 2365 1021 2428 in
1043 2362 1208 2441 Samuele,
1261 2358 1418 2425 suberant
1449 2381 1548 2443 quam
1580 2383 1601 2426 a
1633 2383 1668 2426 33
1701 2363 1780 2443 ipsis
1812 2362 2018 2445 regebantur.
2066 2363 2132 2429 Nec
2162 2359 2240 2432 33113

253 2447 317 2512 330
339 2446 472 2513 Saulem
508 2455 565 2512 aut
589 2448 770 2529 raptaverit
803 2456 860 2514 aut
886 2447 1047 2514 dimiserit
1073 2451 1209 2533 spiritus
1262 2444 1368 2523 Iacob,
1401 2447 1467 2511 nisi
1490 2467 1668 2528 percusse
1686 2452 1763 2511 esset
1784 2447 1907 2525 Deum,
1930 2453 2029 2528 prout
2054 2451 2159 2515 cisum
2185 2457 2237 2531 est,

285 2533 368 2598 mini
388 2532 496 2598 malus
524 2538 551 2598 et
571 2534 706 2616 spiritus
726 2533 832 2599 133133
853 2554 874 2599 3
895 2534 1033 2600 Domino
1062 2536 1095 2619 (1
1117 2534 1207 2601 Sam.
1260 2530 1436 2597 0313131033
1462 2533 1592 2598 1303333
1619 2533 1758 2598 diuersos
1785 2535 1926 2615 affectus,
1955 2534 2090 2601 dixisset
2115 2537 2153 2602 dr
2170 2537 2238 2618 filio

234 2618 576 2703 16,14;18,103ι3.>.
610 2618 663 2684 ad
685 2621 837 2719 spiritum
859 2631 1008 2685 sanctum
1030 2621 1063 2685 id
1085 2623 1207 2687 referre
1262 2615 1373 2699 Iosepb
1408 2619 1511 2701 (quem
1536 2619 1710 2700 profanum
1744 2639 1809 2684 3333
1841 2620 2018 2702 quenpicm
2050 2623 2238 2705 Aepyptium

230 2704 322 2770 33133
344 2712 402 2773 ost.
437 2703 579 2786 Spiritus
601 2726 679 2788 ergo
700 2727 849 2789 impurus
871 2706 936 2771 Dei
955 2707 1089 2790 spiritus
1111 2728 1206 2773 voca·
1253 2703 2114 2784 3313031);031330131133313333113311333133101331
2134 2727 2238 2773 coram

230 2795 301 2868 tur,
336 2790 413 2874 quia
449 2790 491 2855 ad
518 2791 590 2856 oius
619 2798 736 2855 nutum
757 2793 1001 2875 potentiamque
1023 2791 1205 2876 respondet,
1259 2788 1313 2852 033
1343 2790 1412 2854 ciro
1443 2789 1542 2873 (Gen.
1563 2794 1620 2869 43,
1649 2790 1712 2874 14).
1758 2790 1858 2856 &acti
1891 2796 1919 2857 et
1948 2796 2010 2857 1313
2043 2793 2170 2860 eeclesia
2203 2796 2238 2859 ia

229 2874 484 2941 instrumentum
511 2877 617 2960 magis
642 2877 744 2959 ipsius
773 2877 808 2941 in
834 2877 974 2961 agendo,
1001 2889 1100 2961 qu'am
1129 2901 1149 2944 3
1171 2901 1206 2944 se
1262 2873 1391 2939 Psalmo
1411 2875 1504 2961 (106,
1525 2875 1582 2960 46)
1602 2876 1733 2958 taeter,
1762 2878 1954 2958 3331113133
1976 2879 2121 2944 moereri
2142 2880 2240 2946 uoluit

229 2960 241 3026 i
264 2983 300 3027 so
333 2969 454 3028 auctor.
513 2962 618 3027 Simul
649 2962 826 3028 adderidum
858 2969 902 3028 est
934 2966 1016 3045 qood
1048 2987 1070 3030 3
1105 2964 1206 3030 Pacilo
1258 2959 1363 3038 Deus,
1390 2963 1605 3044 msscetoota
1633 2963 1676 3028 od
1695 2963 1885 3028 dorsetiam
1912 2963 1950 3029 30
1969 2965 2038 3046 ipso
2052 2965 2153 3046 fuisse
2168 2987 2240 3031 ene·

230 2982 264 3131 (i
284 3046 397 3113 111333.
417 3051 446 3125 2,
468 3048 559 3131 11)1)
581 3046 731 3128 tradite,
758 3047 911 3114 1113131133
931 3049 1103 3132 efflemsi
1123 3072 1206 3117 erro-
1258 3046 1375 3111 delium
1393 3049 1530 3130 933031»
1550 3048 1652 3113 cordo.
1681 3048 1824 3114 Rursum
1845 3070 1940 3131 33133
1959 3052 2077 3116 3331311
2095 3052 2132 3115 ia
2152 3054 2239 3117 irum

230 3133 278 3196 ris
307 3152 343 3195 oc
371 3133 555 3199 seductionis
583 3135 722 3213 immitti,
755 3138 790 3199 ut
816 3135 941 3200 31311331
966 3138 1123 3202 mendacio
1152 3139 1207 3218 qui
1261 3131 1407 3211 833131
1432 3154 1465 3198 ss
1490 3134 1535 3199 od
1562 3134 1675 3199 0311331
1702 3136 1886 3218 3331393131,
1918 3155 2014 3200 corso
2046 3138 2238 3218 etprimitrr

230 3218 353 3282 33111311
373 3238 434 3282 ewa
445 3224 629 3301 3311131331.
655 3219 774 3302 Longo
791 3228 901 3287 1331311
919 3220 1106 3289 discrimine
1122 3244 1207 3289 sem·
1259 3217 1403 3385 88313.
1433 3223 1488 3298 11,
1514 3220 1566 3305 6),
1599 3222 1682 3302 quod
1714 3240 1784 3286 eam
1812 3221 1970 3304 impulerit
1999 3223 2132 3303 3301033
2164 3223 2237 3290 Dei.

230 3322 290 3387 per
323 3303 423 3370 distat
454 3305 490 3369 iu
517 3304 631 3370 eodem
657 3326 754 3387 opero
775 3305 809 3371 id
836 3307 921 3390 quod
950 3309 1019 3392 agit
1045 3310 1208 3377 Dominus
1292 3306 1343 3370 uis
1364 3306 1512 3370 animum
1529 3305 1698 3372 Absolomi
1719 3307 1840 3372 avertit
1862 3307 1903 3372 ab
1921 3307 2137 3390 amplexando
2159 3331 2238 3376 con·

231 3389 272 3455 sb
295 3410 332 3453 eo
354 3388 439 3472 quod
461 3399 555 3455 satan
575 3399 609 3456 et
628 3391 720 3473 impii
738 3392 929 3459 moliuntur.
963 3393 1025 3459 Ille
1046 3395 1134 3462 mula
1156 3397 1207 3460 in·
1260 3390 1331 3456 silio
1368 3391 1581 3476 Achitophel,
1619 3392 1705 3475 quod
1744 3414 1815 3458 esse
1852 3393 1925 3458 3133
1955 3394 2078 3460 3133311
2112 3395 2239 3462 solebat

231 3482 423 3552 strumenta,
447 3496 530 3557 quse
554 3477 614 3542 sub
633 3498 733 3542 manu
750 3477 850 3544 habet
866 3488 900 3544 ot
917 3502 1048 3546 vorssre
1065 3481 1209 3564 quolibet
1260 3476 1295 3563 (2
1314 3473 1405 3542 Sam.
1434 3481 1471 3540 11
1478 3529 1487 3557 ,
1510 3477 1586 3560 14)1
1633 3478 1716 3560 Quis
1737 3480 1831 3543 flexit
1851 3479 2058 3558 Rehabeam,
2085 3490 2126 3546 ut
2145 3484 2236 3548 iuve-

230 3566 350 3644 potost,
381 3562 504 3626 servire
531 3563 674 3627 iustitiae
703 3584 781 3628 suae
808 3565 894 3631 facit
939 3566 986 3630 Hi
1008 3576 1107 3649 prout
1128 3568 1207 3633 mali
1260 3562 1319 3627 nili
1351 3563 1486 3629 oonsilio
1517 3563 1770 3647 persuaderetur
1798 3565 1831 3649 (l
1851 3565 1934 3649 Reg.
1957 3569 2009 3645 12,
2030 3566 2107 3630 101
2161 3569 2237 3649 Quis

231 3652 324 3725 sunt,
347 3647 525 3729 nequitiam
547 3648 672 3731 ingenii
693 3650 855 3731 pravitate
876 3661 1067 3734 oonceptam
1088 3654 1208 3720 3113313
1258 3653 1361 3733 poclm
1461 3670 1518 3714 333
1538 3651 1638 3732 prius
1662 3651 1816 3716 33033133
1838 3653 2010 3731 perterruit
2103 3651 2237 3720 Israelis

292 3732 369 3797 ’331
405 3733 554 3816 Reliqua
578 3755 662 3816 quae
683 3734 725 3799 ad
743 3735 980 3803 vendicandam
1001 3761 1022 3803 3
1044 3739 1208 3805 3313133111
1260 3736 1424 3802 adventius
1506 3735 1549 3801 111
1580 3737 1705 3818 quidem
1736 3738 1890 3802 1113111033
1919 3738 1992 3818 fieri
2023 3738 2163 3820 confesso
2192 3745 2237 3806 est

228 3751 300 3883 1101
315 3820 529 3897 maiestatem,
553 3827 623 3883 tum
645 3821 896 3903 praecidendam
917 3824 1025 3905 impiis
1047 3826 1206 3908 tergiver·
1259 3823 1407 3886 meretrix
1441 3821 1555 3887 1131130
1579 3822 1667 3971 1133.
1688 3827 1722 3900 2,
1749 3822 1792 3908 9).
1840 3823 1918 3904 Quis
1949 3844 2065 3890 rarszcs
2096 3831 2178 3889 meto
2209 3829 2238 3891 31

230 3903 388 3970 sationem
406 3907 582 3989 pertinent,
604 3906 639 3970 in
656 3907 762 3989 capite
783 3907 823 3972 de
839 3907 1048 3991 providentia
1064 3911 1131 3976 iam
1149 3933 1212 3977 ex«
1257 3907 1427 3989 formidine
1447 3907 1557 3972 11313311
1599 3909 1713 3974 sraelis
1734 3909 1842 3988 cordo,
1871 3909 1937 3973 0131
1961 3911 2074 3989 1111111
2096 3911 2158 3994 itte
2179 3914 2237 3976 mi·

231 3989 335 4069 posita
357 3992 480 4074 sunt.⁸)
525 3991 590 4056 Η13
613 3992 702 4056 33131
722 3994 865 4059 breviter
886 3995 1089 4077 propositum
1111 3998 1206 4062 modo
1258 3997 1352 4058 33133
1373 3997 1417 4058 est
1437 4013 1470 4057 33
1490 3994 1640 4059 sermm
1656 3995 1725 4060 illis
1741 4015 1793 4059 eor
1803 3995 1960 4077 paridam
1978 3995 2073 4081 (Lev.
2088 4000 2139 4076 26,
2153 3997 2235 4081 3619

230 4072 301 4151 1311,
324 4075 482 4157 quomodo
502 4079 537 4141 in
559 4079 697 4159 reprobo
720 4078 851 4144 homine
868 4101 904 4144 ro
928 4087 1206 4165 3313333333-
1280 4086 1289 4098 “
1346 4083 1373 4143 7.
1428 4078 1581 4161 Excipiet
1618 4082 1796 4163 quispiam,
1836 4102 1907 4146 esse
1944 4081 2025 4148 haee
2057 4082 2238 4168 singularia

230 4158 325 4225 modo
347 4161 381 4224 in
404 4169 542 4244 utroque
563 4171 641 4246 agat
662 4163 835 4241 Dominus,
860 4166 893 4229 in
920 4166 1013 4231 ’3313
1259 4164 1417 4247 exempla,
1441 4164 1643 4247 adquorum
1661 4166 1809 4251 regulam
1827 4169 1914 4251 exigi
1935 4188 2140 4251 nequaquam
2162 4171 2236 4234 uni·

317 4252 344 4310 6.
381 4245 423 4310 In
444 4249 624 4313 actionibus
646 4257 754 4314 autem
777 4271 859 4333 quae
881 4273 941 4317 neo
961 4253 1067 4317 iustae
1085 4274 1143 4335 per
1160 4275 1204 4331 se,
1258 4272 1354 4316 versa
1375 4249 1523 4316 debeant
1567 4252 1641 4337 Ego
1663 4276 1742 4319 vero
1765 4254 1851 4332 0133,
1874 4255 2075 4321 sufficienter
2096 4256 2138 4321 iis
2159 4277 2236 4340 pro-

228 4353 288 4399 neo
306 4333 441 4399 vitiosae
463 4344 549 4412 sunt,
573 4342 606 4398 et
627 4334 669 4400 ad
690 4357 878 4418 corpoream
900 4339 1005 4422 magis
1023 4360 1121 4420 qnam
1139 4341 1205 4423 spi·
1257 4337 1328 4401 bari
1347 4336 1432 4420 quod
1446 4337 1616 4418 oonteudo,
1635 4338 1754 4419 Deum,
1778 4341 1903 4422 quoties
1925 4341 2013 4406 riam
2034 4342 2142 4407 facere
2163 4341 2236 4407 vult

229 4418 380 4484 ritualem
404 4420 507 4485 vitum
530 4431 693 4502 spectent,
721 4443 819 4504 quem
848 4423 1032 4488 libertatem
1061 4425 1206 4491 obtineat
1258 4444 1336 4488 suae
1368 4423 1605 4505 providentiae,
1638 4427 1737 4491 etiam
1767 4429 1802 4490 in
1831 4426 1929 4492 rebus
1956 4428 2102 4492 externis
2129 4428 2236 4492 homi-

229 4502 334 4583 bomo,
353 4507 459 4571 elsisu
500 4508 701 4591 3311190333,
723 4507 870 4572 nondum
888 4515 990 4574 133133
1007 4511 1206 4593 explicatum
1257 4531 1338 4573 num
1368 4509 1553 4577 voluntates
1584 4513 1716 4578 flectere
1748 4520 1782 4576 et
1812 4534 1959 4592 3313313,
1991 4535 2052 4578 333
2085 4514 2132 4578 113
2164 4536 2235 4579 esse

228 4598 285 4655 est.
330 4529 499 4657 Nonnulli
508 4595 544 4659 in
565 4593 687 4659 talibus
707 4595 845 4659 liberam
865 4596 895 4659 oi
916 4594 1106 4662 electionem
1129 4619 1205 4663 oon-
1257 4593 1393 4661 liberam
1415 4597 1562 4680 ipsorum
1584 4598 1791 4676 electionem,
1812 4599 1892 4680 quin
1914 4600 1984 4666 eius
2003 4599 2148 4664 libertati
2169 4599 2234 4665 Dei

228 4688 404 4756 cesserunt,
425 4682 540 4764 magis,
563 4681 767 4758 3131011131,
790 4679 876 4764 quod
897 4680 937 4747 de
959 4703 1073 4749 13333
1093 4685 1206 4768 magni
1257 4680 1429 4746 arbitrium
1451 4683 1644 4750 dominetur.
1689 4684 1783 4748 Velis
1803 4685 1902 4762 nolis,
1932 4687 2079 4750 animum
2101 4694 2194 4750 tuum
2213 4707 2233 4749 3

228 4763 385 4826 momenti
411 4762 591 4848 disceptare
620 4766 788 4845 uolebant,
822 4788 920 4849 quam
947 4768 1034 4850 quod
1061 4791 1206 4835 asserere
1256 4768 1399 4833 motione
1419 4770 1484 4835 Dei
1512 4770 1744 4852 potiusquam
1771 4770 1812 4834 ab
1840 4771 2005 4837 electionis
2032 4780 2109 4836 tuae
2134 4769 2233 4836 liber-

228 4915 319 4927 „-
349 4919 431 4925 ω
512 4896 516 4909 .
1256 4860 1324 4919 1313
1345 4855 1504 4938 pendere,
1533 4855 1613 4919 haec
1639 4854 1830 4937 quotidiana
1857 4858 2061 4941 experientia
2081 4879 2116 4923 re
2139 4863 2232 4922 utare

1257 4947 1365 5024 coget,
1392 4941 1479 5026 quod
1506 4950 1539 5004 te
1560 4941 1597 5004 in
1618 4941 1716 5006 rebus
1737 4943 1872 5008 minime
1891 4945 2056 5027 perplexis
2076 4946 2112 5009 iu
2135 4943 2234 5008 ‘cium

227 5065 284 5120 illis
300 5083 368 5137 quos
385 5068 466 5122 siritio
480 5073 658 5192 paragraphi
677 5075 866 5158 313311οά33113
890 5077 996 5131 laudat.
1064 5077 1095 5145 3)
1115 5079 1204 5133 1111111·-
1257 5032 1411 5178 m&
1419 5025 1767 5178 flffimgf'fiffiulss
1782 5030 2233 5184 rieg’usmffimofflffi

226 5149 288 5260 gli
302 5137 553 5277 1011οα00010
568 5140 775 5280 1111171111
788 5145 1004 5270 liceliiliilm:
1027 5155 1204 5217 exponentur,
1256 5197 1444 5282 expeditum
1467 5162 1594 5263 statim’
1607 5199 1744 5265 offertur
1770 5201 1957 5283 consilium,
1983 5204 2019 5269 in
2043 5203 2176 5288 magnis
2199 5208 2233 5268 et

297 4998 326 5065 1)
344 4999 383 5053 Dc
401 4999 541 5055 Praedest.
563 5010 647 5058 331131.
724 5005 754 5073 2)
777 5006 968 5063 1133313331»
991 5008 1055 5063 311111
1076 5010 1207 5064 tremeret
