4672 5842
156 294 200 357 23
805 286 1071 354 utsalaoalo
1094 287 1198 352 Risu.
1221 286 1402 352 euulsa.
1428 290 1520 351 1559.
2127 288 2169 347 24

160 500 258 561 quem
279 476 378 542 stulte
400 475 622 553 admirantur,
651 472 709 541 sed
730 475 827 559 longe
849 475 913 539 eilia
934 484 1013 538 nota
1035 475 1138 539 conti·
1189 476 1296 540 lucem
1320 496 1415 541 suam
1438 476 1679 553 exstinxerant,
1709 495 1764 539 eos
1786 477 1974 539 excaecatos
2000 494 2112 549 sensu,
2135 481 2173 537 et

162 592 246 655 neri:
275 610 393 670 nempe
415 610 499 672 pura
518 586 610 653 verbi
632 588 695 652 Dei
721 586 975 669 praedieatione,
1003 595 1037 650 et
1058 586 1138 669 legi-
1190 587 1339 652 absurdis
1366 586 1548 652 mendaciis
1577 585 1662 664 ludi,
1694 597 1728 651 et
1750 586 1826 651 altis
1848 585 1990 650 tenebris
2015 583 2171 669 immergi

159 702 241 766 tima
262 712 540 765 sacramentorum
561 699 848 763 administratione.
889 698 1052 762 Fremant
1073 699 1138 763 nisi
1162 662 1166 729 l
1190 718 1304 783 passus
1326 707 1391 767 est.
1421 699 1572 763 utnulla
1594 720 1692 763 verae
1719 698 1871 763 ecelesiae
1894 697 1992 761 facies
2014 703 2169 761 exst-aret

161 813 295 878 ecclesia
317 812 419 895 digito
438 833 566 893 semper
588 810 784 875 ostendatur.
831 809 898 874 'sed
920 830 1019 891 quam
1041 831 1138 891 saepe
1162 738 1166 877 l
1191 811 1330 874 Interim
1354 822 1464 875 tamen
1487 819 1618 875 suaset
1640 810 1802 892 dispersos
1824 817 1858 873 et
1885 808 2111 873 delitescentes
2134 809 2171 872 in

162 926 196 988 in
219 924 338 1007 populo
359 924 558 988 Iudaeorum
580 924 625 988 sic
643 922 819 987 deformari
838 922 975 1004 contigit
992 929 1030 984 ut
1047 922 1139 985 nulla
1162 910 1165 987 l
1189 922 1307 986 mediis
1325 924 1489 987 erroribus
1511 930 1545 986 et
1565 921 1708 987 tenebris
1731 921 1772 986 ab
1794 922 1894 985 exitio
1913 921 2065 986 servavit.
2099 920 2171 985 Nec

160 1037 283 1118 species
311 1034 493 1100 emineret?
521 1056 619 1116 quam
645 1046 799 1115 putamus
826 1034 964 1096 formam
994 1033 1138 1115 resplen·
1162 1034 1166 1103 l
1189 1035 1325 1098 mirum:
1354 1033 1470 1100 didicit
1491 1034 1579 1097 onim
1609 1056 1740 1099 servare
1762 1045 1796 1097 et
1824 1033 1859 1095 in
1886 1033 1958 1114 ipsa
1979 1032 2171 1096 confusione

161 1145 285 1223 duisse,
313 1168 415 1228 quum
436 1147 550 1210 Helias
580 1144 685 1208 solum
712 1166 747 1209 se
775 1145 924 1209 relictum
955 1144 1139 1227 deploraret
1162 1108 1166 1255 1
1191 1144 1371 1229 Babylonis
1392 1157 1425 1209 et
1441 1147 1575 1210 flamma
1597 1147 1737 1211 fouracis
1759 1145 1911 1209 ardentis.
1942 1142 2040 1223 Quod
2057 1152 2171 1207 autem

162 1256 467 1342 (lRog.19,11)?
503 1256 658 1338 quamdiu
687 1257 726 1319 ab
755 1255 900 1321 adventu
929 1255 1051 1320 Christi
1083 1255 1139 1320 do·
1190 1257 1329 1321 forratam
1362 1258 1516 1323 eeclesiae
1549 1259 1656 1322 nescio
1687 1279 1751 1339 qua
1779 1280 1864 1321 veina
1896 1276 2015 1339 pompa
2043 1254 2172 1319 censori

159 1370 274 1435 formis
296 1369 412 1433 latuit?
441 1369 567 1450 quoties
588 1369 628 1432 ab
652 1391 689 1432 eo
711 1382 858 1449 tompore
881 1368 983 1443 bellis,
1007 1366 1138 1433 seditio-
1191 1367 1323 1446 volunt,
1357 1368 1389 1432 id
1423 1390 1522 1451 quam
1554 1369 1772 1452 periculosum
1805 1370 1849 1432 sit
1875 1369 1988 1450 paucis
2021 1367 2171 1431 indicabo

161 1482 273 1557 nibus,
302 1480 491 1545 haeresibus
519 1482 566 1545 sie
594 1501 750 1562 oppressa
779 1490 830 1544 est
862 1490 900 1543 ut
928 1480 1017 1543 nulla
1046 1486 1138 1561 parte
1191 1480 1297 1561 magis
1319 1503 1417 1562 quam
1440 1480 1615 1558 enarrabo,
1643 1504 1686 1545 ne
1707 1482 1887 1544 orationem
1914 1481 1949 1543 in
1971 1480 2172 1542 immensum

161 1592 321 1676 fulgeret?
366 1594 420 1655 An
443 1593 471 1655 si
495 1613 533 1655 eo
556 1608 702 1673 tempore
725 1593 901 1668 vixissent,
924 1590 1140 1656 credidissent
1192 1591 1373 1656 extraham.
1424 1593 1593 1667 Pontifex,
1623 1594 1791 1675 inquiuut,
1819 1592 1873 1673 qui
1904 1591 2014 1655 sedern
2042 1598 2172 1672 aposto·

162 1704 264 1767 ullam
282 1724 352 1767 esse
375 1702 568 1769 ecclesiam?
598 1703 666 1767 Sed
684 1704 810 1768 audivit
827 1703 942 1767 Helias
961 1702 1052 1766 salva
1069 1724 1140 1766 esse
1193 1702 1287 1767 licam
1309 1714 1414 1781 tenet,
1442 1706 1555 1787 etqui
1578 1705 1619 1770 ab
1642 1726 1680 1769 oo
1701 1704 1863 1768 aritistites
1885 1713 1965 1765 sunt
1986 1701 2113 1767 inuncti
2135 1713 2172 1765 ot

117 1832 122 1839 ·
161 1824 286 1896 septem
319 1813 423 1878 millia
450 1815 597 1877 virorum
624 1815 682 1897 qui
714 1837 780 1878 non
809 1829 1029 1881 curvaverant
1052 1836 1139 1896 gcuu
1192 1816 1384 1891 conscerati,
1414 1816 1525 1880 infulis
1546 1817 1641 1879 modo
1664 1828 1697 1879 et
1724 1816 1815 1878 lituis
1844 1814 1990 1895 insigniti
2014 1816 2094 1889 sint,
2117 1835 2172 1877 ec-

161 1946 271 1991 coram
303 1926 395 1990 Baal.
451 1926 521 1989 Nec
549 1926 684 1990 dubium
715 1926 807 1989 nobis
834 1948 904 1990 esse
934 1924 1030 1990 debet
1058 1926 1139 2007 quin
1163 1912 1167 2025 ξ
1191 1925 1323 1989 eleshuu
1342 1936 1596 2008 repraesentant,
1619 1937 1652 1991 et
1669 1950 1728 2010 pro
1749 1928 1884 1993 eeclesia
1902 1927 2016 1991 haberi
2033 1926 2169 1989 debent:

160 2060 290 2121 semper
310 2037 345 2101 in
368 2039 463 2101 terris
485 2040 673 2120 regnaverit
690 2037 844 2102 Christus
862 2061 903 2102 cx
926 2059 990 2118 quo
1011 2038 1138 2101 coelum
1163 2054 1166 2127 q
1191 2036 1264 2101 ideo
1298 2060 1358 2104 nee
1385 2060 1495 2103 crrrtre
1524 2051 1669 2122 possunt.
1714 2038 1780 2119 Qui
1808 2040 1875 2104 sic?
1911 2039 1991 2120 «uria
2021 2044 2171 2119 pastores

161 2148 316 2215 ascendit.
368 2149 552 2212 Notabilom
573 2172 651 2213 vero
680 2149 824 2232 aliquam
852 2150 988 2212 tbrmam
1017 2150 1044 2211 si
1067 2160 1139 2211 urm
1163 2140 1167 2226 l
1191 2149 1344 2213 ecelesiae
1367 2158 1400 2214 et
1430 2152 1608 2216 consecrati
1634 2150 1785 2215 Dourino.
1831 2152 1877 2215 Et
1899 2152 2011 2214 Aaron
2033 2147 2171 2213 caeteri·

161 2262 206 2344 pii
229 2260 330 2325 oculis
356 2260 595 2341 requisiissent,
625 2283 734 2325 nonno
754 2263 902 2343 protinus
924 2260 1141 2326 concidissent
1164 2280 1167 2341 ξ
1191 2282 1253 2341 que
1275 2262 1428 2343 pmcfeoti
1451 2263 1553 2327 lsrael
1583 2284 1691 2326 nonne
1720 2276 1866 2344 pastores
1894 2260 2011 2326 eraut?
2056 2261 2172 2323 Aaron

161 2372 300 2437 animis?
351 2372 396 2435 llt
425 2393 505 2435 saue
532 2372 565 2436 id
594 2373 660 2436 iam
688 2374 808 2437 summi
832 2374 904 2438 vitii
931 2374 1001 2438 loeo
1024 2373 1059 2435 iu
1081 2393 1140 2435 suo
1164 2354 1168 2405 ¹
1191 2392 1270 2436 vero
1299 2381 1332 2435 et
1359 2373 1417 2437 filii
1447 2376 1516 2438 eius
1545 2375 1611 2439 iam
1639 2374 1822 2438 sacerdotes
1850 2373 2012 2455 designati
2038 2390 2172 2436 errave·

163 2485 292 2547 saeculo
325 2483 464 2549 ducebat
496 2484 660 2562 Hilarius,
700 2484 786 2566 quod
817 2486 918 2549 stulta
950 2484 1141 2567 episcopalis
1164 2434 1168 2569 i
1193 2493 1270 2546 1uut
1291 2492 1417 2559 tamen,
1447 2508 1547 2567 quum
1570 2486 1710 2550 vitulum
1733 2486 1982 2549 fabricaverunt.
2028 2482 2097 2548 Cur
2119 2504 2172 2546 se-

165 2595 335 2677 diguitatis
366 2596 581 2660 admiratione
614 2597 776 2679 ‹recupath
817 2597 972 2661 latentem
1012 2594 1072 2659 sub
1103 2616 1142 2659 ea
1165 2574 1169 2671 l
1193 2595 1337 2660 eumlum
1359 2596 1444 2663 hanc
1466 2597 1626 2661 rationem
1652 2597 1819 2661 eeclesiam
1843 2619 1908 2660 uon
1930 2606 2172 2677 repraesentas·

163 2704 256 2771 larva
284 2707 451 2772 exitialem
483 2707 611 2772 lornant
639 2729 705 2773 non
731 2709 1040 2773 animadverterent.
1086 2706 1142 2771 Sic
1165 2684 1169 2777 l
1194 2715 1268 2771 sent
1287 2708 1519 2791 quadringenti
1547 2708 1597 2771 illi
1625 2709 1803 2791 prophetae
1830 2709 1886 2790 qui
1909 2708 2006 2772 Ahah
2033 2707 2173 2771 mentie-

162 2819 251 2881 enim
270 2818 431 2901 loquitur:
449 2820 471 2901 Ι)
494 2840 598 2883 ιιιιιιιιι
616 2841 742 2895 moneo,
761 2830 873 2885 cavete
895 2820 1141 2895 antichristum
1193 2816 1334 2882 bantur?
1364 2821 1411 2883 At
1432 2820 1568 2885 ecclesia
1589 2822 1696 2886 stabat
1719 2818 1907 2903 apartibus
1926 2818 2047 2895 Micha,
2070 2817 2173 2882 solius

162 2930 248 2994 male
280 2931 369 2994 enim
398 2952 455 2995 vos
483 2931 647 3012 parietum
674 2952 766 2994 amor
793 2933 893 3014 cepit;
928 2932 1014 2996 male
1041 2931 1142 2995 cccle-
1195 2929 1327 3011 quidem
1353 2939 1386 2995 et
1412 2933 1680 3014 contemptibilis,
1710 2931 1768 2997 sed
1790 2954 1832 2995 cx
1855 2932 1948 2995 cuius
1976 2952 2032 2995 ore
2054 2950 2174 2994 verum

162 3040 245 3105 siam
274 3042 338 3105 Dei
369 3043 406 3105 in
435 3042 529 3106 tectis
557 3042 775 3125 aedificiisque
803 3044 1022 3123 venera-mini3
1055 3044 1142 3108 male
1194 3041 1421 3124 egrediebatur
1443 3042 1476 3123 (l
1499 3044 1581 3126 Reg.
1601 3048 1652 3121 22,
1671 3047 1691 3106 8
1711 3044 1822 3125 seqq).
1857 3044 1975 3107 Nonne
1996 3052 2030 3106 et
2051 3062 2174 3105 nomen

161 3152 224 3216 sub
262 3152 303 3217 iis
341 3154 430 3237 pacis
470 3175 590 3218 nomen
622 3155 784 3237 ingeritis:
826 3175 911 3220 auno
949 3157 1141 3239 ambiguum
1194 3156 1359 3219 etfaciam
1377 3155 1530 3220 ecelesiae
1548 3176 1627 3237 prae
1644 3177 1679 3220 sc
1697 3156 1846 3220 ferebant
1862 3153 2049 3238 prophetae,
2069 3174 2175 3235 quum

161 3270 212 3329 est
249 3264 283 3327 in
328 3265 368 3328 iis
401 3265 634 3331 antichristum
672 3288 743 3332 esse
785 3267 974 3332 sessurum?
1012 3276 1141 3331 montes
1194 3287 1259 3330 uno
1279 3268 1404 3350 impetu
1427 3266 1584 3333 adversus
1610 3267 1784 3331 Ieremiam
1805 3267 2032 3349 insurgerent,
2055 3273 2089 3328 et
2109 3262 2174 3327 mi-

160 3375 259 3453 mihi,
289 3385 322 3440 ct
342 3376 469 3460 sylvae,
493 3388 527 3440 ct
547 3378 653 3455 lacus,
677 3385 710 3443 et
730 3400 892 3458 carceres,
915 3388 949 3444 et
968 3380 1142 3463 voragines
1194 3398 1292 3442 naccs
1313 3379 1483 3457 iactarent,
1506 3379 1579 3443 fieri
1600 3400 1667 3442 non
1689 3401 1783 3461 posse
1805 3389 1843 3441 ut
1864 3378 1986 3460 periret
2005 3376 2060 3441 lex
2078 3396 2098 3441 a
2119 3395 2174 3440 sa-

162 3498 242 3550 sunt
261 3488 412 3567 tutiorcs3
439 3488 475 3551 iu
502 3489 542 3553 iis
570 3491 658 3553 enim
686 3491 865 3574 prophetae
886 3500 944 3556 aut
971 3506 1142 3556 manentes
1195 3489 1338 3568 eerdote,
1364 3490 1536 3555 consilium
1565 3492 1766 3573 asapiente,
1794 3490 1930 3554 verbum
1964 3509 1985 3553 a
2012 3488 2175 3571 propheta

164 3606 222 3662 aut
254 3596 393 3663 demersi
426 3600 674 3683 prophetabant.
725 3601 814 3682 Quid
844 3614 954 3667 autem
983 3604 1080 3667 hodie
1105 3604 1141 3665 in
1195 3600 1272 3685 (Ier.
1297 3601 1443 3683 ls,1s)?
1489 3601 1658 3668 Adversus
1681 3608 1783 3665 totam
1810 3601 2044 3683 prophetarum
2066 3598 2173 3663 natio·

164 3711 311 3774 cornutis
332 3711 401 3775 suis
423 3711 580 3795 episcopis
601 3712 745 3779 mundus
768 3725 952 3785 veneratur,
977 3715 1038 3779 nisi
1060 3736 1141 3797 quo·
1194 3735 1270 3777 nem
1294 3714 1382 3778 solus
1409 3714 1566 3778 Ieremias
1587 3712 1741 3791 mittitur,
1764 3714 1820 3795 qui
1841 3736 1862 3777 a
1880 3712 2026 3778 Domino
2045 3710 2174 3775 denun-

165 3822 256 3885 niam
277 3829 405 3885 sanctos
427 3843 498 3887 esso
520 3824 688 3907 religionis
709 3826 877 3908 praesules
894 3834 1046 3891 autumat
1062 3847 1143 3909 quos
1195 3827 1255 3890 tiet
1275 3826 1343 3890 fore
1366 3834 1404 3889 ut
1426 3825 1479 3889 lex
1502 3832 1656 3907 pereata
1683 3824 1863 3899 sacerdote,
1886 3825 2057 3890 consilium
2078 3844 2099 3886 a
2120 3844 2174 3887 sa·

166 3930 347 3999 celebribus
369 3933 506 4000 urbibus
526 3934 618 4000 videt
637 3936 847 4018 praesidere?
883 3940 1045 4022 Apa-gesis
1063 3959 1142 4022 ergo
1195 3937 1315 4020 pionte,
1338 3936 1475 4002 verbum
1498 3959 1518 4000 a
1539 3936 1699 4019 propheta
1721 3937 1811 4019 (ibid.
1831 3944 1861 4015 «t,
1880 3936 1925 4021 9).
1958 3936 2077 4000 Nonne
2094 3934 2173 3999 talis

165 4050 236 4106 tam
256 4044 714 4127 stupidam'aestimationem.
760 4046 853 4128 Quin
879 4050 987 4131 potius
1008 4051 1142 4132 permit-
1195 4047 1348 4131 splendor
1374 4047 1559 4132 refulgebat
1585 4049 1620 4112 in
1647 4069 1685 4114 eo
1713 4049 1848 4114 coneilio
1875 4047 1961 4130 quod
1990 4048 2172 4129 pontifices,

165 4160 274 4263 tamus
296 4156 358 4221 hoc
380 4157 536 4221 Domino:
561 4168 600 4222 ut
620 4158 750 4240 quando
772 4160 841 4242 ipse
863 4160 952 4225 solus
974 4162 1066 4226 novit
1086 4159 1143 4242 qui
1195 4161 1320 4226 scribae
1347 4176 1380 4224 ct
1400 4160 1571 4225 Pharisaei
1599 4160 1815 4244 collegerunt,
1846 4160 1982 4225 consilia
2004 4158 2044 4224 de
2066 4160 2172 4223 inter-

164 4267 217 4337 tui
244 4268 311 4332 sint
343 4267 378 4353 (2
402 4269 486 4332 Tim.
506 4272 535 4347 2,
558 4270 629 4354 19),
657 4270 825 4335 interdum
858 4272 956 4335 eham
989 4272 1144 4337 ecclesiae
1195 4271 1493 4353 ficiendolChristo
1521 4274 1683 4354 captaturi
1712 4272 1840 4355 (loann.
1869 4279 1921 4349 12,
1954 4270 2030 4354 10)?
2080 4270 2173 4334 Eant

164 4400 244 4443 suae
270 4381 465 4444 exteriorem
492 4381 644 4446 notitiam
669 4383 710 4448 ab
738 4384 909 4447 hominum
929 4390 1062 4464 aspectu
1084 4354 1152 4446 aus
1195 4404 1299 4461 nune,
1333 4384 1368 4447 in
1389 4392 1528 4448 externa
1554 4384 1647 4451 larva
1676 4385 1848 4458 haereant,
1882 4390 1920 4447 ut
1946 4381 2119 4448 Christum
2139 4389 2174 4445 et

164 4491 257 4555 ferat.
300 4492 372 4570 Est,
394 4493 507 4570 fateor,
530 4493 696 4559 horribilis
717 4494 773 4560 illa
795 4495 860 4559 Dei
882 4494 1026 4560 vindicta
1044 4514 1144 4577 super
1195 4515 1307 4560 omnes
1334 4495 1400 4560 Dei
1426 4497 1602 4580 prophetas
1623 4496 1745 4561 faciant
1773 4495 2011 4573 schismaticos;
2038 4502 2174 4557 satanae

165 4608 304 4680 terram,
333 4603 391 4670 sod
412 4605 440 4669 si
463 4606 510 4669 ita
530 4618 676 4671 meretur
704 4606 875 4670 hominum
897 4608 1061 4689 impietas,
1084 4628 1144 4671 cur
1196 4627 1329 4670 rursum
1365 4608 1535 4674 ministros
1572 4608 1694 4673 faciant
1731 4606 1866 4688 spiritus
1900 4606 2003 4672 sancti
2037 4625 2172 4688 organa.

165 4710 249 4776 istae
276 4714 340 4777 Dei
371 4715 487 4781 ultioni
516 4717 672 4782 obsistere
698 4718 858 4782 nitimur?
904 4716 962 4785 Sic
984 4720 1143 4782 anteactis
1197 4716 1294 4797 Quod
1312 4720 1340 4783 si
1357 4741 1398 4784 ex
1416 4720 1525 4785 animo
1543 4720 1732 4800 loquuntur,
1750 4716 1969 4800 respondeant
1985 4717 2068 4781 mihi
2086 4717 2174 4781 bona

166 4823 305 4887 saeculis
338 4824 501 4892 Dominus
539 4830 709 4894 hominum
747 4830 1023 4913 ingratitudinem
1054 4830 1144 4894 ultus
1195 4829 1268 4909 fido,
1292 4832 1425 4896 ubinam
1448 4831 1595 4916 gentium
1613 4851 1652 4893 ac
1672 4828 1822 4895 locorum
1838 4830 2009 4894 eeclesiam
2029 4827 2174 4893 residere

167 4942 225 4999 est.
270 4935 358 4999 Nam
379 4939 455 5019 quia
477 4941 608 5003 veritati
636 4963 714 5006 suae
735 4941 865 5007 obedire
893 4943 1081 5019 noluerant,
1110 4949 1144 5007 et
1196 4943 1393 5021 existiment,
1415 4962 1542 5023 exque
1563 4941 1748 5007 basiliensis
1768 4942 1895 5008 concilii
1917 4941 2046 5008 decreto
2066 4939 2174 5005 deico-

1196 5060 1248 5119 tus
1270 5063 1304 5120 et
1324 5053 1492 5121 abdicatus
1514 5062 1564 5116 cst
1583 5053 1776 5135 pontificatu
1795 5052 1975 5137 Eugenius,
1997 5051 2174 5135 subrogato

237 5174 268 5245 1)
284 5174 387 5229 contra
402 5177 578 5231 Auxenuum.
1196 5168 1232 5231 in
1253 5167 1324 5231 eius
1344 5165 1453 5229 locum
1469 5162 1656 5231 Amedaeo?
1690 5166 1830 5251 Negare,
1848 5163 1903 5231 vel
1921 5164 1951 5229 si
1968 5170 2173 5246 rumpantur,
