4672 5842
231 299 293 360 sos
643 238 647 244 ’
875 287 1141 359 marmano
1161 288 1268 355 nnn.
1290 285 1472 355 onnmr.
1496 292 1588 355 ura
2178 294 2244 359 eu

230 504 329 567 opera
351 504 417 547 non
438 482 564 546 excutit
583 501 643 562 pro
661 480 797 557 meritis,
819 479 877 544 sed
898 490 1037 562 paterna
1058 480 1209 633 hanugi&
1233 482 1236 493 '
1259 485 1295 542 ot
1311 477 1483 554 emultate,
1505 499 1579 542 eece
1600 499 1724 544 merces
1739 484 1850 542 vestra
1870 478 2000 561 copiosa
2021 487 2072 545 est
2089 481 2123 545 in
2141 480 2240 549 eous

230 577 297 634 tate
318 566 503 633 osculatur?
543 564 618 648 Quo
640 588 706 631 non
730 573 858 631 tantum
882 566 1099 650 intelligimus
1123 588 1167 648 qu
1260 562 1537 646 (Matth.5‚12);
1569 564 1791 646 unusquisque
1818 564 2004 630 mercedem
2030 566 2170 648 accipiet
2188 589 2241 633 se·

229 654 366 719 uadunt
387 652 592 728 Scholastici,
611 674 631 717 a
649 653 755 736 gratia
768 660 957 734 acceptante
969 652 1091 718 habere
1108 674 1208 735 opera
1260 649 1404 715 eundum
1425 648 1571 714 laborem
1594 649 1625 731 (1
1647 649 1722 714 Cor.
1743 653 1771 726 3,
1791 649 1836 798 8).
1873 648 1970 731 Quod
1992 651 2169 735 unicuique
2190 653 2243 719 di·

229 760 326 806 suum
347 739 501 804 valorem.
546 738 601 802 Illi
623 738 712 803 enim
734 738 897 813 sentiunt,
926 739 1066 821 imparia
1087 738 1207 820 alioqui
1231 672 1236 825 l
1259 737 1345 801 citur
1373 734 1560 800 redditurus
1583 733 1674 800 Deus
1704 757 1885 801 secenum
1911 757 2026 819 epora,
2055 760 2159 820 parvo
2182 762 2242 805 ne·

228 845 330 909 opera
355 845 394 890 ec
415 825 493 909 lepis
515 830 608 907 pade
636 824 734 889 saluti
757 823 1008 906 comparandae,
1032 826 1067 888 in
1089 846 1207 906 aequa·
1259 822 1348 906 gotio
1370 819 1568 886 dissolvitur.
1602 819 1763 886 Ordinem
1786 823 1875 885 enim
1898 825 2148 904 consequentiae
2170 846 2242 890 ma·

228 909 331 976 litatis
363 919 474 975 tamen
507 912 649 992 pretium
675 910 740 973 Dei
772 911 957 992 acceptione
985 911 1089 975 evehi
1135 911 1208 994 Ego
1260 909 1310 992 gis
1336 929 1435 989 quam
1463 928 1595 972 causam
1620 905 1745 972 indicat
1771 907 1927 990 loquutio.
1972 910 2080 975 Extra
2102 909 2241 976 dubium

229 1004 339 1062 summ
351 995 433 1074 dico
456 1019 504 1073 ea,
528 1005 598 1060 tum
621 996 692 1059 aliis
710 997 1033 1079 transgressionibus,
1053 1006 1123 1060 tum
1140 998 1207 1060 suis
1260 1002 1372 1058 autem
1392 1001 1456 1069 est,
1486 993 1666 1057 Dominum
1690 993 1743 1057 his
1764 993 2006 1060 misericordiae
2028 1017 2107 1062 suas
2127 997 2240 1081 gradi-

227 1081 376 1166 ipsorum
407 1081 543 1148 maculis
571 1083 758 1163 inquinata,
793 1103 859 1145 nou
889 1082 978 1147 aliud
1006 1083 1116 1147 valore
1142 1083 1207 1146 nisi
1259 1078 1320 1145 bus
1342 1079 1481 1144 salutem
1504 1089 1648 1143 nostram
1676 1100 1912 1158 consummare,
1942 1080 2022 1146 dum
2048 1081 2169 1149 eleetos
2197 1083 2241 1149 ad

229 1168 315 1251 quod
337 1167 500 1233 Dominus
530 1168 656 1231 veniam
680 1168 826 1250 utrisque
848 1168 1012 1251 indulget;
1039 1169 1124 1251 quod
1147 1180 1206 1247 ost,
1259 1187 1295 1230 se
1327 1173 1435 1241 vocat,
1476 1173 1607 1229 vocatos
1639 1166 1808 1241 iustificat,
1849 1166 2040 1232 iustificatos
2078 1168 2242 1253 glorificat

230 1255 409 1339 gratuitam
433 1254 555 1318 homini
582 1254 738 1318 iustitiam
761 1253 883 1337 largiri.
929 1255 1045 1337 Neque
1066 1266 1207 1336 tempes-
1260 1252 1369 1336 (Rom.
1390 1256 1425 1328 8,
1445 1250 1510 1331 30).
1556 1251 1700 1315 Tametsi
1727 1272 1803 1334 ergo
1826 1251 1896 1316 sola
1916 1253 2139 1319 misericordia
2160 1277 2239 1321 suos

229 1341 297 1404 tive
316 1341 369 1404 hio
382 1339 602 1404 obtruduntur
612 1339 687 1403 illae
699 1339 835 1421 apestoh
850 1340 950 1424 (pr.
969 1345 995 1415 1,
1010 1348 1046 1418 4;
1063 1346 1075 1402 l
1092 1340 1204 1405 Thess.
1260 1339 1296 1401 in
1313 1338 1414 1402 vitam
1434 1337 1598 1418 suscipiat,
1620 1337 1698 1417 quia
1720 1346 1831 1401 tamen
1852 1337 1889 1414 in
1906 1339 1977 1404 eius
1998 1341 2241 1421 possessionem

232 1429 261 1503 3,
285 1429 321 1488 13
340 1433 374 1490 et
390 1423 482 1507 alibi)
504 1425 714 1507 procationes,
737 1424 793 1489 ubi
816 1434 943 1490 tantam
961 1425 1112 1491 fidelibus
1132 1447 1206 1508 per·
1259 1424 1346 1506 ipsos
1369 1422 1508 1498 deducit,
1531 1445 1591 1505 per
1609 1421 1769 1487 bonormn
1786 1444 1921 1505 operum
1944 1424 2096 1504 stadium,
2118 1434 2240 1510 utque

229 1511 401 1577 lechonem
423 1519 528 1592 optat,
557 1518 595 1574 ut
617 1511 684 1575 sint
705 1512 863 1593 inculpati
884 1520 917 1576 et
938 1511 1207 1594 irreprehensibi·
1233 1558 1235 1575 .
1260 1508 1438 1575 destinavit
1465 1508 1579 1572 ordine
1606 1529 1702 1573 suum
1728 1508 1763 1572 in
1786 1509 1850 1572 illis
1872 1531 1955 1592 opus
1977 1511 2126 1593 impleat,
2155 1512 2240 1578 nihil

229 1595 278 1662 lss
305 1598 340 1661 in
367 1596 419 1661 dio
440 1597 585 1661 Domini.
630 1597 721 1662 Haec
749 1596 881 1678 quidem
908 1598 1009 1662 verba
1031 1597 1207 1663 Goelestini
1260 1596 1383 1658 mirum
1417 1595 1444 1658 si
1472 1593 1653 1659 seeundum
1682 1615 1781 1676 opera
1804 1616 1864 1659 sua
1891 1594 2047 1661 dicuntur
2073 1598 2238 1664 coronari:

229 1680 325 1747 valde
347 1682 424 1746 olim
447 1683 667 1765 exagitabant,
692 1683 733 1746 ad
754 1683 985 1764 perlectionem
1007 1684 1152 1748 iustitiae
1172 1685 1207 1747 in
1260 1681 1378 1762 quibus
1412 1679 1500 1744 haud
1533 1679 1631 1744 dubie
1659 1679 1701 1744 ad
1729 1681 1948 1762 recipiendam
1981 1683 2240 1751 immortalitatis
2253 1724 2266 1749 ,ι

229 1767 291 1832 hae
319 1768 387 1831 vita
416 1768 632 1833 asserendam.
677 1766 745 1832 sed
772 1768 858 1850 quod
886 1769 1084 1834 arbitramur
1115 1770 1207 1834 suffi·
1260 1787 1414 1831 coronam
1441 1774 1689 1848 praeparantur.
1734 1765 1823 1846 Quin
1854 1768 1916 1831 hae
1938 1769 2064 1834 ratione
2092 1771 2239 1853 apposite

229 1873 316 1931 cere,
351 1852 492 1919 breviter
521 1863 595 1936 post
623 1855 849 1937 Augustinum
883 1855 1130 1938 respondemus:
1165 1853 1207 1918 ad
1260 1852 1414 1918 dicuutur
1441 1852 1582 1917 salutem
1612 1872 1706 1916 suam
1735 1853 1864 1935 operari
1887 1853 1988 1935 (Phil.
2010 1858 2038 1932 2,
2060 1855 2129 1939 12),
2159 1856 2240 1921 dum

228 1938 315 2005 hanc
336 1938 468 2021 quidem
489 1949 612 2004 metam
632 1940 777 2023 aspirare
798 1941 870 2022 pios
887 1963 1000 2006 omnes
1021 1941 1146 2018 debere,
1169 1949 1208 2006 ut
1261 1938 1354 2003 bonis
1382 1939 1533 2020 operibus
1561 1936 1777 2003 incumbendo
1806 1939 1910 2004 vitam
1940 1950 2108 2006 aeternam
2133 1942 2239 2008 medi·

228 2024 428 2089 immaculati
458 2025 633 2108 aliquando
662 2034 695 2090 et
717 2025 873 2108 inculpati
897 2035 1077 2110 appareant
1097 2047 1206 2093 coram
1260 2031 1381 2089 tantur.
1430 2024 1549 2105 Nesupe
1580 2025 1660 2088 suut
1692 2024 1770 2088 alibi
1803 2026 1948 2090 iubentur
1975 2029 2103 2108 operari
2128 2029 2239 2107 ubam,

228 2110 293 2175 Dei
316 2111 412 2191 faoie;
442 2111 499 2176 sed
521 2113 597 2194 quia
619 2112 743 2194 optima
764 2119 797 2176 et
818 2114 1099 2195 praestantissima
1119 2114 1207 2177 vitae
1259 2111 1315 2192 qai
1341 2131 1402 2175 aeis
1426 2112 1508 2192 perit
1530 2110 1659 2191 (Ioann.
1680 2114 1714 2185 6,
1735 2110 1805 2193 27),
1834 2111 1909 2176 dum
1936 2113 1970 2175 ia
1994 2111 2156 2178 Christum
2179 2135 2240 2181 sre-

228 2198 413 2279 praesentis
441 2198 524 2262 ratio
551 2197 635 2261 nihil
658 2197 748 2262 aliud
770 2206 820 2263 cst
841 2219 939 2281 quam
961 2201 1137 2281 profectus,
1165 2199 1207 2263 ad
1260 2197 1357 2262 dendo
1385 2195 1446 2261 sibi
1474 2198 1572 2260 vitum
1598 2197 1780 2276 weisunt,
1814 2203 1842 2261 et
1867 2203 1969 2262 tamea
2001 2219 2074 2264 noos
2101 2200 2239 2280 additu,

229 2302 303 2346 eam
325 2292 445 2347 metam
474 2304 534 2348 nos
561 2293 630 2347 tum
659 2282 790 2348 demum
813 2293 1037 2367 perventuros,
1068 2286 1121 2350 ubi
1145 2285 1207 2350 hac
1259 2303 1349 2363 quen
1368 2282 1458 2362 filius
1477 2282 1612 2346 bmnium
1633 2282 1767 2346 dmurus
1791 2289 1835 2348 est
1855 2282 1948 2349 subu.
2000 2283 2087 2350 Uada
2108 2291 2240 2367 appara

229 2369 354 2451 peceati
381 2390 479 2433 carne
508 2371 598 2433 exuti
620 2368 765 2434 Domino
792 2369 833 2434 ad
861 2370 994 2453 plenum
1016 2369 1207 2436 adhaerebi·
1260 2369 1410 2450 operandi
1437 2367 1561 2432 verbam
1586 2388 1783 2449 nequaquem
1809 2370 1924 2450 opponi
1942 2371 2079 2452 gratiae,
2108 2373 2164 2438 scd
2193 2394 2240 2437 rs·

229 2473 313 2517 mus.
359 2454 472 2536 Neque
505 2462 614 2519 tamen
647 2456 859 2537 pertinaciter
890 2477 965 2521 oum
994 2478 1033 2521 eo
1062 2456 1205 2541 litigabo,
1256 2456 1339 2537 ferri
1360 2453 1572 2530 eustadium,
1594 2473 1631 2517 oe
1645 2455 1781 2534 preivme
1801 2475 1869 2519 nou
1886 2455 2042 2537 sequitur,
2065 2458 2119 2522 vel
2134 2458 2240 2539 fidula

230 2539 286 2621 qui
308 2539 515 2621 perfectionis
538 2541 671 2604 titulum
694 2540 970 2607 sanctistribucre
988 2543 1088 2608 volet:
1111 2542 1207 2608 modo
1259 2542 1348 2623 ipsos
1370 2561 1441 2605 esse
1463 2539 1578 2604 salutis
1599 2561 1677 2605 suae
1698 2549 1837 2618 auteres,
1861 2541 1913 2607 vel
1935 2541 1976 2606 ab
1999 2543 2144 2624 ipserum
2163 2566 2239 2627 ope-

229 2644 303 2690 esm
320 2647 448 2708 queque
466 2628 644 2711 Augustini
658 2625 681 2709 ¹)
704 2628 807 2711 ipsius
829 2627 936 2693 verbis
954 2629 1097 2694 definiat
1124 2629 1207 2693 Per-
1260 2626 1351 2691 ribus
1379 2647 1452 2691 eam
1479 2647 1642 2690 emanare.
1689 2625 1778 2706 Quid
1804 2626 1903 2711 erge?
1934 2627 2153 2711 simulatque
2178 2652 2239 2713 per

228 2711 361 2787 fecum,
390 2713 511 2795 inquit,
542 2722 730 2779 sanctorum
752 2714 908 2778 virtutem
935 2737 1035 2797 quum
1058 2715 1207 2779 nomina·
1260 2713 1421 2795 evangelii
1443 2712 1603 2789 notitiam,
1626 2720 1660 2788 et
1681 2713 1815 2794 spiritus
1837 2715 1942 2778 sancti
1963 2713 2237 2780 illuminationem

228 2816 315 2871 mus,
346 2797 386 2862 ad
415 2799 521 2881 ipsam
548 2799 779 2883 perfectionem
800 2800 944 2883 pertinet
965 2802 1065 2865 etiam
1087 2802 1208 2883 imper·
1259 2798 1374 2864 adsciti
1398 2807 1477 2864 sunt
1498 2799 1533 2861 in
1553 2796 1679 2863 Obristi
1701 2798 1918 2877 consortium,
1951 2799 2102 2866 inchoata
2123 2802 2237 2866 estin

228 2881 376 2949 actionis
399 2893 469 2948 tum
492 2886 685 2950 inveritate
708 2894 778 2950 tum
798 2887 832 2949 in
854 2886 1038 2951 humilitate
1056 2887 1206 2971 cognitio.
1259 2884 1325 2950 illis
1354 2891 1489 2949 aeterna
1516 2884 1592 2949 vita
1638 2884 1710 2948 Iam
1739 2884 1824 2968 quod
1852 2885 1888 2950 in
1915 2885 1980 2951 illis
2007 2885 2129 2952 bonum
2156 2909 2238 2970 opus

1259 2971 1429 3037 inchoavit
1451 2970 1559 3047 Deus,
1594 2978 1628 3035 ct
1659 2972 1773 3053 perfici
1802 2982 1930 3053 oportet
1958 2993 2061 3054 usque
2088 2974 2122 3037 iu
2151 2972 2238 3039 hem

1259 3057 1394 3121 Domini
1424 3057 1502 3121 Iesu
1529 3056 1631 3138 (Phil.
1655 3063 1686 3135 1,
1708 3061 1751 3140 6).
1796 3058 1973 3123 Perficitur
1994 3078 2106 3140 porro,
2136 3081 2238 3142 quum

1259 3143 1385 3207 iustitia
1406 3150 1440 3207 et
1458 3143 1633 3208 sanctitate
1656 3152 1785 3226 patrem
1806 3143 1978 3209 coelestem
2000 3144 2180 3211 referentes
2202 3166 2238 3211 se

1259 3228 1344 3293 filios
1366 3229 1437 3294 eius
1460 3249 1528 3293 neu
1549 3228 1728 3326 degeneres
1749 3252 1820 3294 esse
1842 3230 1991 3312 probant.

304 3349 598 3431 amere
630 3351 740 3434 me
772 3352 1124 3464 consororum
1391 3314 2022 3468 t..
2046 3338 2239 3487 mss

603 3470 820 3554 iustitiam.
1258 3484 1345 3550 istud
1367 3486 1528 3551 sancitum
1549 3489 1593 3551 sit
1613 3488 1648 3551 in
1670 3487 1823 3553 cordibus
1844 3488 1978 3564 nostris,
2001 3510 2144 3572 regnum
2166 3509 2237 3554 eoe-

1258 3572 1365 3637 lerum
1387 3591 1454 3636 uon
1476 3595 1647 3638 servorum
1670 3573 1885 3656 stipendium,
1915 3574 1972 3638 sed
1999 3574 2145 3640 filiorum
2166 3597 2234 3640 esse

319 3655 344 3714 l.
390 3651 611 3717 Transeamus
638 3674 727 3717 nunc
754 3654 796 3718 ad
824 3677 879 3720 cas
900 3658 1092 3736 sententias,
1122 3680 1205 3742 quae
1259 3658 1511 3738 haereditatem,
1535 3681 1600 3741 qua
1621 3660 1680 3724 soli
1702 3661 1885 3742 potientur,
1914 3660 1971 3742 qui
1993 3681 2013 3724 a
2033 3661 2177 3726 Domine
2197 3661 2234 3725 in

228 3736 395 3801 affirmant
427 3738 537 3802 Deum
574 3739 748 3822 unicuique
778 3740 984 3808 redditurum
1024 3744 1205 3810 seeundum
1257 3742 1342 3809 filios
1364 3746 1507 3827 cooptati
1527 3745 1658 3823 fuerint,
1681 3767 1785 3828 neque
1806 3746 1909 3811 ullam
1927 3745 2027 3811 aliam
2043 3747 2085 3812 eb
2100 3766 2233 3812 eausam

226 3842 325 3904 opera
361 3844 429 3887 sua.
479 3821 672 3889 Cuiusmodi
704 3833 794 3891 suut:
835 3830 1060 3912 unusquisque
1087 3832 1206 3896 referet
1257 3851 1357 3913 quam
1368 3831 1409 3896 ob
1421 3830 1506 3895 hano
1518 3831 1731 3914 adoptionem.
1757 3833 1832 3897 Non
1844 3833 1934 3897 enim
1945 3833 2010 3897 erit
2019 3831 2134 3899 haeres
2145 3831 2234 3898 filius

248 3907 312 3972 uod
344 3909 446 3992 gessit
477 3908 513 3972 in
544 3930 695 3993 corpere,
729 3913 800 3979 sive
832 3913 954 3980 bonum
984 3916 1053 3980 sive
1081 3917 1205 3981 malum
1257 3916 1404 3995 ancillae,
1422 3917 1479 3982 sed
1497 3917 1585 3983 filius
1602 3917 1825 4002 liberae(Gal.
1840 3917 1943 4003 4,30).
1967 3915 2120 4000 Adeoque
2137 3917 2175 3981 in
2191 3918 2235 3981 iis

227 3928 263 4076 dl
281 3992 356 4057 Oor.
382 3999 416 4072 ὃ,
448 3993 516 4077 10);
550 3996 654 4079 gloria
685 4007 719 4062 et
750 3999 856 4065 honor
887 4002 1036 4084 operanti
1068 4002 1204 4081 bonum;
1256 4002 1337 4085 ipsis
1353 4002 1431 4068 locis
1447 4004 1563 4085 quibus
1580 4003 1719 4086 gloriam
1735 4012 1905 4069 aeternam
1920 4001 2102 4070 mercedem
2125 4005 2235 4085 operi·

226 4077 396 4144 tribulatio
426 4087 460 4144 et
486 4082 639 4164 angustia
664 4084 698 4147 in
720 4104 851 4150 omnem
872 4087 1017 4153 animam
1039 4090 1204 4171 operantis
1257 4087 1319 4153 bus
1337 4089 1405 4153 foro
1423 4089 1593 4170 pollicetur
1611 4090 1747 4172 spiritus
1763 4097 1904 4167 sauctus,
1921 4087 2158 4156 haereditatem
2176 4112 2236 4154 no·

225 4163 351 4228 malum
373 4163 484 4250 (Rom
504 4170 533 4244 2,
553 4165 603 4250 6);
633 4176 678 4233 et:
708 4169 804 4236 ibunt
830 4174 885 4255 qui
912 4174 999 4239 bona
1019 4175 1149 4257 egerint
1169 4176 1205 4238 in
1257 4174 1409 4238 minutim
1426 4174 1648 4257 exprimendo,
1667 4174 2087 4259 aliundeuobisprovenire
2099 4173 2233 4241 demon-

225 4251 498 4317 resmreotionem
519 4253 616 4332 vitae,
640 4256 694 4337 qui
716 4257 802 4322 male
823 4261 960 4324 fecerint
980 4260 1015 4322 in
1039 4280 1204 4326 resurree-
1258 4266 1350 4323 strat.
1370 4258 1588 4326 SicOhristus
1600 4262 1795 4342 (Mettum,
1805 4261 1861 4345 34)
1872 4282 1971 4344 opera
1982 4270 2141 4339 recenset,
2152 4284 2234 4344 quae

225 4335 348 4401 tionem
369 4336 481 4403 iudicii
500 4338 629 4421 (Ioann.
650 4345 679 4419 5,
692 4342 748 4426 29)
755 4365 763 4421 ;
785 4345 895 4408 venito
915 4344 1081 4410 benedicti
1102 4346 1205 4428 patris
1257 4345 1338 4410 coeli
1360 4348 1622 4411 remuneratione
1645 4358 1834 4430 compensat
1856 4347 1935 4412 dum
1957 4347 1993 4411 in
2015 4349 2086 4413 eius
2107 4369 2234 4430 posses·

225 4422 300 4501 mei,
324 4423 445 4487 esurivi
469 4433 502 4488 ct
522 4423 657 4490 dedistis
679 4428 761 4492 mihi
783 4429 901 4507 cibum,
924 4431 1013 4495 sitivi
1036 4437 1069 4495 et
1090 4439 1204 4513 potum
1257 4432 1382 4496 sienem
1403 4433 1523 4498 electos
1545 4441 1655 4511 vocat;
1684 4433 1743 4498 sed
1770 4435 1868 4498 simul
1889 4433 2054 4516 adiungit,
2084 4432 2235 4500 haeredi·

225 4506 386 4574 tribuistis
420 4509 554 4592 (Matth.
575 4515 630 4589 25,
651 4514 708 4595 34)
735 4522 793 4579 etc.
839 4516 947 4598 Atque
978 4515 1043 4580 illis
1076 4539 1204 4600 quoque
1257 4518 1334 4583 tatis
1366 4519 1437 4582 iure
1468 4518 1709 4601 possidendum.
1761 4518 1818 4585 Sic
1849 4520 1976 4584 Paulus
2009 4518 2094 4604 (001.
2123 4523 2157 4597 3,
2177 4517 2233 4604 24)

225 4612 281 4693 aas
303 4595 551 4678 coniungamus,
574 4618 657 4678 quae
680 4600 862 4665 mercedem
885 4623 1021 4685 operum
1039 4604 1205 4686 appellant
1256 4602 1348 4669 iubet
1368 4626 1494 4682 servos,
1524 4604 1664 4671 fideliter
1690 4614 1825 4690 agentes
1852 4604 1939 4689 quod
1968 4605 2067 4671 officii
2095 4607 2147 4671 sui
2172 4614 2232 4684 est,

224 4685 327 4744 uam
362 4690 538 4747 aeternam
594 4682 669 4763 Quo
696 4685 731 4749 in
758 4707 878 4769 genere
905 4695 997 4753 sunt:
1032 4689 1203 4754 retributio
1254 4711 1387 4773 sperare
1411 4691 1661 4757 retributionem
1684 4692 1879 4770 allomin03
1904 4691 1961 4756 sed
1983 4691 2093 4770 addit,
2118 4691 2232 4756 haere-

224 4785 383 4831 manuum
406 4767 548 4832 hominis
570 4770 762 4835 restituetur
783 4773 814 4837 ei
836 4773 948 4857 (Prov.
971 4778 1019 4853 12,
1041 4779 1080 4838 14
1101 4785 1134 4841 et
1153 4779 1202 4852 13,
1257 4774 1377 4840 ditatis.
1422 4777 1584 4843 Videmus
1611 4786 1649 4841 ut
1676 4779 1767 4860 quasi
1794 4777 2007 4861 praescriptis
2029 4776 2137 4842 verbis
2158 4776 2232 4841 dili-

228 4849 297 4933 13);
326 4853 381 4933 qui
403 4853 500 4918 timet
520 4854 726 4936 mandatum,
757 4859 1034 4941 remunerabitur;
1062 4861 1203 4945 gaudete
1255 4869 1373 4944 genter
1394 4871 1532 4929 caveant
1553 4885 1596 4928 ne
1614 4871 1781 4947 acceptam
1799 4864 1941 4930 feramus
1960 4863 2114 4945 operibus
2126 4871 2232 4929 aeter-

1255 4968 1333 5012 nam
1364 4948 1613 5027 beatitudinem,
1647 4949 1706 5014 sed
1738 4951 1802 5015 Dei
1834 4949 2007 5033 adoptioni.
2052 4949 2124 5015 Our
2154 4970 2233 5034 ergo

813 5072 816 5077 -
1255 5033 1355 5098 simul
1376 5056 1514 5118 operum
1535 5034 1735 5100 mentionem
1764 5035 1909 5101 faciunt?
1954 5034 2029 5101 Uno
2050 5036 2233 5118 scripturae

297 5136 325 5205 1)
352 5141 426 5196 aibr.
450 5143 474 5197 3.
498 5145 533 5196 ,d
556 5146 643 5199 Bonis.
667 5167 688 5200 e..
712 5147 736 5201 7⁶
807 5152 837 5217 q)
863 5153 939 5205 Haec
960 5153 1057 5218 sm
1078 5155 1203 5208 curcua
1255 5120 1405 5203 exemplo
1432 5121 1497 5219 ista
1524 5121 1672 5202 quaestio
1698 5120 1866 5188 elucescet.
1912 5122 2000 5220 Ante
2025 5122 2235 5188 nativitatem

228 5203 295 5275 cap.
315 5207 351 5263 X.
368 5212 391 5276 ς.
411 5210 522 5266 72-87.
1254 5207 1571 5296 Isaae,prom1ssum
1592 5213 1665 5271 erat
1680 5206 1835 5274 Abrahae
1856 5227 1969 5275 semen
1990 5229 2025 5271 m
2047 5229 2112 5292 quo
2134 5209 2235 5274 bene-

544 3190 697 3259 carur
720 3193 892 3279 avana)

229 5022 318 5029 .—...
