4672 5842
169 288 247 350 1071
692 256 698 274 '
813 277 1079 345 marmano
1101 277 1206 342 aaa.
1229 275 1410 344 carisa.
1437 281 1529 345 1559.
2096 286 2171 347 rora

166 471 390 539 administrari
418 470 560 533 Domino
586 470 748 552 placebat;
779 491 846 534 non
875 481 912 533 ut
936 469 1057 551 posteri
1084 490 1142 532 ra·
1195 468 1324 530 futurae
1347 469 1483 551 gratiae,
1506 468 1681 533 anathema
1703 469 1768 534 sit?
1805 469 1904 550 Quod
1926 477 2041 534 autem-
2059 472 2170 551 Lucas,

166 580 265 623 cuum
298 564 330 619 et
362 555 517 638 frigidum
548 557 695 637 signum,
726 556 811 637 quod
844 556 957 619 simiae
986 556 1067 618 istae
1095 556 1142 617 fa-
1166 520 1169 651 l
1195 575 1232 616 eo
1254 575 1352 633 quem
1374 555 1548 619 citatimus
1571 555 1656 633 loeo,
1682 555 1762 621 dicit
1783 557 1964 639 baptizatos
1987 558 2022 620 in
2046 559 2171 623 nominc

165 645 265 720 ciunt,
288 642 444 705 mimitice
464 653 592 705 tautum
611 653 642 704 et
662 643 784 705 sinere
803 642 1005 724 effingerent.
1044 639 1143 720 Quod
1166 658 1170 725 ι
1194 640 1271 703 Iesu
1300 638 1425 704 Christi
1452 641 1568 719 fuisse,
1602 643 1657 723 qui
1691 664 1758 706 non
1785 643 1989 726 accepissent
2024 643 2172 725 spiritum

165 732 192 794 si
223 750 380 793 manuum
408 728 613 809 impositione
648 728 809 810 apostolos
836 750 870 790 se
900 728 1020 790 imitari
1050 728 1142 789 erin·
1166 748 1170 875 p
1195 733 1358 789 sanetum:
1394 749 1458 789 non
1482 727 1673 809 simpliciter
1695 738 1807 811 negat,
1838 750 1905 793 uuo
1933 730 2071 811 spiritus
2093 729 2171 793 dono

165 822 243 880 cant
264 815 313 897 (in
335 835 398 895 qua
421 814 505 876 nihil
523 836 597 878 cum
616 814 769 895 apostolis
787 814 891 876 simile
910 811 1032 875 habent
1049 834 1142 893 prae·
1167 878 1170 899 ι
1195 810 1368 893 praeditos,
1392 814 1447 893 qui
1470 813 1504 876 in
1517 811 1688 877 Christum
1706 814 1801 878 corde
1819 815 1994 881 crederent
2013 826 2048 879 et
2069 816 2170 898 ipsum

165 909 215 965 ter
238 901 346 965 nescio
368 922 465 981 quam
489 912 732 982 praeposteram
754 900 960 980 κακοζηλίαν),
985 897 1071 961 uude
1094 914 1142 960 ta·
1166 904 1170 931 ¹
1195 918 1250 959 ore
1273 899 1522 973 confiterentur3
1551 898 1607 961 sed
1638 902 1858 983 acceptionem
1886 903 2027 985 spiritus
2055 902 2171 966 intelli·

164 1008 244 1055 men
264 987 380 1059 eleum,
403 984 489 1067 quod
511 998 628 1049 vocant
654 985 790 1049 salutis?
836 984 920 1065 Quis
943 1006 997 1047 eos
1020 984 1142 1047 inoleo
1166 940 1170 1053 l
1195 985 1251 1065 git,
1275 1004 1338 1064 qua
1360 985 1552 1047 manifestae
1576 985 1714 1049 virtutos
1736 996 1769 1050 et
1787 986 1933 1053 visibiles
1952 988 2083 1071 gratiae
2103 1009 2172 1070 per·

165 1073 306 1137 salutem
333 1092 489 1153 quaerere
523 1070 654 1133 decuit?
696 1072 769 1152 quis
797 1072 865 1135 rim
893 1069 1065 1134 roborandi
1094 1070 1142 1133 illi
1166 1060 1170 1123 l
1194 1069 1409 1150 cipiebantur.
1462 1067 1518 1133 Sic
1547 1069 1702 1134 dicuntur
1729 1072 1867 1154 apostoli
1896 1074 2055 1156 spiritum
2087 1093 2172 1139 aoce-

165 1158 364 1222 attribuere‘?
399 1159 452 1220 hu
473 1157 609 1233 Paulus,
632 1158 688 1238 qui
710 1180 768 1222 nos
790 1156 830 1221 ab
853 1156 1022 1220 clementis
1045 1155 1142 1219 huius
1194 1156 1281 1237 pisse
1308 1156 1343 1217 iu
1371 1155 1422 1218 die
1451 1164 1668 1237 pentecostes,
1697 1180 1800 1239 quum
1827 1158 1923 1243 longo
1947 1172 2051 1224 antea
2071 1160 2172 1224 illisa

163 1244 281 1308 mundi
310 1244 406 1327 longe
434 1243 597 1306 abstrahit
624 1243 714 1325 (Gal.
733 1250 763 1319 l,
783 1248 817 1321 93
847 1242 916 1306 Cel.
938 1247 966 1315 2,
987 1242 1058 1325 ¹20),
1086 1241 1142 1323 qui
1167 1272 1169 1331 p
1195 1239 1326 1305 Christo
1349 1240 1470 1304 dictum
1495 1251 1580 1306 esset
1602 1243 1737 1319 (Matth.
1759 1249 1807 1321 10,
1828 1244 1897 1329 20):
1927 1267 1995 1309 non
2019 1265 2081 1310 ros
2099 1247 2172 1311 estis

165 1330 249 1393 nihil
278 1330 382 1412 magis
410 1326 546 1391 damnat
573 1350 672 1410 qnam
701 1329 820 1392 talibus
849 1327 1142 1393 observatiuueulis
1166 1336 1170 1405 l
1194 1326 1248 1408 qui
1275 1327 1459 1407 loquimini,
1490 1328 1546 1391 sed
1570 1328 1704 1409 spiritus
1725 1331 1828 1412 patris
1851 1332 1967 1409 vestri,
1992 1333 2053 1413 qui
2073 1331 2171 1414 loqui-

166 1415 322 1480 haerere?
367 1414 441 1478 Hoc
464 1436 541 1478 vcro
568 1436 634 1479 non
659 1436 678 1476 a
700 1437 767 1492 me,
798 1414 898 1479 seda
920 1415 1061 1478 Domino
1084 1435 1142 1476 au·
1195 1412 1304 1474 turin
1327 1411 1426 1476 vobis.
1471 1413 1591 1477 Videte
1619 1415 1814 1480 malitiosam
1843 1424 1877 1480 ct
1898 1418 2065 1482 sonticam
2092 1430 2171 1482 sata-

166 1501 276 1565 dacter
298 1500 488 1584 pronuntio:
520 1501 576 1581 qui
604 1500 712 1564 oleum
735 1509 853 1565 vocant
880 1500 988 1563 oleum
1017 1499 1141 1575 salutis,
1194 1518 1256 1561 nac
1278 1497 1436 1575 fraudem,
1459 1499 1514 1581 qui
1537 1521 1578 1562 ex
1599 1500 1671 1564 Deo
1693 1502 1781 1566 estis.
1817 1500 1916 1582 Quod
1937 1524 2017 1567 rere
2040 1504 2077 1567 in
2098 1502 2170 1586 bap·

165 1588 305 1652 salutem
327 1607 410 1668 quae
433 1587 468 1650 in
490 1585 624 1650 Christo
646 1594 696 1650 est
716 1586 875 1661 abiurant,
895 1585 1067 1650 Christum
1085 1585 1142 1648 ab·
1166 1600 1169 1635 ¹
1193 1585 1289 1647 tismo
1311 1583 1465 1659 dabatur,
1494 1585 1529 1648 in
1551 1607 1611 1649 sua
1632 1589 1879 1652 confirmatione
1901 1587 1974 1652 dari
1997 1589 2168 1667 mentitur;

164 1680 302 1756 negant,
331 1673 515 1754 partemin
542 1693 643 1755 reguo
665 1672 730 1735 Dei
752 1694 817 1736 nou
846 1672 976 1737 habeut
1020 1670 1142 1735 Oleum
1193 1680 1231 1732 ut
1252 1670 1367 1733 furtim
1395 1671 1544 1735 incautos
1570 1692 1589 1734 a
1616 1671 1776 1753 baptismo
1804 1673 1955 1740 abducat.
2002 1673 2090 1756 Quis
2110 1676 2168 1739 ian

164 1759 252 1822 euim
272 1759 395 1831 ventri,
418 1768 452 1821 et
474 1770 589 1821 venter
606 1759 690 1831 oleo;
713 1769 887 1839 utrumque
904 1757 1068 1822 Dominus
1087 1755 1143 1819 de-
1194 1753 1321 1819 dubitet
1350 1756 1433 1819 hanc
1455 1767 1589 1820 satanae
1612 1778 1681 1822 csse
1704 1758 1900 1837 doctrinam,
1929 1781 2015 1843 quae
2038 1762 2168 1844 promia-

163 1853 275 1908 straet.
305 1842 428 1908 Omnia
449 1844 537 1907 enim
559 1845 621 1908 ista
642 1845 773 1909 infirma
794 1843 955 1907 elementa
979 1863 1062 1925 (luae
1080 1863 1142 1905 usu
1166 1884 1170 1925 ,
1194 1842 1300 1904 sioues
1322 1839 1474 1922 baptismi
1497 1844 1659 1924 proprias,
1683 1865 1702 1907 a
1724 1843 1885 1927 baptismo
1907 1846 2090 1927 abscissas,
2109 1846 2167 1911 alio

163 1930 234 2012 ipso
257 1931 434 2008 intereunt,
457 1929 540 1992 nihil
559 1930 600 1993 ad
618 1951 757 2013 regnum
776 1931 840 1993 Dei
858 1930 1033 2012 pertinent,
1056 1927 1143 2010 quod
1167 1936 1170 2013 ζ
1194 1926 1321 1991 derivat
1343 1940 1376 1990 et
1397 1928 1575 1991 transfert?
1618 1929 1893 2011 Deprehenditur,
1916 1933 2067 2017 inquam,
2088 1931 2169 2016 quali

163 2016 334 2097 spirituale
361 2023 412 2079 est
439 2023 472 2078 et
500 2037 669 2097 nunquam
696 2016 918 2079 interiturum.
964 2014 1052 2095 Quid
1080 2014 1142 2095 igi-
1166 2016 1170 2063 l
1194 2013 1320 2076 nitatur
1341 2012 1554 2077 fiandamentc
1575 2015 1744 2095 praeclara
1765 2017 1828 2081 ista
1851 2019 1971 2082 unctio.
2014 2019 2081 2083 Dei
2102 2039 2169 2083 ver·

163 2101 238 2166 tur?
273 2100 393 2164 dixerit
426 2101 556 2183 aliquis:
595 2101 709 2165 eadem
747 2102 833 2166 linea
865 2102 990 2165 metiris
1023 2121 1142 2182 aquam
1166 2082 1170 2181 l
1193 2098 1272 2162 bum
1307 2112 1369 2162 est:
1405 2119 1533 2176 omnes,
1573 2101 1628 2182 qni
1662 2101 1696 2163 in
1729 2101 1864 2167 Christo
1897 2104 2058 2186 baptizati
2088 2116 2169 2179 sunt,

163 2208 230 2269 qua
256 2186 475 2269 baptizamur,
509 2197 543 2251 et
575 2209 693 2269 panem
726 2209 764 2253 ao
793 2188 908 2252 vinum
934 2188 994 2252 sub
1024 2186 1142 2268 quibus
1166 2188 1170 2279 j
1194 2183 1366 2273 Christum
1406 2182 1552 2249 induisse
1589 2207 1665 2249 cum
1697 2189 1765 2253 suis
1798 2187 1894 2253 donis
1928 2189 2021 2271 (Gal.
2047 2193 2082 2268 3,
2107 2190 2168 2274 27)

164 2293 266 2338 coena
287 2271 423 2337 Domini
443 2271 640 2337 exhibetur?
674 2272 878 2356 Respondes,
903 2274 936 2335 iu
955 2293 1142 2337 sacmmen·
1193 2270 1342 2334 Verbum
1364 2278 1551 2335 unctomm:
1571 2272 1595 2356 ¹)
1619 2271 1743 2336 nullam
1764 2275 2019 2356 promissionem
2040 2277 2074 2340 in
2094 2276 2169 2358 bap-

119 2394 123 2403 ·
164 2360 208 2423 tis
236 2360 390 2423 dici-uitus
416 2359 544 2422 traditis
572 2358 637 2422 duo
666 2359 842 2442 spectanda
870 2381 955 2424 esse:
990 2357 1142 2422 snbstan-
1194 2356 1290 2420 tismo
1313 2357 1504 2438 percepisse,
1527 2358 1647 2438 quain
1670 2359 1829 2442 agonibus
1850 2362 2071 2427 instruantur.
2109 2361 2169 2426 Illa

165 2445 246 2507 tiam
272 2445 321 2507 rei
348 2464 519 2526 corporeae
549 2467 634 2527 quae
662 2446 755 2509 nobis
785 2445 992 2528 proponitur,
1021 2451 1054 2508 et
1075 2445 1141 2507 for·
1194 2463 1257 2506 vox
1279 2455 1328 2506 est
1348 2444 1511 2521 veritatis,
1536 2442 1622 2509 hanc
1644 2444 1805 2511 mendacii
1828 2469 1899 2512 esse
1923 2457 2061 2530 eportet
2104 2448 2169 2513 Ve-

164 2551 254 2594 mam
285 2551 369 2612 quae
398 2530 445 2593 illi
474 2551 493 2593 a
522 2531 621 2595 verbo
644 2530 708 2595 Dei
737 2532 897 2613 impressa
923 2542 987 2606 est,
1016 2530 1050 2592 in
1077 2550 1143 2611 qua
1166 2536 1169 2597 l
1194 2529 1262 2591 rius
1281 2549 1358 2611 ergo
1376 2526 1512 2593 definire
1529 2528 1615 2593 hanc
1626 2532 1908 2596 confirmationem
1927 2555 2168 2616 pessumquam

164 2622 233 2680 tota
264 2616 314 2680 vis
345 2616 437 2679 iacet.
487 2615 659 2696 Quatenus
685 2638 763 2699 orgo
797 2617 1015 2682 substantiam
1048 2636 1141 2679 suam
1166 2608 1169 2635 ²
1193 2614 1255 2696 ipsi
1277 2614 1435 2678 hactenus
1458 2612 1657 2680 definierint:
1680 2638 1797 2700 nempe
1815 2619 1980 2703 insignem
2002 2640 2071 2684 esse
2089 2618 2166 2701 bap-

163 2703 307 2766 retincnt
332 2702 441 2784 panis,
471 2703 599 2779 vinum,
629 2724 726 2784 aqua,
754 2725 837 2785 quae
860 2703 1007 2784 aspectui
1030 2712 1141 2766 nostro
1165 2680 1169 2795 l
1192 2699 1283 2764 tismi
1303 2700 1544 2779 contumeliam,
1566 2722 1649 2783 quae
1671 2724 1768 2768 usum
1789 2705 1894 2786 ipsius
1916 2705 2075 2782 obscurat,
2101 2705 2165 2768 isto

163 2789 198 2852 in
220 2788 432 2853 sacramentis
454 2789 647 2865 offemntrrr,
672 2789 757 2852 valet
780 2811 908 2871 semper
926 2787 1007 2852 illud
1026 2788 1138 2853 Pauli:
1164 2798 1168 2943 p

1193 2785 1315 2864 abolet,
1337 2785 1453 2849 falsam
1475 2808 1546 2851 esse
1564 2785 1682 2852 diaboli
1705 2789 1983 2871 pollicitationem,
2002 2811 2085 2873 qnae
2104 2809 2166 2855 nos

163 2896 237 2938 esca
264 2875 386 2947 ventri,
421 2881 454 2938 et
482 2882 599 2939 venter
626 2876 721 2952 escis;
756 2876 847 2938 Deus
876 2883 1050 2955 utrumque
1084 2873 1140 2938 dc·

1192 2893 1212 2936 a
1242 2872 1380 2935 veritate
1411 2871 1474 2935 Dei
1507 2873 1679 2937 abstrahit
1730 2875 1814 2952 Aut,
1848 2879 1877 2941 si
1911 2877 2032 2955 maris,
2059 2875 2168 2941 oleam

163 2970 268 3024 struet
300 2961 331 3042 (l
359 2958 432 3025 Cor.
454 2964 487 3035 6,
513 2963 574 3042 13),
624 2961 843 3025 Praetereunt
875 2961 965 3025 enim
999 2970 1032 3024 et
1063 2982 1140 3024 era·
1164 2950 1168 2991 ²
1193 2955 1312 3022 diaboli
1333 2957 1504 3023 mendacio
1525 2958 1698 3041 pollutum,
1721 2961 1807 3043 quod
1829 2962 1923 3028 velut
1945 2962 2058 3028 offirsis
2077 2970 2168 3028 tene·

163 3054 303 3110 noscunt
324 3067 399 3110 cnm
421 3047 527 3129 figura
550 3046 648 3111 huius
670 3046 795 3111 mundi.
836 3046 1007 3127 Quatenus
1030 3056 1141 3110 autom
1164 2996 1167 3125 l
1191 3044 1258 3108 bris
1281 3044 1477 3127 simplicium
1498 3056 1626 3109 mentes
1648 3044 1740 3111 fallit

163 3131 263 3195 verbo
291 3130 355 3195 Dei
378 3133 638 3211 sanctificantur,
671 3142 709 3196 ut
731 3143 936 3198 sacramenta
964 3132 1044 3209 sint,
1074 3154 1140 3196 nou
1278 3133 1308 3193 9.
1357 3129 1495 3195 Addunt
1525 3142 1710 3211 praeterea,
1736 3133 1849 3198 fideles
1876 3156 1993 3200 omnes
2020 3136 2170 3218 spiritam

162 3218 198 3281 in
230 3238 328 3282 carne
360 3239 420 3282 nos
459 3219 615 3296 retinent,
656 3219 713 3283 sod
747 3241 823 3284 rere
861 3224 888 3284 et
926 3219 1140 3301 spiritualiter
1192 3224 1343 3279 sanctum
1363 3236 1423 3298 per
1445 3237 1602 3280 manuum
1624 3217 1864 3300 impositionem
1886 3223 2036 3304 accipere
2057 3220 2169 3287 debaro
2203 3260 2210 3313 ι

164 3303 289 3368 docent.
1164 3312 1266 3385 {post
1298 3301 1511 3384 baptismum,
1545 3309 1583 3366 nt
1616 3303 1705 3385 pleni
1733 3304 1907 3370 christiani
1939 3308 2168 3387 invenientem

250 3392 278 3452 8.
330 3390 457 3452 Verum
496 3392 629 3472 propius
666 3390 772 3456 adhuc
813 3391 1024 3473 inspiciamus
1061 3401 1140 3474 quot
1192 3389 1270 3470 quia
1298 3408 1467 3469 uunquam
1493 3388 1557 3452 erit
1584 3388 1783 3455 christianus
1815 3392 1881 3457 nisi
1909 3394 1966 3476 qni
2000 3394 2168 3459 confirma-
2204 3388 2210 3425 ·’

163 3482 312 3538 monstra
335 3475 445 3538 foveat
466 3474 595 3557 alatque
618 3476 699 3541 haec
721 3477 892 3559 pinguedo.
938 3478 1062 3542 Dicunt
1085 3477 1140 3542 isti
1193 3475 1281 3538 tione
1314 3473 1487 3555 episcopali
1520 3475 1619 3538 fuerit
1651 3476 1859 3542 chrismatus.
1921 3479 2017 3544 Haec
2051 3479 2101 3544 illi
2130 3477 2168 3543 ad

163 3568 332 3637 unctores,
360 3560 510 3641 spiritum
539 3571 689 3625 sanctam
722 3563 756 3624 iu
785 3564 945 3644 baptismo
973 3561 1014 3626 ad
1045 3564 1139 3627 inno·
1192 3558 1379 3643 verbumst)
1423 3560 1524 3642 Atqui
1557 3561 1728 3642 putabam,
1760 3584 1976 3647 quaecunque
2011 3564 2056 3631 ad
2087 3566 2166 3630 chri·

163 3647 306 3711 centiam
328 3644 408 3723 dari,
432 3647 467 3709 in
490 3648 746 3724 confirmatione,
772 3647 813 3713 ad
835 3649 960 3730 gratiae
983 3671 1140 3732 augmen-
1192 3646 1401 3711 stianismum
1428 3647 1610 3727 pertinent,
1644 3648 1754 3713 omnia
1781 3650 1952 3731 scripturis
1989 3652 2165 3735 perscripta

163 3741 249 3812 tum;
270 3733 304 3796 iu
327 3731 489 3815 baptismo
511 3754 570 3797 nos
592 3736 778 3816 regenerari
801 3734 842 3799 ad
866 3736 976 3810 vitam,
1006 3735 1041 3798 in
1064 3758 1139 3799 eon·
1164 3750 1168 3851 p
1192 3754 1230 3798 aa
1247 3731 1482 3816 comprehensa
1498 3753 1577 3796 esse.
1611 3733 1717 3806 Nunc,
1741 3745 1777 3798 ut
1793 3733 1898 3813 video,
1918 3736 2057 3803 aliunde
2073 3757 2166 3820 qnam

162 3819 347 3882 firmatione
374 3840 433 3882 nos
462 3817 503 3882 ad
531 3840 678 3902 pugnam
705 3821 830 3885 instrui.
880 3822 926 3885 Et
948 3821 1027 3885 adeo
1055 3822 1140 3886 nihil
1165 3866 1168 3873 -
1192 3842 1234 3882 ex
1256 3819 1440 3901 seripturis,
1464 3840 1543 3882 vera
1564 3819 1732 3902 religionis
1753 3822 1859 3886 forma
1879 3823 2027 3905 petenda
2048 3824 2165 3889 accen·

162 3925 218 3967 ecs
243 3904 359 3985 pudet,
394 3914 431 3968 ut
458 3917 580 3987 negent
606 3907 805 3988 baptismum
834 3909 896 3970 rite
923 3907 994 3971 sine
1021 3910 1139 3971 contir-
1193 3905 1299 3986 daque
1331 3914 1390 3969 est.
1446 3904 1508 3968 Dei
1542 3926 1619 3988 ergo
1652 3907 1826 3987 sapientia,
1861 3909 2015 3975 eoelestis
2041 3911 2163 3983 veritas,
2196 3907 2204 3929 '

162 3990 305 4053 matione
327 3991 439 4072 perfici
460 4013 562 4072 posse.
605 3990 852 4074 Ouequitiaml
894 3993 1016 4056 Annon
1038 3993 1140 4075 igitur
1165 3992 1168 4051 ἔ
1192 4002 1263 4055 tota
1284 3989 1409 4055 Christi
1432 3990 1595 4067 doctrina,
1619 3991 1814 4057 christianos
1836 3992 2002 4060 duntaxat
2024 3995 2161 4061 inchoat:

162 4076 198 4138 iu
226 4074 388 4157 baptismo
410 4075 543 4141 Christo
571 4079 751 4161 consepulti
780 4101 907 4155 sumus,
937 4079 1015 4144 faeti
1036 4080 1140 4160 parti·
1164 4064 1167 4171 l
1192 4077 1300 4141 oleum
1331 4077 1467 4158 perficit.
1523 4075 1597 4140 Hac
1629 4080 1793 4142 sententia
1821 4079 2029 4146 damnantur
2057 4099 2163 4145 omnes

162 4161 249 4243 cipes
278 4163 392 4225 mortis
420 4164 504 4240 eius,
533 4172 571 4227 ut
596 4178 627 4227 et
657 4166 904 4230 resurrectionis
931 4166 1034 4228 simus
1062 4188 1138 4230 cou-
1164 4178 1168 4221 Ι
1192 4161 1329 4245 apostoli
1348 4171 1382 4225 et
1403 4171 1452 4224 tot
1470 4176 1641 4246 martyres,
1659 4185 1739 4245 quos
1756 4187 1926 4249 nunquam
1944 4165 2163 4234 fitisseohris·

161 4255 265 4312 sortes
293 4248 405 4330 (Rom.
427 4254 455 4315 a.
474 4249 532 4332 ·l)?
583 4250 680 4315 Hanc
710 4261 820 4314 autem
848 4252 1035 4316 societatem
1064 4271 1138 4315 cnm
1164 4246 1167 4313 l
1192 4262 1296 4314 matos
1323 4256 1411 4311 certo
1433 4249 1553 4312 certius
1576 4257 1639 4327 est;
1671 4249 1801 4332 quando
1829 4252 1979 4317 nondum
2009 4262 2075 4319 erat
2100 4252 2163 4317 iac·

160 4346 266 4398 morte
289 4345 321 4398 et
344 4334 412 4398 rita
435 4334 559 4399 Christi
581 4334 707 4399 Paulus
735 4337 973 4418 iuterpretatur
1001 4339 1139 4401 mortifi-
1163 4316 1167 4421 l
1192 4335 1300 4419 tumss)
1334 4333 1458 4411 oleum,
1480 4356 1544 4415 quo
1565 4336 1687 4417 perfusi
1715 4358 1828 4402 omnes
1850 4337 2088 4405 christianismi
2107 4360 2162 4402 na·

70 4486 77 4509 ι
160 4421 321 4483 sationem
351 4422 459 4485 earnis
486 4436 618 4485 nostrae
647 4432 680 4484 et
708 4423 961 4487 vivificationem
988 4425 1138 4505 spiritus;
1163 4430 1167 4511 l
1192 4443 1298 4486 meros
1326 4419 1516 4502 implerent,
1544 4421 1596 4485 vel
1621 4423 1729 4504 potins
1751 4423 1922 4489 christiani
1950 4427 2084 4503 fierent,
2109 4423 2164 4506 qtri

161 4504 246 4587 quod
269 4514 364 4570 retus
392 4507 490 4570 homo
514 4519 624 4571 uester
646 4509 824 4573 crucifixus
846 4517 909 4586 est,
935 4531 998 4591 quo
1020 4531 1080 4573 nos
1103 4512 1140 4574 in
1163 4520 1167 4583 ξ
1191 4507 1337 4571 nondum
1365 4518 1468 4570 crant
1511 4507 1652 4586 Verum,
1674 4518 1713 4573 ut
1734 4518 1875 4588 taceam,
1898 4511 2033 4578 abunde
2054 4510 2164 4593 seipsi

160 4593 307 4657 novitate
339 4592 426 4656 vitae
464 4592 676 4657 ambulemus.
732 4592 822 4673 Quid
858 4609 906 4657 est
946 4596 1064 4659 instrui
1097 4595 1139 4659 ad
1163 4630 1167 4651 ι
1191 4594 1352 4658 refellunt.
1405 4591 1548 4672 Quotam
1580 4595 1668 4658 enim
1707 4595 1816 4677 populi
1850 4597 1902 4661 sni
1934 4608 2068 4680 partem
2098 4602 2165 4680 post

160 4699 321 4760 pugnam,
350 4679 413 4743 uisi
436 4679 496 4744 hoc
520 4679 591 4743 est?
637 4677 733 4759 Quod
761 4680 789 4744 si
816 4680 879 4744 Dei
903 4681 1039 4745 verbum
1062 4701 1138 4744 eon·
1163 4670 1167 4747 l
1191 4677 1387 4761 baptismum
1407 4680 1619 4763 perungunt?
1650 4702 1710 4745 cur
1729 4682 1832 4764 igitur
1859 4684 2036 4765 patiuntur
2056 4686 2094 4749 in
2113 4702 2165 4748 sno

161 4764 289 4829 calcare
309 4786 367 4845 pro
390 4765 493 4829 nihilo
516 4765 687 4843 ducebant,
712 4788 769 4830 eur
792 4787 858 4829 non
882 4767 1051 4832 eeclesiam
1074 4766 1139 4831 sal·
1163 4754 1166 4849 1
1191 4787 1289 4848 grege
1318 4766 1399 4829 tales
1428 4765 1720 4843 semichristianos,
1760 4788 1900 4849 querum
1931 4767 2166 4855 imperfectioni

161 4856 228 4913 tem
252 4851 500 4927 reverebantur,
529 4853 581 4916 eui
608 4862 676 4915 tam
704 4851 822 4933 ubique
852 4853 1066 4934 obsequentes
1089 4853 1166 4957 vi·¹

163 4935 232 4998 deri
256 4937 390 5000 volunt?
424 4935 511 5016 Quid
536 4946 646 5002 autem
668 4939 803 5020 gnavius
826 4940 859 5001 in
887 4938 972 5001 hanc
993 4939 1138 5020 ipsorum
1162 4964 1166 5025 ς
1192 4960 1197 4965 ·
1284 4958 1288 4965 ·

163 5019 344 5119 d⁰⁰t¹sillam
378 5023 515 5105 p¹⁸⁰f⁰rri
547 5034 676 5122 pqtesl'.
707 5046 821 5121 quam.
839 5024 922 5089 illud
955 5024 1137 5124 milevitani
1261 5075 1289 5140 l)
1308 5076 1348 5126 aa.
1368 5092 1486 5128 consecr.
1506 5077 1568 5127 (list.
1586 5075 1610 5128 5.
1629 5091 1652 5128 c.
1665 5076 1730 5144 spir.
1741 5080 1826 5128 sanet
1887 5077 2167 5143 avertissent

163 5107 292 5170 eonerhr
320 5108 500 5173 decretum:
532 5131 588 5191 qur
616 5109 708 5185 dreit,
735 5111 933 5192 baptismum
961 5133 995 5175 ιιι
1023 5135 1137 5177 remis·
1192 5161 1309 5198 consecr.
1334 5145 1397 5197 dist.
1421 5143 1446 5197 5,
1480 5144 1580 5197 concii
1605 5144 1699 5197 Aura
1730 5160 1769 5197 ω,
1797 5154 1827 5197 ut
1856 5147 1941 5201 ieiuu.
1979 5149 2024 5203 ΒΘ
2053 5167 2168 5205 ,om

161 5192 285 5256 sionem
307 5206 514 5276 peccatorum
537 5194 608 5259 dari
631 5206 775 5274 tantum,
798 5205 831 5261 et
852 5219 916 5261 non
939 5197 1137 5262 adiutorium
1191 5215 1252 5265 dist.
1271 5212 1295 5265 5.
1348 5212 1377 5276 3)
1404 5213 1471 5265 Vide
1488 5229 1557 5282 qam
1575 5214 1769 5267 assemanus
1785 5212 1824 5268 aa
1840 5214 1900 5269 ht
1923 5215 2000 5273 Tora
2015 5218 2043 5275 L
2055 5218 2169 5290 ploti
