4672 5842
163 272 225 335 923
807 260 1073 328 maalmam
1095 260 1200 325 REL.
1224 255 1405 324 CHRIST.
1432 263 1522 324 1559.
2111 263 2176 326 924

250 459 299 519 27.
346 454 493 537 Sequuta
517 460 595 518 sunt
625 451 742 517 deinde
771 463 918 534 tempora
947 450 1066 532 quibus
1089 450 1139 513 in·
1164 479 1167 553 q
1192 449 1315 512 erimus
1343 470 1408 512 uno
1441 447 1668 532 Chrysostomi
1682 450 1705 529 ¹)
1735 449 1853 531 elogio:
1889 448 2039 532 quadis,
2071 470 2175 532 quum

164 542 268 609 valuit
285 541 384 604 nimis
403 541 626 622 superstitiosa
644 539 822 603 caelibatus
840 535 1020 600 admiratio.
1050 537 1139 601 Hinc
1164 560 1167 593 ι
1192 535 1387 617 praecipuus
1408 536 1508 599 fuerit
1530 535 1731 617 virginitatis
1754 535 1945 614 admirator,
1973 559 2042 600 non
2065 547 2175 618 potest

162 629 219 695 illa
241 625 379 691 subinde
402 639 435 689 ct
457 627 527 691 sine
550 626 645 689 modo
669 625 840 689 decantata
863 623 1061 705 virginitatis
1082 645 1138 686 en·
1191 622 1225 685 in
1258 622 1460 684 matrimonii
1489 622 1807 685 commendationem
1835 622 1939 686 videri
1968 623 2073 687 fuisse
2101 622 2175 687 aliis

163 712 282 789 nomia,
317 720 355 775 ut
383 712 440 776 vix
464 713 532 776 ulla
554 711 619 775 alia
647 711 752 776 virtus
775 731 849 774 cum
878 729 916 772 ea
944 708 1140 773 conferenda
1190 708 1361 789 profusior.
1407 704 1463 772 Sic
1493 716 1603 771 autem
1625 706 1783 789 loquitur:
1807 710 1933 790 primus
1955 707 2080 792 gradus
2103 729 2175 773 cas·

162 798 262 881 vulgo
291 797 487 863 crederetur.
538 799 585 863 Et
613 818 801 879 quanquam
828 816 893 858 non
921 794 1139 859 damnabatur
1191 794 1294 857 titatis
1323 800 1388 869 est,
1411 795 1549 857 sincera
1562 794 1749 876 virginitas;
1773 794 1950 869 secundus,
1974 794 2072 858 fidele
2096 815 2175 859 con·

160 885 361 967 impuritatis
384 884 581 967 coniugium,
605 885 650 948 sic
673 892 783 946 tamen
806 881 1045 946 attenuabatur
1070 882 1138 945 eius
1163 916 1166 969 Ι
1192 879 1326 962 iugium.
1371 880 1462 961 Ergo
1489 880 1612 961 species
1639 878 1784 944 secunda
1805 881 2006 964 virginitatis
2030 893 2083 945 est
2104 901 2175 944 ma-

162 969 306 1053 dignitas
327 976 361 1034 et
383 971 539 1036 sanctitas
561 968 804 1042 obscurabatur,
828 976 865 1030 ut
887 988 952 1030 non
972 964 1139 1031 videretur
1163 973 1166 1022 t
1191 965 1334 1028 trimonii
1358 976 1447 1029 casta
1469 965 1609 1031 dileetio.

162 1056 243 1123 satis
266 1056 343 1121 forti
365 1056 473 1120 animo
495 1053 536 1117 ad
558 1055 789 1137 perfectionem
811 1052 979 1135 adspirare
998 1053 1138 1135 quinon

163 1140 204 1210 ab
234 1144 305 1224 ipso
333 1143 395 1207 sibi
419 1150 624 1223 temperaret.
668 1139 757 1204 Hinc
780 1139 828 1203 illi
856 1159 997 1204 canones
1041 1138 1166 1245 uibusp

162 1229 271 1313 primo
301 1229 440 1292 vetitum
473 1236 522 1290 cst
554 1248 595 1290 nc
629 1226 879 1296 matrimonium
906 1158 1138 1288 contraierant
1522 1274 1675 1340 CAPUT
1697 1274 1822 1338 XIII,

161 1315 219 1398 qui
248 1313 475 1397 pervenissent
502 1310 543 1376 ad
573 1312 744 1377 sacerdotii
773 1310 927 1394 gnidum3
956 1309 1073 1374 deinde
1097 1332 1137 1373 nc
1790 1325 1796 1336 ·
1824 1280 1838 1357 l

161 1400 198 1466 in
230 1422 305 1465 eum
339 1399 485 1464 ordinem
521 1410 767 1463 assumerentur
799 1395 864 1460 nisi
891 1395 1045 1469 caelibes,
1081 1406 1166 1461 aut.

162 1488 217 1569 qui
240 1486 334 1549 thoro
357 1484 518 1567 coniugali
542 1507 608 1548 una
626 1506 700 1548 cum
718 1483 876 1547 uxoribus
900 1483 1137 1546 renuntiarent.
1192 1435 1258 1515 De
1305 1445 1415 1514 νοω
1463 1462 1644 1542 (ῙΠΟῙἮῙῙῙ
1682 1445 1907 1521 temerarla
1951 1464 2174 1546 nuncupa'

161 1570 262 1646 Haec,
285 1570 361 1651 quia
388 1569 585 1634 videbantur
611 1569 830 1634 reverentiam
858 1567 1038 1633 sacerdotio
1061 1589 1138 1631 con·
1264 1554 1377 1636 bione
1411 1554 1589 1663 quisque
1623 1584 1666 1636 Se
1699 1554 1850 1636 misere
1882 1555 2107 1665 implicuit.

162 1657 281 1733 ciliarc,
305 1677 426 1739 magno
449 1656 564 1738 plausu
588 1656 685 1720 ctiam
712 1655 893 1736 antiquitus
915 1669 1046 1735 recepta
1068 1676 1138 1718 esse

160 1743 271 1808 fatcor.
322 1740 390 1806 Sed
416 1743 443 1805 si
473 1741 555 1805 mihi
584 1742 811 1824 antiquitatem
839 1741 994 1804 obiiciant
1022 1739 1138 1803 adver·
1282 1745 1307 1802 l.
1353 1737 1556 1819 Depteraada
1588 1739 1713 1818 quidem
1745 1759 1796 1802 res
1824 1744 1883 1817 est,
1912 1740 2090 1818 ecetesiam,
2121 1742 2173 1806 cui

160 1828 253 1904 sarii,
288 1828 432 1909 primum
464 1826 657 1909 respondem
688 1827 771 1891 hanc
801 1826 985 1891 libertatem
1016 1839 1050 1888 ot
1078 1826 1138 1890 sub
1191 1824 1417 1889 inaestimabili
1443 1825 1611 1906 sarepue'ut's
1636 1823 1754 1888 Clrre'sti
1780 1826 1880 1903 pretio
1907 1831 2009 1907 empta
2036 1832 2105 1889 erat
2137 1827 2174 1891 lt

160 1913 314 1997 apostolis
333 1922 366 1976 ct
383 1914 506 1995 aliquot
523 1924 636 1995 postca
658 1912 796 1978 saeculis
815 1913 988 1989 exstitisse,
1008 1921 1045 1975 ut
1063 1933 1139 1977 con·
1191 1912 1309 1990 bertas,
1333 1911 1453 1974 cruddi
1475 1911 1642 1991 tyrannide
1663 1911 1708 1973 sic
1736 1911 1835 1990 secuse
1856 1932 2052 1992 oppressam,
2075 1918 2105 1976 et
2127 1916 2175 1977 tu

159 1999 252 2083 iuges
286 2010 395 2063 essent
424 2000 580 2082 cpiscopi;
615 1999 691 2077 hac,
722 1999 793 2063 sine
827 1996 1031 2074 difficultate,
1063 2020 1138 2061 usos
1188 1997 1272 2079 periti
1301 1996 1505 2060 traditionum
1532 1997 1669 2078 conpara
1696 1996 1762 2077 sere
1783 1996 1940 2076 abretuna
1968 1999 2024 2062 sed
2039 2000 2175 2079 privata

161 2106 233 2161 esse
260 2085 348 2166 ipsos
376 2085 538 2167 apostolos
566 2094 600 2148 et
633 2085 715 2148 alios
742 2083 918 2166 primariae
952 2084 1138 2148 autoritatis
1191 2084 1317 2146 iuterim
1337 2083 1486 2165 cuiusque
1507 2084 1645 2147 amentia
1662 2083 1799 2160 asterrdr't,
1821 2104 1883 2147 aaa
1904 2084 1972 2147 siue
1994 2085 2176 2149 *iustissima

159 2181 321 2254 pastores,
351 2172 405 2253 qui
434 2171 468 2234 in
491 2192 603 2234 conrm
632 2171 740 2235 locum
762 2177 996 2235 successerunt.
1042 2169 1138 2233 Illius
1191 2189 1289 2233 cauea
1317 2173 1438 2233 taciturn
1462 2169 1564 2249 fuisse
1591 2169 1747 2232 diuinitus
1767 2175 1898 2233 sataaae
1924 2171 2052 2250 eiusque
2080 2173 2175 2237 sertui·

160 2257 353 2339 antiquioris
381 2256 535 2321 ecclesiae
562 2257 749 2338 exemplum
778 2256 881 2338 pluris
909 2256 1025 2319 merito
1047 2254 1138 2320 nobis
1190 2255 1267 2320 stris
1300 2255 1501 2336 mutant.
1552 2255 1661 2334 Neque
1699 2255 1782 2317 euim
1821 2256 1901 2319 satis
1932 2257 2010 2338 suit,
2044 2257 2175 2340 ueqdecto

161 2342 278 2407 debere
301 2364 371 2406 csse
395 2364 490 2405 ιιιιιιιι
514 2355 552 2405 ut
580 2343 733 2408 illicitum
756 2341 808 2406 vel
831 2341 1021 2407 indecorum
1044 2339 1137 2405 nobis
1193 2339 1310 2406 barreti
1326 2341 1468 2421 imperia,
1486 2341 1636 2422 quaelibet
1653 2361 1747 2404 onera
1764 2362 1785 2404 a
1804 2341 1902 2422 [(ιιιὶε
1917 2342 2092 2408 doctoribus
2115 2346 2174 2408 im-

160 2437 313 2512 putomus
336 2366 421 2508 qnod
448 2436 527 2492 tunc
550 2451 624 2492 cmn
653 2427 748 2492 lande
771 2437 938 2509 receptum
961 2428 1137 2491 usitatum·
1186 2426 1294 2507 posita
1308 2427 1466 2508 perferre,
1494 2426 1559 2491 uisi
1575 2426 1712 2507 propria
1733 2428 1827 2490 etiam
1848 2427 1967 2510 siaprdi
1987 2428 2049 2492 sui
2072 2451 2175 2494 accer-

161 2533 224 2596 quc
258 2514 326 2576 fuit.
379 2512 508 2577 Deinde
541 2513 631 2577 illam
661 2524 815 2589 rietatem,
855 2534 936 2594 quae
965 2512 1138 2578 immodica
1191 2517 1305 2591 sereret,
1335 2512 1470 2595 adeoque
1491 2533 1641 2577 maurice
1667 2511 1728 2577 sibi
1749 2513 1893 2593 foduudo
1920 2535 1952 2578 se
1975 2516 2175 2596 profrerulr'us

161 2600 363 2682 virginitatis
392 2600 563 2664 affectione
590 2602 696 2682 coepit
717 2621 789 2664 esse
811 2600 961 2682 coniugio
983 2599 1137 2682 iniquior,
1190 2599 1403 2682 demerpereut.
1454 2597 1497 2663 Id
1521 2599 1640 2680 secatam
1668 2603 1711 2661 eet
1733 2599 1809 2661 dam
1837 2600 1974 2664 certatim
1998 2603 2175 2682 ercopdaru

160 2707 226 2751 non
261 2685 308 2749 ita
342 2685 533 2767 imposuisse
566 2685 788 2750 sacerdotibus
821 2685 928 2768 legem
961 2685 1137 2750 caelibatus
1190 2689 1269 2762 vota,
1290 2704 1329 2749 ea
1350 2683 1462 2765 quidm
1478 2685 1522 2749 ad
1538 2686 1713 2750 cemruuru'a
1734 2685 1860 2749 vinceda
1880 2686 1980 2750 maier
1999 2691 2027 2747 et
2048 2689 2173 2750 ‹rrctrer

160 2772 255 2854 quasi
276 2793 328 2835 res
351 2793 408 2852 per
431 2793 465 2834 se
489 2772 671 2836 necessaria
693 2782 795 2848 essct,
820 2771 876 2835 sed
899 2772 977 2853 quia
999 2771 1138 2836 caelibes
1191 2770 1336 2852 obtipatr'o
1363 2771 1524 2835 ameduet
1584 2771 1715 2851 erartdo
1742 2771 1848 2852 itaque
1873 2771 2029 2836 aratura
2057 2791 2171 2835 eorum

160 2857 341 2939 coniugatis
374 2858 561 2922 anteferret.
611 2858 782 2922 Postremo
814 2879 880 2921 non
914 2859 961 2920 ita
990 2858 1138 2940 exegisse
1191 2857 1328 2921 audacia
1349 2858 1405 2939 qut
1425 2856 1482 2920 seed
1502 2862 1669 2938 pastorum
1689 2858 1777 2921 tituto
1799 2857 1948 2922 deruirrati
1972 2861 2044 2921 aare
2066 2858 2104 2921 iu
2127 2879 2176 2923 ee

160 2952 199 3009 ut
226 2944 418 3008 necessitate
447 2964 484 3008 ac
512 2943 545 3008 vi
576 2943 722 3026 adigeret
749 2942 790 3007 ad
818 2944 1054 3009 continentiam
1082 2943 1138 3025 qui
1192 2942 1304 3021 etesia,
1331 2943 1478 3008 vitiatum
1505 2943 1608 3025 fuisse
1629 2942 1693 3006 Dei
1717 2944 1843 3022 cult-um,
1870 2942 1924 3008 ubi
1950 2943 2073 3023 iniquis
2102 2946 2175 3009 suta

162 3027 205 3093 ad
227 3049 300 3091 eam
323 3027 518 3093 servandam
549 3029 656 3093 idonei
678 3052 743 3094 non
765 3040 882 3096 essem.
928 3029 1014 3094 Nam
1037 3050 1137 3111 quum
1191 3028 1310 3111 lepidas
1332 3031 1464 3093 miseras
1481 3031 1608 3093 animas
1624 3029 1846 3109 illaquearent,
1869 3028 1919 3093 tu
1936 3030 2057 3094 malum
2074 3030 2176 3111 afri-ue

162 3115 379 3179 severissimis
407 3115 535 3197 legibus
564 3116 598 3178 in
626 3115 838 3181 scortationes
874 3114 1068 3190 vindicaret,
1099 3115 1138 3179 dc
1191 3120 1348 3179 annectere
1376 3135 1437 3179 recu
1464 3117 1712 3197 iruarpestieum
1734 3116 1806 3193 erit,
1839 3121 1874 3179 ut
1895 3121 2060 3198 appareat,
2085 3138 2176 3180 euua-

161 3199 201 3264 iis
224 3200 278 3281 qui
302 3200 548 3264 matrimonium
576 3186 808 3269 contraheient
836 3203 897 3267 hoc
919 3208 1048 3265 tantum
1073 3212 1138 3266 sta·
1191 3201 1268 3266 dum
1283 3221 1345 3280 pro
1367 3202 1486 3283 inpertit
1506 3203 1559 3266 sui
1575 3203 1749 3282 pravitate,
1777 3202 1891 3282 quibus
1911 3203 2015 3284 patuit
2036 3202 2176 3267 obstacu·

162 3286 276 3350 tuebat
299 3296 335 3348 nt
357 3286 564 3350 attractione
587 3287 845 3370 supersederent.
1191 3287 1233 3350 tis
1253 3307 1373 3368 semper
1394 3287 1575 3352 adiumenta
1602 3289 1754 3369 repulisse
1781 3287 1894 3368 qreiaae
1921 3288 1964 3353 ad
1991 3288 2099 3352 Deam
2122 3286 2175 3352 ad·

250 3376 300 3434 28.
355 3372 445 3454 Ergo
478 3374 602 3454 quotics
640 3374 813 3439 caelibatui
845 3395 903 3439 suo
936 3373 1139 3439 defendenda
1191 3373 1265 3439 duci
1285 3372 1438 3437 debuerat.
1485 3373 1596 3452 Porro,
1619 3394 1678 3454 quc
1699 3374 1810 3438 uultus
1823 3379 1934 3455 pateat
1948 3375 2176 3457 pravissimam

162 3466 371 3538 praetextum
404 3458 606 3539 emtiquitatis
638 3467 796 3541 quaerent
827 3480 931 3524 novae
965 3461 1060 3524 istius
1087 3470 1138 3545 ty·
1186 3459 1360 3541 peneum
1386 3479 1425 3524 ea
1446 3461 1526 3523 cotie
1550 3461 1699 3524 invectam
1721 3481 1800 3536 esse,
1818 3461 1987 3542 principia
2009 3462 2079 3526 iam
2107 3464 2175 3525 aute

163 3541 312 3606 rannidis
340 3540 540 3614 defensores,
570 3546 663 3609 toties
686 3545 917 3628 excipiendum
940 3547 1003 3610 erit
1025 3556 1062 3609 ut
1083 3568 1138 3610 ve·
1186 3545 1294 3627 posita
1333 3550 1454 3609 teneaat
1493 3546 1624 3610 tectores.
1679 3545 1860 3611 Docuimus
1894 3548 1983 3611 enim
2017 3548 2172 3630 primum,

162 3635 268 3694 terem
290 3628 381 3692 illam
403 3630 628 3694 ctistimoniam
652 3631 687 3694 in
708 3632 776 3695 suis
798 3631 1020 3698 sacerdotibus
1042 3633 1139 3696 resti·
1192 3629 1350 3714 quidquid
1373 3630 1414 3695 ad
1436 3632 1538 3697 vitam
1559 3634 1610 3714 pic
1633 3641 1807 3715 sancteque
1827 3632 2067 3697 instituendam
2091 3633 2173 3698 desi-

162 3721 268 3791 tuant,
298 3723 472 3779 amoveant
499 3714 665 3779 adulteros
694 3738 731 3782 ac
760 3727 970 3782 scortatores:
1006 3740 1047 3782 ne
1075 3739 1138 3796 eos,
1191 3715 1300 3781 derari
1322 3725 1442 3800 potest,
1466 3719 1500 3780 in
1521 3718 1594 3801 lege
1616 3741 1686 3783 esse
1716 3719 1999 3800 comprehensum.
2051 3721 2173 3784 Docui-

165 3799 342 3883 inquibus
376 3802 551 3865 honesturn
584 3823 621 3865 ac
652 3802 805 3884 pudicum
838 3804 924 3868 thori
946 3826 1044 3868 usum
1074 3826 1140 3868 non
1192 3825 1266 3867 mus
1293 3825 1408 3868 rursus
1435 3802 1633 3883 Dominum,
1661 3826 1725 3887 quo
1746 3804 1864 3869 melius
1894 3827 1954 3869 nos
1977 3804 2020 3871 ab
2041 3806 2172 3889 excogi-

162 3886 343 3963 sustinent,
376 3887 410 3950 in
444 3908 540 3951 cume
572 3885 717 3953 libidinis
748 3911 853 3972 genus
882 3890 1016 3972 impune
1045 3910 1140 3954 ruere
1193 3887 1303 3954 tendis
1325 3891 1420 3954 novis
1442 3890 1594 3972 operibus
1616 3901 1776 3969 avocaret,
1800 3900 1903 3955 totam
1926 3892 2074 3957 iustitiae
2100 3893 2171 3955 lau·

163 3971 287 4048 ainm1t3
319 3983 474 4038 revocent
507 3973 596 4037 illam
624 3973 800 4039 obsoletam
829 3974 1047 4057 disciplinam,
1077 3998 1142 4057 qua
1194 3973 1269 4039 dem
1297 3976 1333 4039 in
1362 3976 1502 4057 simplici
1531 3977 1708 4042 voluntatis
1739 3998 1817 4041 suae
1847 3977 2036 4042 obedientia
2067 3978 2171 4043 inclu-

166 4076 279 4122 cmnes
301 4057 453 4123 lasciviae
475 4069 701 4138 coerceantur;
727 4060 866 4126 liberent
888 4060 1056 4126 ecclesiam
1080 4063 1142 4126 hac
1194 4062 1283 4126 sisse.
1327 4060 1420 4125 Haec
1451 4062 1480 4126 si
1513 4084 1592 4128 vera
1614 4072 1707 4142 sunt,
1736 4063 1879 4128 iudicare
1901 4072 2091 4147 promptum
2112 4076 2172 4143 est,

167 4148 237 4207 tam
269 4143 430 4226 flagitiosa
460 4145 681 4228 turpitudine,
714 4168 778 4228 qua
811 4147 933 4234 iamdiu
961 4145 1143 4212 deformata
1194 4148 1324 4212 fictitios
1346 4168 1458 4211 omnes
1480 4148 1598 4227 cultus,
1622 4170 1704 4231 qnos
1726 4148 1820 4214 nobis
1842 4151 1903 4232 ipsi
1923 4150 1965 4214 ad
1983 4171 2174 4233 promeren-

168 4237 226 4294 est.
277 4228 342 4294 Ubi
369 4229 431 4295 hoc
453 4234 685 4309 concesserint,
714 4242 785 4297 tum
808 4256 921 4298 rursus
944 4231 1142 4298 admonendi
1194 4231 1273 4297 dum
1295 4234 1405 4298 Deum
1428 4235 1715 4312 comminiscimur,
1738 4236 1872 4300 minime
1894 4258 1965 4301 esse
1989 4237 2038 4301 illi
2061 4257 2175 4320 accep·

168 4323 266 4380 errant
295 4336 337 4379 ne
370 4331 444 4380 eam
470 4340 540 4382 rem
568 4339 627 4399 pro
648 4320 829 4383 necessaria
851 4319 1034 4398 venditent,
1057 4341 1142 4403 qnae
1194 4328 1255 4398 tos,
1277 4321 1489 4402 quantumvis
1510 4320 1605 4387 nobis
1626 4321 1801 4386 arrideant.
1835 4323 1881 4386 Et
1903 4331 1992 4388 certe
2010 4321 2175 4388 Dominus

167 4421 227 4485 per
256 4422 290 4466 se
319 4400 421 4466 bbere
443 4425 484 4467 er
513 4403 666 4469 eeclesiae
691 4404 832 4469 utilitate
854 4405 981 4487 pendet
1027 4406 1142 4489 Neque
1194 4406 1264 4488 ipse
1296 4405 1410 4470 multis
1444 4406 1523 4472 locis
1551 4429 1618 4472 non
1647 4415 1778 4473 tantum
1810 4418 1921 4492 aperte
1950 4431 2007 4474 eos
2036 4411 2174 4494 respuit,

168 4493 280 4552 tamen
313 4487 394 4553 baec
441 4489 512 4554 dico
552 4489 636 4572 quod
680 4490 748 4554 ulla
786 4491 921 4555 omnino
959 4491 1144 4557 conditione
1194 4490 1252 4556 sed
1284 4492 1432 4576 graviter
1463 4494 1679 4558 abominatur.
1725 4494 1813 4558 Hinc
1841 4495 1991 4559 exoritur
2019 4495 2061 4561 de
2091 4496 2175 4563 votis

167 4571 313 4638 dandum
335 4595 407 4638 esse
428 4575 534 4640 locum
556 4576 597 4639 iis
620 4576 798 4641 canonibus
820 4597 978 4654 censeam,
997 4579 1053 4660 qui
1070 4580 1142 4643 vin·
1194 4576 1353 4642 dubitatio
1375 4599 1459 4660 quae
1480 4590 1612 4663 practer
1629 4601 1822 4663 expressum
1839 4581 1903 4645 Dei
1921 4582 2065 4648 verbum
2081 4585 2174 4661 fiunt,

165 4658 278 4724 culum
305 4660 482 4727 caelibatus
511 4660 728 4727 ecclesiastico
755 4661 861 4726 ordini
888 4663 1055 4743 iniieinnt;
1086 4663 1143 4729 sed
1194 4685 1258 4746 quo
1286 4663 1355 4729 loco
1388 4665 1455 4729 sint
1482 4666 1647 4746 habenda,
1676 4687 1719 4731 an
1749 4669 1934 4750 nuncupari
1961 4669 2026 4734 rite
2049 4670 2177 4754 possint

165 4752 203 4810 ut
234 4746 421 4829 intelligant
453 4745 651 4812 cordatiores
675 4770 741 4831 qua
767 4750 873 4813 fronte
902 4750 1012 4814 hostes
1039 4752 1143 4814 nostri
1194 4750 1235 4815 ab
1263 4751 1451 4817 hominibus
1480 4753 1683 4833 christianis,
1713 4764 1746 4819 et
1767 4764 1930 4836 quatenus
1952 4776 2008 4820 eos
2031 4757 2176 4823 ebenin-

165 4841 318 4896 sanctum
340 4833 544 4916 coniugium,
569 4833 694 4899 obiecto
716 4836 922 4918 antiquitatis
944 4836 1085 4914 nomine,
1108 4838 1143 4901 in
1194 4845 1283 4920 gant
1329 4837 1416 4902 Nam
1438 4838 1524 4921 quod
1551 4841 1637 4905 inter
1661 4840 1812 4915 homines
1839 4839 1960 4906 dicitur
1987 4844 2175 4926 promissio,

165 4916 387 4982 sacerdotibus
409 4919 578 4984 infament.
618 4918 789 5000 Quantum
811 4921 852 4985 ad
875 4931 985 5005 patres
1013 4923 1141 5002 attinet,

166 5022 307 5084 quorum
335 5004 457 5085 scripta
484 5013 630 5085 exstant,
657 5028 763 5089 neque
790 5007 868 5089 ipsi,
897 5028 998 5090 quum
1020 5031 1062 5074 err
1083 5031 1142 5074 suo
1195 5014 1222 5019 ”
1308 5015 1319 5019 ’
1352 5015 1395 5020 “’

164 5086 285 5185 ipdii‘io
303 5088 533 5190 loquebanlln't
557 5101 692 5191 excepti)
714 5093 934 5178 Hiemnymi'r
959 5101 1050 5158 tanta
1072 5116 1142 5193 ma:-
1264 5130 1291 5191 lt
1311 5131 1411 5182 Hamil.
1442 5129 1476 5181 de
1507 5131 1663 5183 inventione
1687 5133 1781 5184 erucis.
1860 5130 1891 5197 2)
1915 5131 2012 5188 Habea
2034 5135 2082 5192 uic
2105 5136 2180 5208 quod

164 5169 319 5258 hgmtate
346 5195 490 5261 comugn
517 5177 681 5243 honestati
704 5179 939 5244 obtrectanmt.
985 5178 1142 5246 Contenti
1165 5154 1169 5261 l
1193 5198 1256 5251 aaa
1271 5200 1328 5264 fau
1349 5197 1414 5266 cap.
1434 5197 1451 5249 1
1458 5198 1486 5251 V.
1505 5202 1588 5252 tuias
1604 5201 1702 5267 opea's.
