4672 5842
244 316 284 377 75
891 307 1158 374 INSTITUTIO
1179 307 1284 373 aab.
1308 306 1489 374 CHRIST.
1516 312 1607 372 1559.
1836 372 1839 377 ,
2214 309 2256 370 te

237 506 405 584 postquam
430 499 492 562 sibi
518 497 575 560 uni
603 500 741 561 asseruit
762 498 888 561 deitatis
908 498 1060 578 qloriam,
1087 497 1142 560 ubi
1170 496 1221 560 do-
1273 497 1360 559 tinuo
1392 502 1524 562 3613336
1556 497 1665 561 ordine
1697 496 1834 561 adducit.
1879 496 1986 576 Neque
2014 516 2084 559 vero
2113 494 2252 559 Iudaeos

243 587 394 652 66366311
421 604 512 665 quem
538 584 654 647 amun
675 584 784 664 probet
814 585 861 647 361
882 583 1035 663 repudiet,
1069 603 1140 647 unce
1167 582 1222 646 ad-
1277 581 1401 646 Paulus
1412 584 1633 663 alloquebatur,
1654 582 1709 647 sed
1720 582 1931 659 Atbenierises,
1950 602 2045 662 quum
2061 601 2198 645 errorem
2216 582 2252 646 in

243 674 346 754 iunqit
367 669 485 755 (Erod.
506 673 556 741 20,
575 667 628 751 4):
654 691 714 733 rien
742 670 841 750 136163
862 669 920 731 tibi
940 670 1096 749 soilptilc,
1126 689 1222 748 mque
1274 667 1342 732 Deo
1362 668 1530 750 fiqurando
1551 669 1709 749 refelleret.

243 759 483 824 similitudinem
504 757 622 834 ullam,·
648 756 761 836 quibus
781 755 882 819 uerbis
904 755 1061 818 licentiam
1083 759 1222 818 nostram
1359 757 1387 816 3.
1431 754 1594 818 Exhibuit
1613 754 1744 836 quidem
1764 753 1931 818 interdum
1952 754 2043 816 Deus
2066 754 2163 817 certis
2186 754 2253 836 sig-

242 848 361 920 eoercet,
383 863 421 906 ne
440 844 547 922 ipsum
563 841 632 906 utta
649 842 769 906 visibili
786 839 888 921 ct'bqie
905 846 1138 920 repraesentare
1159 845 1221 903 ten-
1273 840 1324 903 nis
1352 841 1498 903 numinis
1527 841 1577 904 331
1600 841 1833 922 praesentiam,
1862 849 1899 903 ut
1928 839 2089 903 diceretur
2111 840 2253 920 spectari

243 935 349 994 163133.
393 928 442 992 Ac
469 929 588 1008 foratas
616 948 721 991 munes
748 928 878 991 breuiter
905 931 1078 1001 enumerat,
1109 926 1221 1006 quibus
1272 925 1353 989 faeie
1386 924 1428 988 ad
1461 927 1591 1003 faeiem3
1627 926 1684 991 sed
1717 928 1826 989 omnia
1855 946 1939 1007 3333
1972 946 2117 1006 unquam
2150 923 2253 988 edidit

243 1017 310 1079 iam
336 1016 412 1080 olim
437 1018 576 1093 coeperat
602 1015 671 1076 eius
698 1015 855 1077 3631131661
881 1013 917 1074 13
937 1013 1133 1074 6336166133
1154 1031 1221 1074 con-
1272 1011 1380 1094 31333,
1404 1017 1474 1091 apte
1492 1012 1687 1092 quadrabant
1707 1012 1750 1075 ad
1769 1013 1921 1076 rationem
1942 1012 2084 1087 docendi,
2107 1016 2134 1073 o
2155 1011 2253 1076 aaut

243 1107 359 1165 3631636
375 1101 562 1180 superstitio.
591 1097 714 1162 Seimrss
730 1101 813 1162 enim
830 1098 923 1162 selein
942 1099 1106 1161 adoratum
1121 1098 1221 1178 fuisse
1273 1102 1377 1177 operte
1403 1098 1564 1161 3366611331
1588 1097 1727 1162 13631363
1763 1099 1800 1162 de
1830 1096 2148 1180 incomprehensibili
2182 1097 2253 1162 eius
2321 1091 2327 1111 ⁸

244 1210 266 1252 a
296 1186 412 1252 Persis.
459 1188 607 1265 Quoquo
636 1186 732 1249 611633
764 1190 854 1248 astra
885 1185 921 1246 13
952 1185 1031 1247 66616
1062 1183 1222 1251 cernebant
1245 1190 1248 1267 l
1272 1183 1423 1246 essentia
1467 1184 1580 1247 Nubes
1608 1185 1696 1247 enim
1724 1193 1757 1247 31
1784 1185 1894 1247 fumus
1924 1194 1957 1247 et
1978 1184 2124 1259 flamma,
2153 1203 2252 1263 quau-

243 1274 357 1338 stultae
377 1277 493 1356 pentes,
521 1271 644 1335 totidem
670 1270 734 1334 sibi
753 1271 914 1350 pincerunt
935 1269 1014 1333 deos.
1060 1268 1221 1332 1313331-
1272 1289 1368 1348 quam
1401 1269 1537 1349 sprnbolo
1571 1275 1660 1333 erarit
1691 1271 1827 1334 636163113
1851 1270 1986 1351 qloriae,
2021 1270 2114 1348 quasi
2142 1270 2253 1332 iniecta

245 1360 311 1424 lum
331 1380 431 1441 prope
457 1357 580 1420 animal
599 1357 662 1437 fuit
683 1356 764 1434 qued
787 1356 952 1437 Aeqpptiis
980 1376 1041 1418 336
1067 1360 1144 1418 63361
1170 1355 1221 1417 dei
1271 1355 1382 1435 fraeno
1409 1353 1583 1418 collibebat
1612 1357 1750 1419 munium
1770 1360 1885 1419 mentes
1910 1377 1949 1419 ne
1965 1361 2130 1436 penetrare
2152 1355 2255 1419 311133

243 1444 356 1527 313333.
409 1444 523 1508 Graeci
553 1463 623 1506 cero
655 1462 755 1521 supra
788 1443 870 1506 alios
902 1462 1011 1522 sapere
1044 1442 1105 1504 cisi
1139 1445 1219 1516 sunt,
1272 1445 1423 1504 moderaret
1455 1441 1569 1523 (Dent.
1597 1447 1631 1515 4,
1663 1445 1722 1523 ll).
1768 1440 1880 1522 Quare
1912 1463 1950 1505 36
1972 1441 2081 1505 Moses
2119 1441 2248 1520 quidem

244 1530 326 1611 quod
342 1531 398 1594 sub
415 1530 557 1593 bumana
571 1529 678 1610 forma
696 1527 800 1590 Deum
816 1528 954 1591 colerent.
971 1529 994 1610 ¹)
1029 1527 1221 1607 ,113311336-
1273 1527 1341 1609 (331
1362 1531 1465 1590 tanuen
1486 1547 1564 1608 prae
1586 1526 1659 1590 aliis
1680 1527 1930 1591 familiarissime
1948 1549 1982 1591 se
1999 1527 2160 1609 patefecit)
2178 1548 2253 1608 pre·

243 1618 333 1699 qines
347 1616 435 1680 11633
455 1616 537 1678 inter
554 1635 587 1678 se
603 1635 665 1678 noir
681 1619 851 1693 essuperet,
872 1614 965 1693 quasi
986 1614 1087 1677 611663
1108 1614 1219 1694 maqis,
1272 1611 1358 1675 cibus
1379 1612 1510 1691 adeptus
1529 1618 1573 1676 cst
1594 1624 1631 1677 ut
1651 1614 1767 1677 taciem
1789 1614 1880 1677 illam
1901 1623 2063 1691 eerneret;
2093 1613 2174 1693 quin
2199 1635 2252 1677 re·

209 1718 214 1730 ·
243 1702 344 1766 altera
365 1704 471 1765 minus
487 1702 662 1777 conueniat;
683 1700 736 1762 sed
758 1699 871 1779 absque
887 1700 1060 1778 exceptione
1077 1699 1222 1778 repudiat
1273 1719 1431 1779 sponsum
1459 1699 1595 1778 3333311,
1624 1720 1692 1762 333
1720 1721 1791 1763 esse
1815 1700 1980 1763 hominem
2007 1699 2092 1761 tanti
2114 1698 2254 1782 fulgoris

243 1789 418 1852 3133616666
439 1788 559 1864 munia,
576 1787 736 1866 picturas,
759 1786 886 1865 aliaque
907 1786 1000 1866 siqna
1020 1785 1130 1864 quibus
1151 1805 1221 1847 eum
1273 1803 1423 1864 capacem
1456 1783 1575 1862 (Exod
1603 1789 1658 1860 33,
1687 1789 1725 1847 13
1755 1786 1867 1866 3333).
1924 1785 2086 1866 1133631611
2118 1786 2256 1864 spiritus

243 1874 304 1937 sibi
323 1875 540 1955 propinquum
560 1873 627 1952 t'ore
643 1877 802 1951 putaram
822 1871 1040 1952 superstitiosi.
1272 1875 1398 1933 sanctus
1419 1869 1476 1933 sub
1497 1871 1596 1949 specie
1617 1872 1770 1935 colmnbae
1793 1871 1927 1953 (Matth.
1947 1875 1976 1947 3,
2006 1872 2074 1953 lt),
2102 1871 2157 1937 sed
2178 1871 2257 1935 dum

189 2002 195 2017 .
331 1964 358 2022 2.
401 1959 443 2022 Id
464 1959 605 2040 nullipere
621 1962 803 2038 mmnptum
823 1962 867 2020 631
889 1977 926 2019 ea
947 1957 1121 2019 rationilncs
1142 1976 1223 2035 quas
1268 1956 1417 2035 protinus
1438 1956 1572 2031 euanuit,
1593 1959 1665 2037 quis
1687 1977 1748 2019 non
1770 1958 1864 2033 uidet,
1888 1958 1986 2020 unius
2005 1958 2150 2022 moneat
2172 1978 2254 2037 spru-

238 2045 447 2128 probibitioni
463 2044 615 2126 adiunqit.
637 2043 786 2106 Primum
804 2041 889 2124 apud
908 2043 1038 2105 Mosen:
1057 2049 1221 2105 memento
1273 2040 1338 2105 bote
1357 2040 1531 2105 admonitos
1549 2062 1614 2106 6336
1633 2043 1740 2122 fideles
1760 2044 1908 2122 spiritum
1926 2042 2255 2108 1331313116336366163-

244 2130 489 2215 qnodIehevah
508 2130 661 2211 loquutus
679 2129 737 2192 tibi
754 2128 848 2192 sitin
861 2127 946 2192 vallo
959 2128 1086 2204 Horeb;
1109 2149 1222 2192 vocem
1275 2127 1349 2189 dum
1376 2127 1465 2197 esse?
1496 2133 1530 2189 ut
1557 2130 1625 2191 eius
1646 2130 1756 2191 6111316
1777 2135 1805 2192 61
1825 2130 1932 2211 qratia
1953 2132 2098 2208 66316311,
2130 2130 2255 2193 nullam

244 2217 381 2294 audisti,
404 2237 521 2297 corpus
541 2237 608 2278 uon
630 2213 756 2289 vidisti,
787 2215 924 2278 observa
951 2235 1029 2297 ergo
1051 2222 1083 2277 te
1105 2215 1221 2296 ipsum,
1275 2211 1337 2276 sibi
1370 2219 1530 2276 catanam
1560 2214 1697 2298 tiquram
1728 2220 1923 2279 accerserent.
1971 2214 2057 2279 Nam
2089 2215 2170 2296 quod
2197 2216 2255 2280 sub

243 2325 286 2369 33
305 2304 389 2366 13313
407 2301 562 2383 deeeptus
579 2301 750 2364 faciest-ibi
768 2300 869 2365 ullam
887 2300 1142 2388 similitudinem,
1161 2311 1221 2365 etc.
1273 2299 1378 2379 forma
1404 2298 1541 2362 bominis
1568 2299 1657 2365 Deus
1678 2301 1834 2364 interdum
1854 2302 2021 2382 apparuit,
2046 2301 2256 2381 praeludium

244 2389 358 2474 (Dent
378 2395 407 2468 t,
430 2387 493 2470 15).
542 2387 690 2451 Viderunt
717 2393 751 2450 ut
771 2393 876 2468 aperte
897 2407 998 2450 vocem
1019 2406 1111 2451 mam
1132 2407 1224 2466 oppa
1274 2383 1337 2464 fuit
1357 2385 1484 2465 futrrrae
1506 2386 1540 2447 in
1565 2384 1686 2449 Obristo
1707 2388 1913 2451 revelationis.
1958 2386 2069 2466 ltaque
2090 2388 2145 2451 boc
2159 2408 2256 2466 prae-

243 2475 398 2540 natDeus
419 2475 560 2537 anneus
579 2474 708 2556 tiquris:
731 2478 763 2537 ut
784 2474 922 2536 sciamus
943 2471 1042 2536 aDeo
1059 2472 1223 2536 desciscere
1275 2476 1359 2534 tectu
1380 2472 1508 2533 minime
1529 2471 1617 2535 116311
1635 2472 1767 2537 Iudaeis
1784 2473 1878 2559 abuti,
1901 2478 1935 2535 ut
1952 2473 2014 2536 sibi
2030 2475 2157 2538 deitatis
2174 2494 2257 2553 spui·

242 2560 803 2642 3663336661311116361131631363
822 2563 976 2638 appetunt.
1021 2558 1075 2622 Ec
1091 2558 1224 2639 propbe-
1276 2556 1379 2619 bolum
1404 2557 1553 2637 eriperent
1580 2557 1636 2620 sub
1662 2557 1802 2622 lcumena
1827 2558 1940 2640 fiqrcru.
1985 2559 2256 2641 Propitiatnrium

243 2649 286 2712 tis
307 2646 440 2728 3631116161
469 2646 693 2711 33331333133
720 2647 776 2726 qui
804 2646 837 2707 in
863 2645 924 2709 hae
947 2644 1223 2708 demonstratione
1276 2663 1411 2723 quoque,
1453 2642 1540 2705 undo
1568 2646 1785 2724 praesentiam
1817 2646 1948 2709 virtutis
1981 2667 2058 2709 3333
2089 2647 2151 2710 snb
2182 2645 2255 2730 lege

243 2735 406 2817 plurimus
428 2739 486 2808 331,
510 2742 547 2795 31
569 2731 683 2797 (133331
702 2731 854 2795 indecora
875 2739 909 2794 et
931 2730 1073 2794 absurda
1094 2731 1223 2795 fictione
1276 2728 1420 2791 exserunt
1443 2728 1549 2804 Deus,
1573 2728 1619 2792 sie
1641 2733 1852 2812 compositum
1876 2741 1947 2795 erat
1967 2739 2004 2795 ut
2024 2733 2177 2798 innueret
2198 2755 2256 2817 33-

193 2862 202 2884 .
244 2820 367 2885 foedari
396 2820 459 2883 Dei
492 2819 710 2893 maiestatem,
743 2816 823 2880 dum
851 2817 1059 2898 incorporeus
1086 2817 1224 2880 materia
1277 2814 1395 2877 timum
1423 2813 1603 2878 divinitatis
1631 2830 1798 2897 aspectum
1823 2818 1911 2881 hunc
1938 2839 2023 2893 esse,
2052 2818 2131 2884 dum
2154 2821 2258 2885 animi

245 2926 407 2988 corporea,
430 2905 603 2970 invisibilis
621 2903 740 2968 visibili
759 2903 943 2979 simulacre,
967 2904 1100 2984 33131133
1119 2923 1154 2966 33
1171 2903 1224 2965 13-
1277 2921 1377 2982 supra
1416 2920 1451 2963 33
1490 2899 1706 2965 admiratione
1739 2904 1921 2967 efferuntur
1963 2903 2083 2988 (Erod.
2116 2910 2172 2984 25,
2209 2911 2255 2972 17.

245 2994 404 3067 animata,
433 2992 612 3055 immensus
640 2989 752 3072 exigui
777 2989 875 3071 ligni,
905 2988 1037 3070 lapidis,
1071 2988 1122 3052 vel
1153 2989 1224 3051 auri
1281 2992 1327 3050 18.
1357 2988 1422 3069 21).
1485 2985 1664 3051 Cherubim
1704 2989 1862 3071 siquidem
1903 2990 1963 3054 alis
1996 2993 2137 3055 extentis
2173 2991 2256 3056 illud

244 3079 349 3141 frusto
373 3076 572 3140 assimilatur
600 3076 747 3225 313310,
771 3077 809 3136 18
835 3082 868 3138 31
892 3079 942 3151 ll,
964 3079 991 3137 7.
1013 3079 1052 3137 29
1077 3082 1110 3137 et
1134 3079 1184 3150 45,
1204 3077 1222 3136 9
1276 3073 1480 3154 operiebant,
1508 3072 1620 3136 velum
1648 3075 1832 3159 obtegebat,
1860 3076 1950 3141 13333
1978 3077 2047 3158 1333
2070 3080 2182 3159 333631
2205 3100 2258 3142 re·

244 3168 427 3239 31433.
472 3163 512 3224 ln
535 3184 600 3226 eun
623 3184 675 3226 em
703 3181 830 3242 quoque
858 3158 991 3224 modum
1013 3160 1225 3225 ratiocinatur
1277 3158 1426 3223 conditus
1455 3159 1534 3223 33113
1562 3181 1621 3242 333
1649 3181 1683 3224 se
1712 3162 1886 3228 occulebat.
1938 3161 2080 3227 Proinde
2109 3166 2256 3229 insanire

243 3248 369 3314 Paulus
392 3162 481 3332 Chat.
505 3252 552 3325 17,
573 3248 641 3331 29):
674 3267 778 3330 genus
807 3268 908 3328 quum
936 3247 1038 3311 simus
1060 3246 1133 3323 Dei,
1156 3266 1223 3309 non
1276 3265 1332 3309 eos
1366 3245 1501 3308 minime
1532 3246 1705 3310 obscurum
1738 3255 1802 3325 est,
1836 3250 1891 3330 qui
1926 3249 2103 3314 simulacra
2128 3251 2192 3315 Dei
2223 3257 2258 3314 et

244 3333 498 3399 existimandum
530 3355 608 3398 auro
648 3340 681 3397 et
716 3340 866 3414 argente,
914 3341 971 3395 331
1013 3331 1119 3413 lapidi
1153 3339 1224 3395 arte
1276 3338 1467 3396 sanctorum
1504 3332 1653 3414 exemplo
1691 3333 1822 3398 illorum
1863 3334 2043 3399 Cherubim
2081 3335 2257 3401 defendere

244 3420 387 3502 sculpto,
416 3428 473 3483 331
499 3420 633 3484 inventa
661 3418 802 3482 hominis
831 3416 979 3483 divinum
1009 3439 1079 3482 esee
1107 3417 1222 3482 simile.
1277 3424 1446 3482 conantur.
1484 3416 1574 3498 Quid
1597 3419 1695 3496 enim,
1718 3421 1844 3497 obsecra
1867 3422 2005 3485 63161331
2027 3423 2257 3504 imagunculae

244 3505 341 3572 Unde
363 3513 505 3582 constat,
534 3505 691 3587 quidquid
713 3511 896 3568 staturarum
917 3505 1055 3588 erigitur
1077 3504 1123 3567 361
1145 3505 1224 3567 imm
1275 3503 1366 3580 illae,
1400 3503 1463 3567 nisi
1491 3504 1652 3587 imagines
1684 3506 1968 3588 repraesentandis
1996 3508 2060 3571 Dei
2091 3511 2258 3593 mysteriis

241 3594 353 3676 qinum
376 3593 524 3673 pinpitur
546 3590 587 3654 ad
609 3592 718 3654 Deum
739 3589 958 3672 figurandum,
981 3589 1172 3672 simpliciter
1193 3591 1223 3652 31
1276 3610 1343 3653 333
1370 3611 1442 3654 3333
1468 3589 1622 3654 idoneas?
1655 3591 1785 3672 quando
1813 3594 1848 3655 in
1877 3592 1938 3657 hoe
1965 3594 2123 3657 formatae
2152 3603 2256 3673 erant,

244 3677 415 3760 displicere
454 3698 513 3741 eeu
551 3677 712 3758 quaedam
743 3676 922 3739 maiestatis
958 3696 1036 3740 3333
1068 3676 1223 3739 dedecora.
1276 3683 1314 3739 31
1341 3675 1402 3739 3113
1429 3675 1577 3739 velantes
1604 3678 1864 3759 propitiatorium
1886 3700 1946 3742 non
1968 3679 2069 3744 oculos
2089 3682 2178 3745 modo
2200 3681 2258 3745 bu·

242 3764 288 3828 Et
309 3763 388 3846 quid
408 3764 530 3826 mirum
554 3764 581 3826 31
604 3763 684 3826 haec
703 3761 1127 3843 363313331311333333133
1149 3782 1222 3825 ora·
1277 3783 1398 3838 manos,
1432 3763 1486 3826 sed
1513 3783 1617 3826 munes
1643 3783 1753 3828 sensis
1771 3764 1968 3845 probiberent
1995 3786 2016 3827 a
2038 3765 2102 3830 Dei
2129 3768 2257 3846 intuitu,

242 3849 318 3915 cula
340 3849 486 3927 detenet,
514 3870 616 3931 quum
645 3847 686 3913 ad
715 3847 816 3911 talem
838 3847 1072 3912 confessionem
1094 3868 1112 3910 e
1135 3854 1223 3912 terra
1276 3854 1368 3929 atque
1395 3850 1441 3912 ita
1461 3849 1662 3912 teineritatem
1690 3851 1882 3933 corriperent.
1926 3851 2002 3915 Huc
2023 3852 2147 3917 36631111
2169 3854 2257 3935 quod

243 3935 404 3999 edendam
423 3936 560 3999 miseros
578 3956 703 4016 333333
722 3940 756 3998 31
773 3954 883 3998 meses
897 3933 1087 3998 idololatras
1105 3932 1220 4017 cogat?
1274 3933 1452 4016 prophetae
1471 3934 1548 4017 (Ies.
1569 3939 1597 4011 6,
1618 3935 1652 4015 2)
1676 3933 1852 4018 Seraphim
1865 3937 1925 4001 sibi
1948 3937 1984 4000 in
2000 3938 2128 4003 risione
2145 3950 2257 4005 33133·

133 4087 136 4095 ,
242 4020 330 4085 Nota
357 4029 406 4084 est
427 4021 485 4084 illa
507 4020 651 4086 Senecae
680 4020 898 4103 querimonia,
930 4041 1014 4102 quae
1043 4019 1129 4102 apud
1151 4020 1222 4083 Au·
1275 4041 1327 4084 sos
1350 4020 1458 4084 velata
1479 4021 1561 4084 13316
1584 4022 1675 4086 nobis
1701 4023 1856 4105 pingunt3
1885 4044 1949 4105 quo
1971 4024 2161 4106 significant
2181 4034 2256 4090 tan·

240 4105 1222 4274 attitulatattestantibus.
1274 4114 1347 4275 tt
1365 4106 2256 4273 111111111111116111311

242 4279 299 4342 bili
322 4278 488 4355 dedicant,
517 4279 644 4360 illisque
673 4279 844 4342 hominum
869 4287 902 4341 31
923 4279 1066 4342 terarum
1090 4277 1222 4341 habitus
1275 4278 1374 4354 111133,
1397 4299 1480 4359 quae
1498 4279 1532 4342 in
1551 4281 1677 4363 angelis
1697 4283 1846 4358 emicant,
1870 4283 1911 4346 ab
1928 4282 2031 4347 oculis
2050 4284 2169 4348 nostris
2187 4286 2256 4350 3131

241 4364 397 4441 induunt;
426 4365 556 4445 quidam
583 4386 654 4429 cero
681 4367 778 4428 mixto
805 4384 898 4440 secu,
935 4369 964 4427 et
990 4364 1126 4427 diuersis
1158 4384 1222 4427 eor-
1275 4363 1461 4428 subduetae.
1506 4363 1704 4447 Quanquam
1727 4367 1915 4443 Cherubim,
1944 4368 1984 4432 de
2013 4370 2131 4450 quibus
2164 4392 2255 4437 nune

234 4451 386 4533 poribus;
420 4470 457 4515 ae
487 4452 621 4515 nurnine
642 4455 750 4516 vocant
777 4471 869 4530 3636,
897 4451 928 4513 31
957 4455 1076 4530 3666313
1104 4451 1221 4529 spiritu
1275 4450 1398 4533 agitem,
1433 4449 1474 4514 ad
1507 4461 1651 4516 veterem
1684 4454 1760 4536 16313
1788 4453 2023 4537 paedagogium
2057 4457 2254 4537 pertinuisse

241 4541 440 4614 6633363361,
463 4543 602 4602 mustra
623 4537 816 4601 laberentur.
867 4535 954 4600 Unde
976 4557 1091 4600 rursus
1106 4537 1222 4615 palam
1274 4545 1456 4619 agnoscunt
1484 4539 1670 4621 quicunque
1698 4547 1785 4602 recte
1813 4538 1966 4604 iudicant
2011 4541 2063 4605 Ita
2085 4543 2120 4605 in
2142 4563 2254 4607 exem·

242 4629 386 4702 apparet,
407 4624 522 4703 frivolo
543 4623 657 4688 6661113
679 4623 761 4688 elabi
784 4622 960 4704 imeqinum
976 4627 1143 4702 patronos,
1166 4623 1222 4702 qui
1273 4622 1365 4704 plum
1386 4643 1441 4686 333
1463 4624 1595 4688 trahere
1616 4623 1702 4707 quod
1720 4633 1849 4687 nostrae
1867 4627 1966 4690 aetati
1984 4629 2114 4703 serviat,
2139 4629 2254 4694 absur-

241 4707 403 4770 ebtendunt
431 4708 563 4773 ludaeis
588 4711 688 4791 fuisse
710 4710 821 4773 3611163
847 4708 928 4788 quod
957 4709 1000 4772 ad
1026 4709 1222 4790 superstitio·
1274 4709 1352 4773 dum
1375 4720 1432 4772 est.
1467 4709 1643 4774 Praeteriit.
1664 4711 1751 4773 enim
1772 4710 1939 4774 saeculnm
1961 4712 2041 4776 illud
2060 4715 2194 4795 puerile,
2217 4724 2255 4780 nt

241 4811 310 4854 nem
337 4792 491 4871 proclivas
524 4802 629 4859 633631.
678 4796 777 4876 Quasi
805 4814 875 4858 vero
906 4793 948 4857 ad
976 4799 1095 4877 pentem
1122 4813 1221 4856 unam
1272 4795 1321 4859 113
1341 4795 1469 4877 loquar,
1497 4797 1549 4861 eni
1576 4794 1733 4858 eiusmodi
1755 4794 1941 4861 rudimenta
1963 4799 2126 4863 destinata
2148 4811 2252 4866 erant.

235 4877 393 4956 pertineat
419 4879 500 4957 quod
522 4879 613 4945 Deus
640 4902 679 4945 63
701 4887 828 4946 6616366
854 4899 916 4944 sua
937 4881 1072 4945 63363116
1098 4884 1127 4944 61
1152 4899 1221 4944 eon
1273 4879 1415 4946 Aesone
1431 4881 1617 4962 pudendum
1633 4885 1684 4956 est,
1702 4881 1857 4961 profanos
1877 4885 2044 4964 scriptores
2060 4889 2254 4969 1363136166·

1273 4973 1337 5032 tros
1358 4988 1423 5032 esse
1443 4968 1522 5048 leqis
1539 4965 1602 5028 Dei
1624 4967 1805 5047 interpretes
1817 4990 1914 5049 quam
1930 4973 2088 5052 papistas.
2119 4972 2254 5040 16613613

1267 5074 1328 5135 per
1348 5052 1521 5118 ludibrium
1542 5051 1705 5130 ecprobrut
1728 5053 1904 5132 quenalis,
1932 5059 2014 5136 quod
2031 5079 2136 5138 perros
2157 5062 2254 5125 rcubes

311 5166 340 5234 1)
358 5167 490 5221 113ιὶ1333
508 5168 607 5239 Tyrius
630 5170 755 5238 platonio.
780 5188 859 5225 serm.
884 5171 925 5225 38.
995 5172 1027 5241 2)
1044 5174 1118 5227 Libr.
1142 5173 1166 5227 6.
1185 5153 1219 5227 db
1272 5146 1301 5204 d
1327 5139 1402 5237 mli
1427 5156 1540 5200 numen
1566 5136 1701 5234 adorent·
1748 5139 1897 5240 ,Perverse
1924 5143 2048 5241 quim.
2081 5150 2108 5206 et
2138 5147 2253 5228 impl&

241 5237 462 5303 dsimulato.
483 5237 523 5291 10.
1272 5245 1378 5290 rasus
1398 5229 1501 5288 moun
1522 5223 1666 5304 loquum,
1690 5225 1754 5290 Dei
1775 5226 1907 5310 63113133
1927 5230 2015 5308 apud
2035 5227 2109 5295 illos
2130 5239 2253 5298 6331636
