4672 5842
234 316 295 379 aar
880 308 1147 376 msrrruno
1168 308 1275 377 aaa
1295 305 1595 376 6166166166.
2179 308 2243 374 aas
2309 288 2313 294 ’

231 502 389 568 materiae
416 499 544 585 sylvam
571 500 641 563 fore
663 497 773 575 video,
808 497 842 560 in
869 517 934 579 qua
964 495 1086 561 diutius
1107 496 1211 561 multo
1263 497 1424 562 cadavera
1445 499 1593 562 virorum
1614 497 1670 578 qui
1683 497 1898 579 praevaricati
1921 496 2057 561 suntin
2073 517 2135 574 me,
2157 496 2243 579 qnod

230 589 397 653 immorari
420 606 552 651 necesse
574 587 617 649 sit
636 606 735 667 quam
752 584 837 648 ferat
854 582 997 647 instituti
1008 583 1101 659 ratio,
1125 591 1211 647 esset
1262 585 1385 649 vermis
1407 605 1520 648 eorum
1542 604 1607 647 non
1625 584 1791 660 morietur,
1814 590 1847 646 et
1863 583 1950 665 ignis
1968 603 2036 646 non
2053 582 2243 667 exstingue-

231 675 320 740 enim
340 694 423 755 opus
439 672 530 754 longi
545 672 730 746 voluminis,
754 670 914 749 simulque
932 668 985 733 vel
1002 688 1119 750 parum
1136 690 1210 751 por-
1263 677 1326 735 tur.
1371 671 1467 735 Alter
1492 691 1570 734 vero
1599 668 1750 732 Danielis
1777 668 1918 751 (12,1);
1947 669 1983 731 in
2012 676 2159 750 tempore
2186 669 2243 734 illo

231 760 350 843 spicaei
380 758 495 824 lectori
528 759 617 822 viam
649 777 702 821 me
735 756 891 820 stravisse
918 775 961 817 ex
989 755 1210 835 superioribus
1263 764 1440 838 consurget
1460 755 1604 820 Michael
1636 757 1789 837 princeps
1817 775 1975 837 magnus,
2010 755 2065 836 qui
2091 763 2157 819 stat
2182 775 2242 838 pro

231 845 381 922 arbitror,
403 865 470 927 qua
490 844 651 908 inoffenso
673 864 772 908 cursu
792 860 929 923 pergere
957 848 1064 921 queat,
1094 862 1113 904 a
1134 862 1210 924 pro-
1262 841 1339 906 filiis
1360 841 1473 924 populi
1496 843 1562 918 sui:
1591 852 1624 905 et
1644 841 1757 905 veniet
1776 851 1907 923 tempus
1929 841 2116 923 angustiae,
2145 841 2243 922 quale

229 930 359 996 lixitate
383 952 452 995 non
480 929 560 994 adeo
582 931 617 993 in
637 948 792 1010 praesens
819 927 1003 991 necessaria
1025 925 1208 991 abstinebo:
1262 929 1459 1076 1111111ζῖ611
1486 950 1528 992 ex
1556 948 1620 1009 quo
1642 934 1756 1010 gentes
1786 947 1857 992 6666
1884 939 2073 1007 coeperunt:
2102 935 2137 990 et
2163 936 2242 992 tuno

230 1018 442 1100 praemonitis
464 1022 576 1080 tamen
597 1012 786 1088 lectoribus,
813 1021 850 1076 ut
871 1013 959 1076 viam
981 1012 1041 1077 sibi
1064 1033 1103 1076 ea
1125 1013 1209 1077 clavi
1263 1013 1355 1078 salva
1376 1014 1446 1077 itur
1472 1014 1613 1095 populus
1640 1020 1716 1077 tuus
1738 1014 1860 1088 omnis,
1889 1013 1945 1094 qui
1967 1013 2122 1076 inventus
2143 1014 2243 1077 fuerit

229 1102 384 1185 expedire
412 1102 639 1176 meminerint,
673 1120 772 1181 quam
799 1099 891 1180 prius
918 1099 954 1161 in
980 1118 1116 1161 manum
1143 1098 1209 1162 11116
1262 1100 1404 1181 scriptus
1425 1101 1461 1163 in
1482 1098 1581 1178 libr0;
1608 1107 1642 1162 61
1663 1120 1704 1162 ex
1726 1099 1783 1174 iis,
1806 1099 1860 1181 qui
1885 1098 2054 1162 dormiunt
2074 1099 2111 1161 in
2133 1107 2242 1164 terrae

230 1187 389 1254 dedimus.
422 1187 558 1268 Nempe,
577 1186 701 1267 quotics
719 1182 825 1248 fidelis
844 1183 955 1265 populi
973 1182 1208 1248 beatitudinem
1261 1185 1411 1267 pulvere,
1434 1185 1638 1268 evigilabunt
1662 1185 1718 1248 alii
1739 1186 1776 1248 in
1797 1186 1899 1249 vitam
1922 1195 2105 1260 aeternam,
2128 1184 2183 1248 alii
2204 1185 2241 1248 in

229 1274 408 1358 prophetae
430 1280 685 1338 commemorant
706 1271 813 1355 (cuius
835 1270 892 1334 vix
913 1270 1050 1333 minima
1071 1270 1210 1353 vestigia
1261 1270 1471 1353 opprobrium
1493 1273 1736 1352 sempiternum.

229 1360 451 1443 inpraesenti
473 1360 542 1423 vita
564 1356 773 1439 cernuntur),
796 1354 838 1419 ad
860 1356 944 1420 hanc
967 1355 1209 1421 distinctionem
1347 1361 1398 1420 23.
1442 1356 1515 1420 Iam
1543 1359 1577 1419 in
1607 1356 1731 1421 duobus
1754 1356 1887 1438 reliquis
1914 1355 2103 1438 probandis,
2130 1362 2241 1436 patres

229 1446 432 1529 confugiant:
474 1443 538 1507 Dei
570 1444 752 1508 bonitatem
784 1463 847 1523 quo
880 1441 997 1504 melius
1029 1443 1208 1523 prophetae
1260 1442 1384 1508 scilicet
1405 1442 1575 1507 Christum
1608 1443 1643 1506 in
1675 1441 1815 1506 foederis
1848 1443 1900 1506 sni
1927 1443 2048 1525 pignus
2076 1439 2240 1520 habuisse,

230 1529 513 1607 commendarent,
543 1529 749 1611 temporariis
779 1527 960 1603 boneficiis,
993 1528 1208 1592 1616111666-
1260 1541 1357 1610 atque
1384 1530 1419 1591 in
1449 1530 1519 1610 ipso
1547 1550 1678 1593 omnem
1704 1527 1939 1599 benedictionis
1965 1525 2118 1592 fiduciam
2146 1548 2241 1609 repo-

230 1618 350 1682 'mentis
377 1615 586 1699 quibusdam,
619 1614 740 1698 populo
767 1611 994 1688 adumbrasse;
1028 1613 1085 1677 sed
1107 1614 1208 1677 talem
1260 1615 1380 1692 scisse,
1413 1615 1490 1695 quia
1517 1616 1626 1678 minus
1653 1615 1893 1679 controversiae
1921 1622 1954 1677 61
1978 1614 2053 1696 plus
2081 1613 2241 1678 claritatis

230 1703 301 1768 eius
332 1703 478 1785 pinxisse
511 1702 653 1784 effigiem
685 1720 768 1782 quae
800 1707 927 1762 mentes
955 1706 1050 1764 extra
1076 1709 1208 1778 terram,
1260 1699 1399 1778 habent,
1428 1721 1496 1764 non
1526 1699 1689 1764 laborabo.
1735 1700 1983 1764 Constituamus
2010 1720 2087 1782 ergo
2116 1720 2239 1779 secure,

230 1788 393 1854 elementa
419 1785 535 1852 mundi
558 1787 670 1863 huius,
699 1793 733 1849 et
759 1785 944 1867 periturum
967 1785 1132 1849 saeculum
1155 1808 1208 1848 ra-
1260 1786 1346 1867 quod
1386 1808 1447 1851 nec
1486 1786 1564 1850 ullis
1610 1785 1729 1850 diaboli
1772 1786 1933 1850 machinis
1973 1785 2087 1850 revelli
2125 1794 2237 1866 queat:

229 1881 336 1957 perot,
369 1875 467 1956 at'que
500 1872 542 1937 ad
572 1870 778 1955 cogitandam
805 1872 936 1934 futurae
965 1891 1002 1933 ac
1030 1872 1209 1952 spiritualis
1260 1882 1355 1937 vetus
1392 1880 1627 1936 testamentum
1660 1894 1717 1936 seu
1746 1871 1875 1949 foedus,
1913 1872 1999 1953 quod
2034 1891 2110 1935 oum
2136 1870 2240 1936 israe·

229 1962 317 2026 vitae
339 1960 526 2024 felicitatem
548 1958 731 2022 necessario
753 1957 919 2020 excitaret.
1259 1957 1349 2022 litico
1370 1959 1489 2040 populo
1510 1959 1670 2051 percussit
1688 1959 1868 2032 Dominus,
1891 1979 1957 2021 non
1980 1957 2078 2021 rebus
2100 1959 2240 2022 terrenis

317 2051 367 2109 2l.
424 2044 587 2127 Exemplo
625 2064 693 2107 uno
729 2042 875 2108 contenti
907 2043 1039 2106 erimus.
1095 2041 1208 2122 Quum
1260 2042 1359 2108 fuisse
1391 2044 1582 2122 limitatum,
1617 2043 1674 2108 sed
1701 2044 1880 2126 spiritualis
1907 2055 2123 2124 aeternaeque
2149 2044 2238 2108 vitae

229 2132 400 2197 Israelitao
422 2130 628 2212 Babylonem
653 2129 812 2212 deportati
842 2147 935 2191 suam
964 2126 1208 2210 dissipationem
1260 2131 1508 2211 promissionem
1553 2131 1753 2194 continuisse
1765 2153 1772 2207 ;
1825 2131 1918 2194 euius
1963 2130 2239 2211 exspectationem

228 2219 328 2281 morti
363 2216 562 2281 simillimam
595 2236 666 2280 esee
693 2224 875 2289 cernerent,
909 2212 1067 2278 dimoveri
1095 2213 1136 2277 ab
1169 2236 1208 2277 ea
1259 2217 1406 2279 omnium
1433 2217 1551 2279 animis
1576 2216 1769 2298 impressam
1797 2215 1953 2297 oportuit,
1982 2217 2036 2297 qui
2066 2215 2101 2278 in
2125 2214 2240 2280 foedus

229 2303 382 2386 opinione
403 2303 461 2365 vix
483 2309 642 2383 poterant,
665 2301 746 2383 quin
766 2299 949 2364 fabulosum
966 2308 1120 2381 putarant
1137 2320 1208 2363 esse
1259 2322 1336 2365 vere
1363 2302 1619 2366 consentiebant.
1664 2301 1760 2365 Hanc
1783 2323 1860 2366 vero
1887 2303 2037 2365 insanam
2066 2321 2104 2366 ac
2125 2303 2238 2383 perni-

250 2385 317 2452 6611
356 2387 397 2451 (16
435 2409 495 2452 sua
531 2387 735 2450 restitutione
774 2385 1015 2452 vaticinabatur
1053 2386 1207 2452 Ezechiel
1259 2386 1378 2451 ciosam
1399 2388 1587 2468 opinionem
1608 2387 1722 2469 procul
1744 2407 2022 2463 summoveamus,
2046 2395 2103 2450 aut
2121 2388 2238 2451 Domi·

229 2409 303 2558 d37,
328 2474 378 2557 4),
409 2472 495 2555 quod
519 2471 654 2555 perinde
676 2471 709 2536 id
731 2472 947 2536 aestimabant
970 2492 1007 2536 ao
1030 2473 1057 2536 si
1080 2471 1206 2536 denun·
1258 2494 1339 2536 num
1361 2473 1447 2536 nihil
1469 2473 1558 2537 aliud
1579 2474 1788 2555 proposuisse
1810 2473 1957 2550 Iudaeis,
1981 2481 2038 2537 aut
2058 2473 2132 2536 illos
2154 2474 2239 2537 nihil

228 2561 342 2644 tiaeset
374 2559 568 2624 suscitatum
599 2561 633 2622 in
667 2559 770 2623 vitam
801 2557 843 2621 iri
875 2556 1006 2639 putrida
1036 2557 1204 2621 cadavera.
1258 2559 1457 2639 quaesivisse
1482 2567 1613 2641 praeter
1640 2560 1764 2623 ventris
1792 2560 2015 2634 saturitatem,
2045 2560 2154 2623 carnis
2181 2559 2238 2623 de-

228 2646 406 2724 Dominus,
436 2654 474 2708 ut
502 2645 688 2709 ostenderet
714 2667 775 2709 nec
802 2664 841 2706 ea
868 2644 938 2724 ipsa
960 2641 1153 2708 difficultate
1171 2665 1205 2707 66
1257 2643 1358 2722 licius,
1382 2647 1536 2709 florentes
1554 2665 1641 2727 opes,
1660 2656 1830 2708 externam
1849 2645 2038 2726 potentiam,
2061 2644 2237 2708 liberorum

227 2731 379 2814 impediri
402 2733 576 2814 quominus
597 2732 754 2796 beneficio
773 2751 832 2794 suo
851 2728 958 2793 locum
979 2730 1108 2804 faceret,
1130 2751 1206 2813 pro-
1258 2730 1520 2804 foecunditatem,
1545 2742 1578 2794 ct
1599 2730 1757 2812 quidquid
1779 2731 1931 2795 animulis
1954 2731 2051 2795 homo
2071 2731 2107 2795 in
2129 2732 2235 2812 pretio

225 2817 345 2900 phetae
368 2839 520 2900 campum
543 2816 643 2881 aridis
666 2816 792 2881 ossibus
814 2817 948 2898 plenum
970 2837 1030 2897 per
1047 2815 1205 2880 visionem
1259 2815 1365 2880 habet.
1418 2817 1493 2880 Non
1527 2817 1615 2881 enirn
1648 2815 1737 2880 aliud
1769 2817 1935 2881 coelorum
1966 2838 2107 2900 regnum
2139 2816 2237 2883 hodie

227 2905 383 2982 ostendit;
417 2904 551 2986 quibus,
586 2903 655 2967 sola
683 2903 775 2967 verbi
802 2903 852 2966 sui
881 2901 1019 2978 virtute,
1053 2902 1205 2983 spiritum
1257 2903 1422 2983 promittit
1454 2904 1523 2967 suis
1555 2901 1710 2966 Christus
1742 2902 1907 2967 Dominus
1940 2902 2075 2984 (Matth.
2103 2909 2137 2979 8,
2172 2904 2236 2987 11),

226 2989 440 3071 vigoremque
468 3009 534 3052 uno
557 2997 723 3053 momento
746 2986 895 3052 reddidit.
942 2984 1115 3052 Serviebat
1134 2990 1205 3071 qui-
1257 3009 1357 3069 quam
1375 2989 1431 3052 ubi
1452 2987 1645 3053 recumbant
1667 3010 1741 3052 eum
1759 2989 1939 3067 Abraham,
1963 2990 2054 3054 Isaac
2077 2999 2111 3052 et
2127 2989 2235 3054 Iacob.

227 3073 303 3137 dem
321 3075 362 3138 ad
373 3082 579 3156 praesentem
597 3073 860 3139 incredulitatem
872 3072 1098 3156 corrigendam
1108 3075 1205 3153 visio;
1257 3074 1308 3138 Ac
1329 3074 1469 3138 Iudaeos
1497 3074 1618 3138 saeculi
1645 3076 1697 3138 sui
1718 3074 1838 3139 Petrus
1864 3075 2020 3150 haeredes
2042 3095 2112 3138 esse
2134 3096 2235 3138 cvan-

227 3159 285 3224 sed
307 3160 438 3223 interim
459 3160 598 3225 Iudaeos
616 3159 926 3226 commonefaciebat
942 3168 1102 3240 quantum
1120 3160 1206 3223 ultra
1257 3152 1381 3242 gelicae
1399 3161 1524 3243 gratiae
1541 3160 1706 3224 asserebat
1723 3159 1810 3241 (Act.
1826 3165 1853 3238 3,
1867 3163 1932 3244 25),
1955 3159 2040 3243 quod
2051 3160 2110 3224 filii
2125 3170 2237 3233 essent

227 3245 338 3328 populi
372 3243 596 3310 reductionem
633 3247 739 3310 virtus
772 3244 907 3309 Domini
945 3243 1203 3326 protenderetur,
1256 3245 1502 3328 prophetarum,
1517 3246 1752 3328 comprehensi
1773 3247 1808 3309 in
1824 3247 1955 3312 foedere
1971 3246 2056 3329 quod
2071 3236 2237 3313 Dominris

226 3351 309 3413 quae
332 3330 424 3395 arida
446 3343 480 3395 et
502 3332 649 3414 dispersa
671 3353 758 3410 ossa,
788 3330 856 3395 solo
878 3338 977 3407 nutu,
1007 3330 1087 3394 adeo
1109 3332 1204 3397 facilc
1256 3330 1334 3394 olim
1356 3353 1431 3396 oum
1453 3353 1513 3395 sua
1535 3341 1633 3414 gente
1654 3331 1840 3414 pepigisset.
1875 3335 1925 3398 Ao
1945 3355 1988 3396 ne
2007 3331 2040 3397 id
2063 3333 2140 3398 solis
2163 3356 2237 3398 ver·

226 3425 404 3500 vegetaret.
450 3415 561 3495 Quare
590 3419 787 3481 sententiam
815 3417 906 3480 illam
930 3437 1004 3479 eum
1027 3417 1130 3481 altera
1151 3419 1203 3481 Ie-
1255 3416 1306 3480 bis
1327 3424 1485 3481 testatum
1508 3428 1606 3494 esset,
1635 3417 1798 3483 Dominus
1819 3421 1905 3483 facto
1927 3440 2055 3502 quoque
2077 3420 2237 3502 approba-

226 3502 314 3566 saiae
343 3504 406 3566 rite
436 3503 637 3583 comparabis
659 3504 735 3586 (Ies.
756 3507 812 3581 26,
836 3504 903 3584 111);
938 3503 1052 3567 vivent
1071 3506 1202 3589 mortui,
1254 3503 1312 3567 vit
1346 3503 1398 3566 Eo
1421 3505 1509 3567 enim
1531 3524 1595 3584 quo
1614 3505 1795 3568 resurrexit
1816 3514 1981 3570 momento
1999 3506 2120 3570 multos
2142 3528 2236 3571 sanc-

226 3587 366 3652 cadaver
387 3609 513 3666 meum,
537 3597 723 3672 resurgent:
753 3588 1016 3671 expergiscimini
1038 3599 1072 3651 et
1093 3591 1204 3655 exsul·
1256 3597 1365 3652 torum
1386 3590 1634 3653 resurrectionis
1657 3611 1735 3654 suae
1758 3593 1920 3656 consortio
1943 3590 2174 3674 dignatusest,
2197 3612 2234 3657 ae

223 3682 299 3750 tate,
323 3675 379 3756 qui
402 3673 555 3737 habitatis
577 3675 612 3736 in
622 3675 767 3757 pulvere,
791 3675 867 3756 quia
888 3695 942 3738 ros
959 3674 1201 3758 viridiseampi,
1254 3674 1407 3739 visendos
1434 3677 1470 3738 in
1492 3676 1623 3749 civitate
1645 3677 1797 3757 praebuit
1819 3677 2118 3759 (Μ61111.27,ὀ2);
2145 3684 2233 3742 certo

222 3780 276 3824 ros
302 3768 397 3838 tuus;
427 3771 468 3825 et.
486 3768 610 3824 terram
632 3761 805 3843 gigantum
824 3760 977 3825 detrahes
1000 3761 1035 3824 in
1056 3763 1200 3826 ruinam:
1255 3760 1438 3825 arrhabone
1460 3762 1506 3825 616
1528 3760 1618 3833 dato,
1648 3762 1809 3844 quidquid
1831 3764 1908 3828 fecit
1929 3784 1967 3827 ac
1987 3785 2104 3845 passus
2125 3772 2176 3828 est
2196 3764 2233 3827 in

205 3845 306 3910 vade
333 3846 452 3928 popule
473 3847 536 3923 mi,
564 3847 653 3911 intra
681 3847 716 3910 in
744 3846 956 3912 tabernacula
981 3853 1053 3926 tua;
1088 3846 1202 3912 claude
1254 3855 1407 3911 aeternae
1429 3847 1545 3911 salutis
1563 3848 1820 3929 acquisitionem,
1844 3850 1886 3914 ad
1904 3850 2026 3916 veteris
2043 3851 2233 3913 testamenti

222 3932 305 3995 ostia
324 3941 381 3995 tua
399 3952 497 4012 super
514 3943 554 4007 te,
579 3931 774 3996 abscondere
793 3932 983 4014 pauxillum,
1007 3931 1108 3998 donec
1128 3955 1201 4022 pqr-
1254 3930 1366 3997 fideles
1399 3954 1465 3997 non
1494 3953 1587 3998 secus
1616 3954 1715 4014 quarn
1744 3935 1785 3998 ad
1808 3956 1868 4001 nos
1890 3936 2061 4018 pertinere.
2105 3935 2233 4017 Nempe

222 4025 370 4081 transeat
391 4017 588 4100 indignatio:
618 4040 692 4082 ecce
720 4019 807 4082 enim
828 4019 992 4082 Dominus
1013 4019 1202 4102 egredietur
1255 4024 1288 4081 et
1314 4018 1428 4082 eodem
1455 4017 1532 4083 fidei
1555 4019 1686 4100 spiritu,
1716 4042 1780 4103 quo
1807 4023 1969 4088 invitam
1989 4040 2232 4105 regeneramur,

222 4101 356 4167 deloco
378 4124 452 4179 suo,
479 4112 517 4167 ut
544 4104 657 4168 visitet
682 4105 891 4186 iniquitatem
919 4105 1111 4170 habitatoris
1133 4114 1200 4170 ter·
1253 4111 1338 4169 teste
1362 4104 1462 4169 Petro
1491 4105 1579 4187 (Act.
1607 4111 1661 4185 lo,
1688 4106 1737 4190 8),
1767 4107 1906 4189 praediti
1932 4111 2074 4174 fuerunt.
2119 4105 2234 4187 Quum

221 4209 278 4252 rae
300 4198 414 4253 contra
435 4210 525 4264 eum;
547 4199 580 4253 et
601 4190 762 4254 revelabit
782 4197 872 4256 terra
890 4192 1200 4275 sanguinemsuum,
1253 4190 1406 4272 spiritum
1427 4191 1536 4266 illum,
1565 4192 1621 4273 qui
1644 4204 1695 4256 est
1721 4194 1823 4258 veluti
1852 4196 2012 4277 quaedam
2038 4195 2234 4258 immortali-

220 4294 282 4339 nee
303 4275 430 4356 operiet
451 4275 575 4339 diutius
597 4277 783 4341 interfectos
806 4298 890 4342 suos.
1254 4277 1331 4341 tatis
1353 4276 1388 4340 in
1410 4276 1504 4341 nobis
1525 4278 1678 4355 scintilla,
1702 4279 1789 4344 unde
1811 4288 1845 4345 et
1863 4281 2004 4346 arrhabo
2021 4279 2234 4345 haereditatis

309 4364 358 4424 22.
404 4359 602 4442 Quanquam
636 4365 663 4426 si
691 4364 764 4445 quis
792 4362 834 4427 ad
856 4363 1014 4427 eiusmodi
1041 4385 1201 4428 canonem
1253 4371 1384 4427 nostrae
1406 4363 1483 4429 alibi
1507 4362 1607 4447 (Eph.
1631 4369 1663 4443 1,
1685 4366 1740 4448 14)
1762 4376 1914 4446 vocatur,
1937 4368 1972 4431 in
1994 4367 2061 4433 illis
2083 4367 2235 4432 similiter

222 4448 331 4510 omnia
359 4446 510 4530 redigere
537 4454 658 4524 tentet,
682 4447 822 4513 absurde
849 4450 976 4527 fecerit3
1011 4460 1090 4514 sunt
1111 4451 1200 4514 enirn
1253 4449 1405 4514 audimus
1427 4449 1599 4529 habitasse,
1623 4451 1782 4532 quomodo
1803 4453 1870 4518 illis
1888 4455 1977 4518 vitae
1999 4452 2235 4520 haereditatem

222 4531 344 4614 aliquot
365 4533 436 4609 loci,
456 4535 512 4615 qui
534 4534 624 4598 nullo
642 4536 866 4617 integumento
884 4536 1037 4613 futuram,
1061 4557 1145 4618 quae
1165 4538 1201 4600 in
1254 4534 1397 4601 adimere
1420 4536 1621 4603 audeamus?
1666 4536 1741 4617 Quo
1762 4540 1868 4621 magis
1889 4542 2012 4605 mirum
2033 4549 2084 4605 est
2105 4560 2143 4604 eo
2164 4547 2233 4605 stu-

221 4638 322 4701 rogno
355 4620 419 4683 Dei
451 4619 564 4685 fideles
596 4628 722 4698 manet,
756 4621 1037 4685 immortalitatem
1065 4621 1200 4686 demon·
1253 4623 1341 4703 poris
1367 4623 1446 4686 olim
1472 4623 1626 4689 recidisse
1648 4621 1871 4702 Sadducaeos,
1905 4636 1944 4691 ut
1970 4636 2043 4692 tum
2070 4647 2233 4692 resurrec-

222 4711 337 4767 strant.
368 4702 491 4783 Quales
509 4706 684 4770 nonnullos
701 4708 919 4783 recitavimus,
942 4714 976 4771 et
992 4708 1105 4790 quales
1122 4716 1202 4773 sunt
1252 4709 1391 4788 tionem,
1414 4717 1485 4773 turn
1507 4710 1693 4774 animarum
1715 4709 1933 4776 substantiam
1954 4721 2128 4797 negarent,
2155 4733 2234 4795 quo-

221 4807 297 4852 cum
324 4789 379 4851 alii
405 4791 565 4873 plerique,
598 4799 670 4856 tum
696 4794 868 4875 praecipue
897 4793 963 4858 duo
995 4796 1059 4859 isti.
1104 4794 1201 4859 Alter
1252 4816 1328 4858 rum
1348 4803 1525 4879 utrumque
1547 4806 1616 4859 tam
1635 4793 1818 4859 illustribus
1837 4799 2019 4879 scripturae
2037 4798 2234 4865 testimoniis

223 4872 309 4954 apud
341 4874 483 4937 Iesaiam
516 4878 588 4960 (116,
608 4879 678 4962 22);
714 4880 799 4945 616111
830 4880 910 4945 coeli
942 4881 1021 4947 novi
1052 4889 1086 4946 et
1112 4890 1201 4945 terra
1253 4881 1482 4965 consignatum
1500 4880 1672 4945 habebant
1705 4879 1776 4943 Neo
1796 4883 1906 4949 minus
1927 4886 2116 4970 prodigiosa
2137 4883 2258 4950 hodie.

183 4987 186 4993 ·
222 4977 322 5036 nova,
351 4979 435 5040 quae
456 4960 539 5025 facio
562 4972 648 5029 stare
671 4987 781 5031 coram
803 4988 871 5041 me,
899 4968 946 5032 sic
968 4966 1069 5033 stabit
1089 4988 1201 5033 semen
1252 4967 1337 5033 foret
1365 4969 1465 5032 totins
1493 4965 1636 5030 nationis
1663 4964 1825 5032 stoliditas
1852 4969 1888 5034 in
1920 4971 2140 5055 exspectando
2167 4982 2234 5037 ter-

121 5142 196 5469 l

221 5050 385 5122 vestrum;
417 5052 450 5107 61
478 5046 541 5109 erit
568 5052 689 5115 mensis
717 5073 759 5117 ex
786 5074 913 5132 mense,
939 5053 1138 5119 sabbathum
1159 5075 1202 5119 ex

220 5127 405 5229 sabbatho:
423 5131 666 5229 venietnomnis
688 5157 763 5202 caro
795 5147 834 5237 ut
854 5139 967 5205 adoret
987 5160 1096 5238 eoram
1119 5140 1202 5205 faeie
1322 5173 1351 5240 1)
1371 5173 1453 5226 m„-
1467 5170 1608 5222 „maa
1624 5187 1678 5222 non
1697 5171 1777 5239 quale
1800 5175 1857 5228 scil.
1877 5175 1946 5230 1592
1964 5195 2042 5249 seqq,
2062 5182 2142 5234 ,gam
2168 5152 2232 5231 m.

219 5236 311 5298 mea,
345 5215 425 5283 drcrt
451 5217 628 5299 Dommus3
660 5231 695 5286 et
725 5224 948 5321 egredientur,
981 5236 1015 5291 et
1042 5226 1202 5292 videbunt
1252 5242 1338 5296 166111
1349 5244 1488 5310 ponem
1505 5239 1596 5292 61116.
