4672 5842
121 329 176 389 141
470 310 472 317 ’
518 324 607 388 LIB.
631 324 659 387 Ι.
703 324 767 387 DE
789 321 1077 406 COGNITIONE
1099 321 1183 388 DEI
1205 321 1479 389 CREATORIS.
1525 321 1624 387 OAP.
1647 322 1743 386 XV.»
2065 330 2125 392 142

117 515 243 576 aniciae
275 514 355 576 actio
388 518 431 576 cst
463 518 498 575 ut
519 512 594 576 illue
617 513 742 591 aspiret.
784 512 834 575 Ae
855 512 1006 593 proinde,
1036 533 1095 592 perc
1146 510 1312 575 interdum
1335 511 1524 592 practicum,
1549 512 1604 593 qui
1627 512 1702 576 boni
1723 512 1842 577 malive
1865 515 2126 597 apprehensione

116 619 248 680 qumque
269 599 372 682 napis
394 599 436 664 ad
458 597 564 661 Deum
584 599 723 662 accedere
744 599 858 678 dedet,
880 619 913 662 eo
934 617 966 662 se
984 599 1095 680 probat
1147 597 1349 662 voluntatem
1379 598 1470 661 vario
1504 606 1642 662 moveat.
1693 597 1764 663 Sub
1795 621 1857 680 quo
1890 623 2009 683 genere
2043 602 2126 668 bene

115 686 236 748 ratione
253 704 319 748 esse
334 684 527 763 praeditum.
560 684 621 765 Qui
636 684 748 763 plnres
766 684 872 747 collant
889 703 953 748 esse
970 685 1096 747 artimus
1147 685 1294 764 iusteque
1316 682 1450 747 vivendi
1472 684 1608 747 scientia
1636 685 1829 749 continetur.
1874 687 1975 750 illum
1998 709 2125 770 qnoque

116 773 152 834 in
178 769 314 847 bomine,
343 770 397 833 boc
418 774 463 833 est
484 771 666 834 sensitivam
695 775 724 833 et
744 771 943 848 rationale-m,
972 771 1030 834 etsi
1050 769 1096 833 'ci-
1148 770 1343 853 (appetitum
1366 768 1453 851 dico)
1480 770 1515 832 in
1543 769 1745 834 voluntatem
1770 780 1803 836 et
1829 774 2125 854 concupiscentiam
2184 809 2185 813 =

116 859 229 922 dentur
251 856 375 937 aliquid
394 857 506 935 afferre
521 856 692 935 probabile,
715 856 792 935 quia
809 860 912 920 tamen
932 857 966 918 in
990 875 1095 919 emtum
1143 856 1348 939 partiuntur,
1377 875 1414 919 ac
1436 854 1579 936 βούλησιν
1604 855 1735 938 quidem
1758 878 1828 922 esse
1858 860 1983 941 quoties
2005 860 2124 924 ratiom

44 957 47 966 '
115 942 294 1007 ralicnilms
325 941 407 1005 nibil
439 947 484 1005 est
507 943 648 1022 piraeum,
681 940 872 1020 repudiandi
900 942 988 1006 nobis
1013 946 1095 1020 sicia,
1148 941 1326 1024 appetitus,
1350 961 1447 1022 quem
1471 938 1562 1025 ὁρμῆν
1584 941 1760 1023 appellant,
1783 943 1998 1026 obtemperat;
2021 946 2124 1019 πάθος

117 1029 183 1092 nisi
205 1028 241 1090 in
262 1027 353 1091 rebus
373 1027 500 1107 friuolis
521 1032 548 1090 et
570 1027 735 1090 inutilibus
756 1047 813 1091 nos
834 1033 974 1107 torpuere
995 1026 1094 1091 libeat.
1147 1037 1258 1092 autem
1291 1027 1378 1103 fieri,
1412 1026 1468 1090 ubi
1497 1048 1631 1091 excusso
1661 1029 1795 1093 rationis
1824 1031 1902 1114 iugo
1936 1030 1977 1095 ad
2006 1032 2124 1095 intem-

117 1113 274 1196 Mapnam
305 1114 550 1195 repupuautiam
581 1133 646 1177 esse
678 1115 784 1178 amat
822 1115 902 1177 iata
933 1114 1095 1196 organicos
1147 1114 1270 1196 periem
1295 1113 1448 1176 excurrit.
1494 1113 1547 1177 Ita
1575 1134 1704 1195 semper
1730 1114 1766 1178 in
1799 1115 1931 1181 homine
1964 1118 2124 1181 rationem

115 1206 217 1264 motus
239 1205 266 1263 et
286 1199 480 1263 rationalem·
494 1201 621 1263 animae
636 1203 771 1279 partem.
819 1199 919 1280 Quasi
941 1219 1000 1262 neu
1022 1200 1095 1280 apsa
1146 1199 1456 1289 imaginantnrqua
1478 1209 1622 1263 sarecto
1644 1199 1806 1264 moderari
1828 1211 1934 1282 queat.

115 1306 236 1368 quoque
255 1285 338 1349 ratio
359 1304 462 1349 secum
478 1285 639 1363 dissideat,
662 1290 690 1348 et
706 1285 774 1348 eius
790 1285 921 1349 consilia
940 1284 1007 1349 alia
1025 1304 1095 1347 eam
1233 1289 1261 1348 t.
1317 1283 1368 1347 Ab
1400 1283 1458 1347 bruc
1496 1285 1624 1349 (lacerati
1655 1286 1776 1349 ratione
1803 1288 1941 1368 paulum
1972 1289 2125 1354 clmeedere

116 1373 195 1436 aliis
220 1391 281 1435 rma
307 1390 394 1437 semis
423 1390 459 1434 ac
485 1370 610 1435 hostiles
635 1371 786 1435 excreans
814 1371 986 1452 eorrslipaut.
1032 1369 1094 1434 Sed
1145 1371 1300 1453 captiuum
1326 1371 1405 1449 ania
1425 1370 1620 1451 philosophi,
1648 1371 1761 1450 quibrm
1789 1373 1944 1455 incognita
1973 1381 2041 1440 erat
2069 1397 2124 1440 na

115 1478 213 1539 quum
245 1456 318 1520 baec
345 1456 538 1537 perturbatio
567 1458 609 1521 sit
635 1477 673 1520 ee
705 1461 838 1520 naturae
864 1457 1093 1536 depravatione,
1145 1461 1235 1521 turae
1266 1456 1422 1536 corruptio
1454 1477 1535 1536 quae
1566 1477 1604 1520 ea
1636 1457 1815 1538 ‹lefectiouis
1839 1481 1943 1540 poena
1971 1463 2122 1540 prouenit,

110 1564 280 1625 perperam
302 1543 375 1606 irate
396 1542 565 1624 callipitnr,
588 1543 670 1606 duas
692 1562 758 1606 esse
780 1545 920 1619 arciacas,
949 1543 1024 1623 paria
1044 1543 1095 1623 fa
1146 1543 1225 1607 duos
1249 1541 1385 1605 lamminis
1412 1547 1514 1606 status
1541 1543 1632 1606 ualde
1653 1543 1790 1629 ilienses
1806 1566 1975 1625 perperam
1996 1548 2124 1628 corisum-

115 1630 243 1695 cultetes
264 1649 328 1709 pua
349 1629 430 1693 dael
451 1630 631 1709 symmetria
659 1628 740 1692 iuter
762 1650 794 1693 se
815 1650 877 1693 non
898 1628 1094 1692 maseatiaut.
1146 1629 1230 1692 daut.
1275 1624 1331 1691 Sic
1360 1649 1437 1710 ergo
1467 1628 1658 1692 habeamus:
1689 1629 1820 1694 subesse
1851 1630 1932 1695 duas
1960 1632 2123 1699 humanae

118 1714 281 1780 Caeterum
307 1715 345 1779 de
369 1714 449 1795 ipsis
467 1714 668 1794 facultatibus
690 1714 836 1779 subtilius
852 1715 1006 1780 disserere
1021 1712 1095 1792 pbi-
1147 1714 1275 1778 animae
1293 1721 1412 1795 partes,
1432 1735 1515 1795 quae
1537 1712 1668 1795 quidem
1690 1717 1853 1798 praesenti
1875 1717 2025 1782 instituto
2047 1741 2123 1784 con-

115 1801 252 1882 lescpbis
264 1801 427 1881 permitt03
447 1800 534 1865 nobis
552 1801 594 1864 ed
611 1799 841 1880 aedificandam
856 1802 1004 1880 pietatem
1020 1800 1095 1864 sier·
1146 1801 1290 1876 veniant,
1313 1798 1516 1863 intellectum
1538 1807 1571 1864 et
1592 1800 1803 1866 voluntatem.
1849 1799 1902 1867 Sit
1924 1810 2033 1867 autom
2052 1806 2123 1869 offi-

110 1888 188 1970 plea
209 1887 348 1967 definitio
364 1886 505 1967 sufficiet.
544 1885 625 1951 Vera
646 1886 770 1966 quidem
791 1907 864 1962 esse,
887 1905 940 1949 nec
956 1886 1095 1950 incurata
1147 1886 1234 1950 oium
1264 1884 1463 1962 intellectus,
1504 1887 1591 1950 inter
1629 1886 1753 1951 obieeta
1786 1888 1985 1968 discernere,
2026 1897 2124 1972 prout

115 1973 204 2037 modo
225 1973 360 2055 copraitu,
388 1972 442 2036 secl
470 1973 564 2034 etiam
592 1972 686 2036 utilia
707 1992 771 2037 esse
791 1974 904 2053 fateor,
932 1972 1095 2052 dextraque
1146 1970 1399 2058 unumquodque
1427 1971 1629 2054 probandum
1658 1984 1715 2036 aut
1740 1974 1990 2055 improbandum
2012 1977 2123 2040 visum

115 2060 154 2124 ab
175 2059 244 2123 illis
265 2058 385 2123 collecta
406 2078 485 2137 quae
506 2058 625 2137 decerit·
645 2078 698 2122 nec
719 2079 789 2123 uero
812 2058 850 2122 ab
868 2078 973 2122 eorum
990 2059 1094 2122 studio
1146 2058 1259 2135 fuerit3
1286 2057 1464 2122 voluntatis
1490 2065 1617 2136 autem,
1646 2058 1766 2141 eligere
1790 2067 1822 2123 et
1845 2062 1936 2143 sequi
1958 2060 2043 2142 quod
2064 2061 2122 2127 ho-

110 2144 273 2226 probibec,
306 2145 361 2225 qui
396 2144 535 2208 discendi
568 2144 674 2224 cupidi
705 2149 784 2207 sunt.
828 2144 969 2207 Admitto
996 2145 1095 2227 ipilur
1147 2164 1227 2206 num
1248 2142 1635 2223 intellectusdictaverit;
1658 2146 1825 2226 aspernari
1848 2147 2014 2229 aufugere
2036 2147 2122 2229 quod

114 2232 221 2315 primo
249 2230 319 2295 loco
346 2250 417 2294 esse
444 2230 587 2311 quinque
615 2250 744 2307 sensus,
773 2251 853 2312 quos
880 2239 991 2293 tamen
1015 2230 1094 2294 Pla·
1146 2228 1201 2292 ille
1233 2229 1434 2311 improbarit.
1450 2230 1475 2313 ¹)
1518 2229 1608 2293 Nihil
1646 2230 1698 2294 hie
1731 2253 1790 2296 nos
1818 2242 2025 2296 remorentur
2046 2233 2122 2298 illae

115 2317 185 2380 toni
198 2315 222 2399 ¹)
244 2336 367 2399 organa
383 2317 489 2398 magis
507 2317 617 2380 vocari
634 2315 750 2398 placet,
774 2316 890 2398 quibus
905 2316 941 2379 in
959 2336 1093 2380 sensum
1146 2314 1333 2379 Aristotehs
1354 2315 1529 2393 minutiae,
1552 2315 1680 2379 nullam
1700 2338 1770 2382 esse
1792 2319 1896 2381 menti
1917 2339 1976 2400 per
1997 2341 2031 2383 se
2053 2340 2123 2384 mo-

116 2423 338 2479 communem,
366 2423 426 2467 ceu
446 2402 482 2465 in
503 2401 745 2484 receptaculum
768 2401 944 2484 quoddam,
968 2401 1094 2466 obiecta
1146 2402 1283 2478 tionem,
1317 2400 1375 2464 sed
1407 2401 1598 2466 electionem
1631 2424 1702 2466 esse
1728 2425 1811 2484 quae
1843 2416 1974 2469 moveat
1981 2429 1988 2483 3
2023 2426 2123 2487 quam

116 2489 227 2553 omnia
247 2488 462 2566 instillentur;
490 2488 582 2570 sequi
603 2487 824 2570 phantasiam,
849 2509 932 2570 quae
954 2509 974 2551 a
996 2509 1094 2552 sensu
1146 2486 1284 2551 eandem
1306 2495 1475 2569 nuncupat
1496 2486 1698 2552 intellectum
1720 2490 1944 2572 appetitivum.
1990 2490 2040 2554 Ne
2067 2513 2123 2556 su·

116 2575 281 2641 communi
313 2574 519 2656 apprehensa
557 2572 731 2650 diiudicet3
771 2580 886 2656 postca
922 2574 1092 2652 rationem,
1145 2573 1279 2654 pertluis
1301 2571 1546 2654 quaestionibus
1567 2574 1767 2653 intricamur,
1792 2577 1870 2641 satis
1892 2577 1935 2639 sit
1956 2577 2050 2640 nobis
2072 2578 2123 2640 in·

40 2740 44 2745 ,
115 2682 215 2744 penes
237 2680 335 2741 quam
356 2659 543 2725 universale
565 2667 615 2723 est
630 2659 785 2724 iudicium
792 2684 800 2738 ;
822 2669 984 2741 postremo
1001 2680 1093 2723 men·
1145 2659 1312 2723 tellectum
1329 2680 1399 2723 esee
1416 2659 1509 2741 quasi
1527 2660 1656 2724 animae
1674 2659 1789 2725 ducem
1810 2671 1842 2725 et
1855 2661 2122 2744 gubernatorem

115 2757 198 2824 tem,
240 2767 324 2828 quae
357 2745 464 2811 defixo
497 2746 669 2827 quieteque
701 2746 823 2810 intuitu
855 2745 1094 2828 contempletur
1145 2745 1347 2810 voluntatem
1368 2745 1403 2807 in
1426 2744 1514 2809 illins
1536 2752 1654 2809 nutum
1675 2768 1804 2830 semper
1825 2749 1993 2830 respicere,
2017 2756 2051 2811 et
2072 2748 2122 2812 iu·

115 2854 199 2916 qnae
219 2833 303 2896 ratio
325 2830 537 2897 discurrendo
555 2831 703 2896 volutare
720 2831 851 2915 solet.²)
877 2832 963 2896 Item
980 2831 1092 2908 menti,
1146 2830 1267 2895 dicium
1294 2831 1331 2893 in
1358 2829 1426 2895 suis
1453 2829 1620 2896 desideriis
1652 2840 1848 2913 exspectare.
1895 2832 1969 2913 Qua
1995 2835 2121 2899 ratione

115 2919 248 2998 rationi,
270 2919 479 3001 phantasiae,
506 2916 614 2981 tribus
636 2918 764 2983 animae
785 2918 994 2984 facultatibus
1016 2937 1093 2999 cog·
1145 2937 1222 2980 vere
1248 2915 1385 2980 tradidit
1409 2916 1480 2999 ipse
1506 2916 1593 2981 idem
1621 2918 1861 3002 Aristoteles,²)
1895 2920 1999 2983 simile
2026 2919 2121 3002 quid·

114 3006 227 3071 nitivis
270 3013 337 3069 tres
369 3005 469 3070 etiam
502 3003 698 3087 appetitivas
729 3003 942 3086 respondere:
976 3004 1092 3070 volun·
1146 3000 1222 3066 dam
1259 3023 1329 3066 esse
1366 3002 1402 3065 in
1435 3004 1581 3085 appetitu
1611 3003 1724 3086 fugam
1763 3012 1796 3068 et
1827 3006 2120 3087 persequutionem,

114 3100 230 3169 tatem,
260 3091 354 3156 euius
380 3097 491 3174 partes
511 3090 603 3167 sint,
638 3111 721 3173 quae
744 3111 838 3155 meus
858 3096 891 3154 et
912 3091 996 3154 ratio
1018 3110 1093 3172 pro·
1145 3088 1240 3169 quale
1267 3096 1318 3152 est
1343 3089 1379 3151 in
1408 3097 1519 3152 mente
1549 3089 1721 3153 affirmatio
1750 3099 1807 3154 aut
1833 3093 1971 3174 negatio.
2015 3091 2121 3156 Porro

114 3184 249 3261 ponunt,
271 3183 438 3259 appetere;
467 3176 537 3258 rim
558 3175 734 3254 nascendi,
763 3197 846 3257 quac
869 3197 889 3238 a
910 3177 1037 3240 ratione
1059 3182 1093 3238 et
1145 3195 1244 3255 quam
1271 3181 1361 3238 certa
1381 3196 1470 3239 nnnc
1492 3174 1536 3239 sit
1557 3174 1599 3238 ad
1622 3175 1825 3259 dirigendam
1846 3178 2049 3242 voluntatem
2070 3179 2122 3242 in·

113 3263 287 3347 phantasia
304 3269 452 3344 porrecta
469 3261 621 3345 arripiat;
643 3262 713 3326 vim
729 3262 986 3345 concupiscendi,
1009 3281 1092 3345 quae
1145 3259 1294 3324 tellectus
1316 3258 1522 3342 gubernatio,
1554 3262 1633 3326 alibi
1654 3261 1826 3327 videbitur.
1871 3263 1937 3328 Hie
1962 3262 2124 3328 duntaxat

33 3410 38 3422 ,
114 3371 135 3414 a
154 3349 329 3434 phantasia
350 3370 511 3431 sensuque
533 3348 658 3413 obiecta
680 3347 912 3430 apprehendat.
946 3347 1038 3414 Haeo
1055 3353 1094 3411 ut
1145 3345 1784 3430 volumus,nnllamreperi1ipossein
1801 3349 1911 3414 anima
1930 3350 2120 3431 potentiam,

114 3456 194 3501 vera
221 3435 304 3510 sint,
338 3444 395 3497 aut
426 3433 543 3499 saltem
572 3433 768 3517 probabilia,
797 3435 953 3516 quoniam
980 3442 1092 3498 tamen
1144 3453 1228 3513 quae
1256 3452 1323 3496 non
1351 3434 1413 3496 rite
1443 3431 1485 3496 ad
1513 3432 1708 3497 alterutrum
1735 3434 1874 3498 istorum
1899 3436 2122 3501 membrorum

113 3541 232 3587 vereor
253 3540 294 3583 ne
315 3520 420 3601 magis
437 3541 497 3585 nos
515 3541 575 3585 sua
592 3519 789 3586 obscuritate
807 3519 977 3585 involvant
993 3540 1092 3602 quam
1144 3518 1312 3582 referatur.
1357 3518 1460 3599 Atque
1491 3519 1551 3583 hoo
1583 3518 1680 3583 modo
1707 3540 1840 3585 sensum
1866 3521 1926 3586 sub
1953 3521 2122 3587 intellectu

113 3609 245 3683 iuvent,
278 3605 459 3669 omittenda
486 3626 609 3671 censeo.
654 3603 693 3671 Si
721 3607 772 3672 cui
801 3605 881 3671 libet
908 3606 971 3670 alio
995 3605 1092 3671 modo
1144 3603 1464 3686 comprehendimus:
1498 3606 1595 3687 quem
1622 3604 1678 3668 alii
1706 3606 1752 3670 sie
1781 3605 2001 3691 distinguunt,
2036 3606 2122 3690 quod

114 3694 244 3758 animae
272 3692 433 3772 potentias
456 3690 666 3769 distribuere,
695 3698 732 3756 ut
757 3691 860 3756 altera
880 3705 1014 3757 vocetur
1035 3714 1092 3775 ap-
1145 3711 1278 3755 sensum
1301 3690 1342 3754 ad
1364 3690 1565 3772 voluptatem
1592 3689 1796 3774 propendere
1818 3692 1947 3769 dicum,
1976 3714 2034 3776 pro
2057 3714 2122 3774 qua

114 3779 260 3862 petitiva,
282 3777 517 3860 quaetametsi
538 3778 676 3843 rationis
693 3799 820 3861 expers,
844 3778 963 3842 rationi
981 3785 1091 3843 tamen
1143 3775 1329 3841 intellectus
1350 3777 1472 3841 bonum
1494 3787 1657 3859 sequatur.
1702 3777 1785 3842 Inde
1807 3780 1879 3842 fieri
1901 3788 1939 3842 ut
1961 3779 2120 3862 appetitio

113 3866 332 3946 obtemperat,
357 3863 384 3926 si
407 3861 538 3925 aliunde
560 3861 733 3948 dirigatur3
762 3864 866 3928 :altera
891 3863 1019 3929 dicatur
1041 3865 1091 3927 in-
1144 3883 1274 3939 sensus,
1303 3863 1563 3944 concupiscentia
1590 3863 1648 3926 fiat
1675 3870 1708 3926 et
1728 3863 1844 3941 hbido;
1873 3864 2000 3928 affectio
2022 3864 2121 3929 intel-
2210 3866 2212 3871 '

114 3951 293 4027 tellectiva,
323 3970 408 4031 quae
437 3948 480 4012 sit
500 3969 559 4030 per
580 3970 614 4012 se
637 3953 741 4031 ipsam
763 3950 891 4015 ratione
913 3951 1091 4033 particeps:
1144 3946 1262 4025 lectus,
1296 3947 1456 4014 voluntas.
1508 3948 1658 4013 Rursum
1687 3971 1747 4031 pro
1782 3950 1945 4032 appetitus
1978 3952 2120 4030 nomine,

114 4058 180 4101 uon
202 4035 298 4100 valde
320 4035 471 4100 reclamo.
515 4033 584 4099 Nec
603 4035 693 4099 istud
713 4037 862 4101 refellere
884 4037 997 4114 velim,
1028 4036 1092 4100 tria
1143 4032 1230 4114 quod
1252 4033 1300 4097 illi
1322 4033 1464 4112 malunt,
1491 4033 1671 4100 voluntatis
1696 4056 1830 4113 nomen,
1861 4035 1947 4118 quod
1968 4037 2121 4102 usitatius

113 4143 185 4187 esse
218 4120 336 4205 agendi
361 4120 536 4204 principia,
567 4141 714 4198 sensum,
742 4120 962 4200 intellectum,
991 4143 1090 4204 appe·
1144 4126 1202 4198 est,
1225 4140 1355 4201 usurpo.

114 4209 220 4273 titum.
266 4207 334 4273 Sed
362 4229 422 4273 nos
454 4205 648 4271 divisionem
679 4207 785 4288 potius
813 4208 973 4292 eligamus
1005 4208 1091 4272 infra
1230 4210 1259 4270 8.
1304 4205 1391 4289 Erpa
1411 4207 1555 4270 animam
1576 4204 1712 4270 lmrnims
1733 4205 1823 4271 Deus
1840 4212 1937 4272 aurate
1958 4209 2118 4286 instrepit,

113 4295 260 4358 omnium
281 4301 414 4376 captum
442 4295 595 4376 positam,
625 4313 708 4373 quae
734 4301 821 4358 certe
848 4293 1090 4377 aphilosophis
1143 4311 1207 4372 qua
1228 4290 1339 4355 bouum
1361 4314 1382 4356 a
1403 4292 1500 4370 mab,
1523 4292 1642 4355 iustum
1664 4291 1703 4356 ab
1724 4294 1842 4357 irainstc
1864 4293 2059 4371 discerneret,
2082 4312 2120 4358 ac

114 4381 181 4463 peti
208 4401 275 4444 non
294 4387 409 4462 potest.
454 4379 540 4443 Nam
567 4378 616 4442 illi
644 4376 722 4441 dum
743 4379 980 4462 simplicissime
1002 4380 1090 4463 loqui
1143 4377 1221 4456 quad
1239 4377 1428 4457 sequendum
1450 4379 1497 4442 cel
1516 4378 1701 4459 supiendum
1724 4379 1777 4456 sit,
1797 4385 1965 4460 praearnte
1984 4379 2120 4443 rationis

113 4467 244 4544 volunt,
272 4466 416 4530 animam
445 4463 598 4529 dividunt
624 4464 659 4526 in
682 4465 862 4545 appetitum
888 4474 922 4530 et
942 4466 1090 4531 intellecss
1144 4463 1209 4527 luce
1236 4464 1358 4528 uideret.
1416 4463 1502 4528 Unde
1523 4469 1649 4545 partem
1676 4464 1756 4529 bam
1783 4466 1973 4529 directricem
2000 4461 2032 4525 rb
2056 4461 2118 4543 ἤγε-

114 4561 200 4630 tum,
230 4551 286 4617 sed
315 4560 490 4633 utrumque
517 4551 642 4616 faciunt
665 4548 874 4634 duplicem.⁸)
918 4552 1017 4618 Hunc
1030 4553 1089 4629 in-
1142 4546 1266 4629 peranda
1298 4550 1446 4613 dicerunt
1471 4549 1659 4631 pbibasopbi.
1714 4549 1801 4613 Huic
1833 4549 1982 4613 mliunaii
2012 4550 2120 4614 colun

114 4638 246 4705 tardum
272 4637 563 4720 contemplativum
591 4657 661 4701 esse
684 4635 812 4714 dicunt,
841 4637 897 4718 qui
924 4637 993 4702 sola
1015 4659 1090 4722 eog-
1142 4640 1251 4713 tatem
1267 4655 1365 4716 penes
1381 4655 1477 4715 quam
1497 4641 1541 4700 est
1563 4636 1672 4700 electio.
1716 4635 1782 4699 His
1796 4635 1976 4715 praeclaris
1997 4635 2120 4701 dama
2227 4716 2230 4721 .

115 4723 240 4791 uitione
272 4731 460 4810 contentus,
491 4722 621 4787 nullum
649 4722 787 4787 actionis
815 4731 940 4786 motum
972 4723 1091 4788 habeat
1142 4722 1286 4787 excelluit
1296 4722 1409 4802 prima
1425 4721 1560 4786 bominis
1577 4718 1717 4798 conditio,
1739 4725 1774 4783 ut
1789 4721 1881 4799 ratio,
1904 4721 2118 4805 intellipeutia,

115 4808 230 4894 (qnam
246 4831 317 4875 rem
333 4809 457 4894 ingenii
475 4808 606 4874 nomine
624 4808 789 4892 designari
808 4816 902 4890 putat
918 4807 1090 4894 Cicero),⁴)
1137 4809 1318 4890 perdentia,
1330 4807 1499 4884 iudicium,
1518 4829 1580 4872 nen
1597 4807 1686 4871 niodo
1703 4806 1746 4871 ad
1762 4812 1899 4871 terrenae
1915 4808 1997 4873 uitae
2011 4809 2120 4892 puber-

1142 4895 1298 4959 naticnem
1315 4899 1514 4976 suppeterent,
1536 4893 1590 4958 sed
1608 4894 1722 4973 quibus
1737 4895 2001 4959 transscerulereut
2022 4915 2119 4976 nsque

115 5002 320 5011 ---
1143 4981 1186 5044 ad
1201 4979 1306 5045 Deum
1327 4986 1354 5044 et
1376 4985 1532 5045 marram
1552 4979 1739 5060 salutatem.
1766 4979 1897 5059 Deinde,
1920 4987 1955 5045 ut
1968 4981 2120 5046 accederet

185 5120 264 5186 1)1n
283 5118 438 5171 Theaeteto.
509 5116 539 5184 2)
557 5119 642 5170 Arist.
661 5119 722 5171 libr.
735 5115 759 5170 1.
769 5114 858 5170 Ethic.
871 5134 928 5186 cap.
943 5118 990 5169 ult.
1019 5118 1089 5170 Item
1143 5156 1148 5160 -
1197 5156 1201 5159 ι
1244 5157 1257 5160 -
1295 5156 1342 5161 --

116 5189 175 5241 libr.
195 5188 219 5242 6.
238 5206 260 5242 e.
279 5186 303 5240 2.
380 5185 411 5253 3)
432 5187 562 5241 Themist.
588 5189 616 5239 iu
639 5188 699 5240 libr.
716 5185 740 5239 3.
760 5187 793 5239 de
811 5187 912 5240 Anima
930 5204 952 5239 c.
970 5184 1012 5238 49.
1049 5186 1088 5239 De

116 5258 216 5326 duplici
234 5257 380 5310 intellectu
448 5254 480 5324 4)
497 5257 539 5310 De
556 5257 601 5309 lin.
620 5257 681 5309 libr.
699 5253 724 5319 b,
743 5253 783 5308 13.
1213 5254 1596 5320 1)1taP1atoinPhaedr0.
1667 5256 1696 5321 2)
1715 5257 1788 5308 Lihr.
1808 5256 1895 5307 Ethic.
1914 5254 1937 5307 6.
1957 5271 1977 5306 e.
1996 5254 2020 5306 2.
