4672 5842
127 266 207 371 suf
307 306 451 372 furo.
473 304 538 372 111.
581 304 646 371 nn
668 302 805 373 nouo
827 304 1176 372 rnnommuusn
1199 304 1390 372 onerem
1412 306 1631 373 cuturn.
1676 283 1776 374 cnr.
1798 306 1897 374 xm.
2075 314 2139 376 ers

128 497 239 573 nium,
267 493 431 559 delibero
453 494 609 559 feriarum
631 497 837 575 vestiumque
859 515 936 571 usu,
963 502 996 558 et
1017 495 1107 559 simi-
1160 494 1288 559 datori?
1333 494 1493 560 Videmus
1515 497 1551 560 in
1572 517 1715 575 summa,
1743 517 1900 579 quorsum
1922 498 2003 563 haec
2025 500 2139 566 tendat

127 582 229 660 libus,
262 590 300 645 nt
326 581 392 646 illie
417 579 549 665 quidem
575 579 722 657 videtur,
756 579 882 644 frivolis
909 582 1022 663 nugis;
1051 580 1108 644 sed
1160 580 1302 655 libertas,
1321 601 1439 662 nempe
1456 589 1495 644 ut
1510 582 1575 646 Dei
1593 581 1794 646 donisnullo
1812 584 2029 648 conscientiae
2047 607 2138 650 scru-

127 669 202 752 plne
223 666 295 732 istis
316 668 404 731 inest
422 667 581 730 momenti
599 687 699 747 quam
716 666 815 749 vulgo
833 664 984 730 creditur.
1021 665 1109 730 Nam
1160 667 1253 750 pulo,
1281 667 1373 730 nulle
1399 667 1499 730 animi
1527 668 1773 749 perturbatione
1800 675 1946 745 utamur,
1976 670 2011 733 in
2039 692 2138 753 quem

126 755 184 820 ubi
211 753 314 818 semel
340 774 376 818 se
402 754 438 817 in
466 752 619 834 laqueum
646 752 855 817 coniecerunt
881 752 1107 831 conscientiae,
1159 772 1257 817 usum
1274 753 1369 817 nobis
1388 752 1516 834 abipso
1534 751 1720 833 datasunt;
1743 775 1807 836 qua
1828 754 1949 819 fiducia
1971 762 2004 820 et
2024 779 2138 838 paoem

127 842 265 924 longum
283 850 316 902 et
332 838 594 903 inextricabilem
616 837 844 922 labyrinthum
865 837 1106 922 ingrediuntur,
1160 860 1235 904 cum
1256 859 1294 902 eo
1316 837 1460 902 habeant
1486 839 1615 903 animae
1637 848 1782 916 nostrae,
1817 850 1850 904 et
1876 842 1946 904 eius
1974 863 2053 925 erga
2079 863 2138 909 uos

126 925 218 990 unde
243 945 312 988 nou
339 925 444 990 facilis
472 933 583 1005 postea
611 925 719 988 exitus
745 932 845 1005 patet.
891 922 1024 1006 Siquis
1047 923 1107 987 du·
1159 924 1346 1006 largitatem
1375 932 1564 1006 agnoscant
1609 924 1674 989 Hic
1702 926 1790 990 enim
1817 927 2138 1008 comprehenduntur

126 1013 232 1078 bitarc
248 1011 416 1092 inceperit,
439 1032 482 1073 an
505 1008 566 1074 sibi
587 1011 623 1072 in
642 1010 762 1088 linteis,
785 1008 933 1085 indusiis,
956 1009 1106 1087 sudariis,
1160 1030 1273 1074 omnes
1305 1009 1426 1073 liberae
1459 1010 1697 1075 observationis
1728 1013 1966 1090 caeremoniae,
1999 1035 2041 1078 ne
2073 1035 2138 1096 qua

127 1097 335 1172 mantilibus,
368 1096 435 1160 lino
465 1095 515 1159 uti
545 1095 655 1174 liceat,
690 1117 749 1160 nec
776 1094 817 1158 de
844 1095 967 1160 canabe
995 1105 1108 1176 postea
1160 1097 1353 1161 necessitate
1381 1094 1501 1159 adeas
1526 1096 1746 1162 observandas
1774 1099 1990 1163 conscientiae
2018 1101 2137 1165 astriu-
2241 1172 2244 1177 ,
2276 1107 2279 1119 ’

128 1203 262 1249 securus
285 1184 362 1260 erit,
393 1181 526 1246 tandem
548 1180 643 1245 etde
665 1182 769 1262 stupis
792 1180 915 1246 incidet
937 1179 1105 1245 dubitatio.
1160 1189 1291 1265 gantur,
1314 1180 1370 1246 sed
1394 1201 1623 1247 carumusum
1641 1181 1706 1247 Dei
1723 1184 1879 1248 beneficio
1902 1182 1963 1248 sibi
1986 1185 2027 1248 ad
2049 1186 2138 1250 aedi·

128 1267 251 1335 Secum
274 1267 363 1331 enim
384 1267 553 1343 volutabit,
580 1287 690 1331 annon
718 1268 788 1330 siue
815 1267 1007 1332 mantilibus
1035 1288 1107 1331 coo-
1159 1267 1345 1331 ficationem
1366 1267 1549 1346 subiectum
1571 1288 1641 1331 esse
1662 1269 1880 1332 meminerint.

127 1376 209 1420 nare
238 1355 355 1437 possit,
388 1374 497 1418 annon
525 1353 665 1417 sudariis
693 1372 812 1417 carere.
858 1351 897 1417 Si
924 1353 977 1417 cui
1008 1352 1109 1435 paulo
1247 1357 1274 1416 9.
1319 1354 1382 1417 Est
1404 1360 1512 1417 autem
1535 1352 1709 1436 diligenter
1731 1353 1984 1431 observandum,
2006 1357 2138 1422 christi-

23 1456 26 1461 ’
129 1441 296 1506 delicatior
328 1440 420 1504 cibus
455 1438 589 1503 illicitus
616 1439 707 1504 visus
735 1439 847 1516 fuerit,
882 1438 1013 1502 demum
1046 1459 1108 1503 nec
1160 1459 1259 1503 anam
1280 1438 1466 1503 libertatem
1492 1439 1645 1503 omnibus
1672 1440 1741 1505 suis
1769 1439 1916 1521 partibus
1944 1462 2014 1523 rem
2043 1445 2138 1525 spiri·

128 1528 289 1592 cibarium
306 1546 426 1607 panem
440 1545 477 1590 ac
496 1524 646 1607 vulgaria
663 1524 772 1588 eduha
787 1524 985 1606 tranquillus
997 1545 1108 1589 coram
1160 1525 1282 1588 tualem
1305 1545 1391 1603 esse;
1413 1525 1505 1587 cuius
1523 1533 1591 1588 tota
1609 1526 1711 1588 visin
1731 1525 1949 1590 formidolosis
1971 1531 2138 1593 conscicn-

127 1614 201 1678 Deo
224 1611 384 1677 comedet:
415 1611 494 1675 dum
520 1611 555 1674 in
577 1618 721 1674 mentem
744 1610 847 1688 venit,
877 1631 912 1674 se
938 1610 1108 1675 vilioribus
1161 1610 1216 1675 tiis
1238 1630 1348 1675 coram
1368 1610 1440 1674 Deo
1462 1609 1672 1691 pacificandis
1694 1612 1800 1693 posita
1821 1612 1880 1688 sit,
1908 1613 1977 1677 sive
2000 1612 2039 1678 de
2061 1636 2136 1696 pec-

128 1698 237 1764 adhuo
259 1696 339 1763 cibis
360 1717 456 1781 posse
479 1717 597 1779 corpus
617 1703 810 1761 sustentare.
848 1693 887 1760 Si
909 1698 944 1759 in
966 1696 1109 1760 suaviori
1160 1705 1308 1760 catorum
1330 1696 1524 1760 remissione
1544 1696 1709 1778 inquietae
1731 1698 1798 1762 sint
1820 1718 1857 1762 ao
1879 1698 2045 1778 sollicitae,
2068 1702 2137 1766 sive

127 1785 205 1850 vino
235 1783 462 1860 haesitaverit,
496 1781 614 1846 deinde
647 1801 708 1846 uec
741 1804 883 1865 vappam
914 1802 989 1846 cum
1023 1782 1109 1846 bona
1160 1781 1279 1846 anxiae
1302 1782 1376 1858 sint,
1395 1788 1508 1845 utrum
1531 1801 1631 1863 opera
1651 1782 1841 1864 imperfecta
1863 1793 1896 1847 et
1918 1785 2007 1849 vitiis
2029 1786 2137 1852 carnis

128 1870 347 1936 conscientiae
379 1889 460 1950 pace
490 1867 592 1944 bibet;
631 1879 795 1949 postremo
830 1888 892 1932 nec
930 1867 1108 1933 dulciorem
1160 1877 1293 1931 nostrae
1314 1868 1487 1949 inquinata
1507 1867 1579 1931 Deo
1607 1867 1771 1948 placeant,
1800 1870 1869 1934 sive
1892 1869 1932 1934 de
1954 1891 2064 1935 rerum
2085 1872 2137 1936 iu-

128 1955 399 2037 mnndioremque
428 1953 501 2018 aliis
530 1974 649 2035 aquam
671 1955 834 2037 attingere
855 1953 995 2018 audebit.
1040 1954 1108 2018 De·
1161 1953 1383 2018 differentium
1411 1974 1473 2016 usu
1501 1960 1724 2034 torqueantur.
1770 1953 1881 2034 Quare
1908 1976 2060 2037 perverse
2085 1959 2137 2021 in·

127 2043 228 2124 nique
250 2062 288 2106 eo
306 2040 438 2105 demum
460 2040 580 2116 veniet,
600 2047 639 2102 ut
656 2060 753 2121 super
770 2051 1002 2117 transversam,
1019 2040 1108 2122 quod
1161 2047 1395 2122 terpretantur,
1417 2037 1471 2102 vel
1493 2039 1549 2120 qui
1571 2039 1640 2104 suis
1662 2061 1703 2104 ou
1728 2039 1896 2105 iditatibus
1918 2043 2023 2124 ipsam
2042 2064 2137 2125 prae-

128 2128 263 2206 dicitur,
286 2127 446 2210 festucam
472 2124 623 2190 incedere
651 2125 743 2189 nefas
771 2125 877 2190 ducat.
922 2125 998 2189 Non
1020 2126 1107 2190 enim
1160 2132 1288 2202 texunt,
1311 2134 1350 2188 ut
1371 2123 1465 2189 bouis
1485 2125 1550 2188 Dei
1573 2124 1667 2190 donis
1688 2062 1867 2191 ahutantur
1888 2128 1925 2191 in
1946 2149 2040 2192 suam
2061 2129 2136 2197 libi·

125 2215 182 2280 hic
198 2214 272 2279 leve
292 2220 458 2278 certamen
477 2210 664 2287 inchoatum
687 2211 743 2275 sed
762 2210 824 2276 hoc
842 2212 1106 2288 controvertitur,
1160 2210 1288 2289 diuem;
1313 2211 1366 2275 vel
1395 2211 1451 2293 qui
1479 2210 1607 2274 nullam
1628 2233 1699 2276 esse
1720 2219 1838 2294 putant
1859 2215 1925 2277 nisi
1946 2234 2054 2279 eoram
2077 2215 2137 2280 ho·

126 2322 169 2365 au
192 2300 246 2363 his
269 2306 328 2364 aut
347 2298 413 2362 illis
435 2320 495 2362 nos
517 2298 567 2361 uti
588 2297 680 2361 Deus
709 2296 803 2373 velit,
833 2297 927 2362 cuius
954 2297 1107 2362 voluntas
1158 2298 1303 2361 minibus
1331 2304 1539 2378 usurpatam,
1570 2296 1704 2378 ideoque
1733 2300 1768 2362 in
1796 2320 1836 2362 ea
1862 2299 1985 2364 utenda
2011 2301 2137 2365 nullam

127 2385 272 2450 consiliis
303 2384 424 2448 nostris
452 2379 494 2449 ac'
518 2383 611 2447 factm
646 2383 797 2448 omnibus
835 2384 963 2465 praeire
1002 2383 1105 2449 debet.
1158 2384 1366 2447 infirmorum
1383 2382 1524 2447 fnitrum
1541 2383 1703 2447 rationem
1721 2384 1854 2449 habent.
1885 2386 1999 2450 Primo
2016 2407 2137 2470 genere

127 2471 218 2535 Hinc
241 2471 319 2534 alios
343 2470 569 2552 desperatione
596 2470 630 2531 in
658 2469 825 2533 confusam
853 2471 1032 2551 voraginem
1049 2471 1108 2534 ab·
1157 2470 1316 2532 maiorem
1341 2469 1376 2532 in
1403 2468 1537 2532 modum
1564 2468 1625 2533 hoc
1653 2470 1782 2535 saeculo
1810 2479 1971 2552 peccatur.
2017 2471 2137 2551 Nullus

127 2557 190 2638 ripi
224 2576 354 2621 necesse
388 2567 452 2632 est,
488 2555 568 2620 alios
602 2564 787 2637 contempto
816 2555 888 2619 Deo
918 2562 952 2618 et
981 2555 1107 2620 abiecto
1157 2556 1226 2619 fere
1259 2563 1309 2618 est
1341 2555 1393 2619 cui
1425 2563 1616 2635 sumptuoso
1644 2575 1715 2621 esse
1743 2578 1803 2639 per
1829 2556 2001 2622 facultates
2030 2558 2136 2638 liceat,

126 2643 197 2708 eius
216 2644 342 2720 timore,
364 2643 454 2706 viam
472 2641 533 2706 sibi
555 2640 653 2704 ruina
670 2641 784 2717 facere,
804 2661 901 2722 quam
919 2640 1108 2722 expeditam
1158 2662 1255 2723 quem
1276 2660 1344 2704 non
1365 2639 1511 2711 delectet,
1535 2641 1571 2703 in
1593 2659 1770 2705 coenarum
1793 2651 1967 2725 apparatu,
1990 2643 2025 2706 in
2047 2645 2138 2709 cultu

127 2750 193 2794 uon
212 2729 363 2794 habeant
408 2725 605 2808 Quicunque
628 2727 716 2791 enim
737 2726 795 2790 tali
819 2726 1022 2791 dubitatione
1043 2727 1106 2790 im·
1158 2727 1317 2808 corporis,
1345 2728 1378 2788 in
1405 2725 1614 2790 exstruendis
1640 2725 1789 2792 domibus
1816 2728 2005 2794 luxuriosus
2027 2729 2137 2812 splen·

126 2815 229 2898 pliciti
251 2814 342 2891 sunt,
361 2826 503 2896 'quoquo
526 2834 561 2876 se
582 2820 728 2890 vertant,
757 2818 961 2894 praesentem
984 2812 1106 2896 ubique
1159 2812 1231 2890 dor;
1265 2812 1321 2894 qui
1351 2832 1418 2875 non
1447 2812 1535 2875 omni
1563 2811 1768 2876 lautitiarum
1795 2835 1914 2897 genere
1942 2815 2028 2879 inter
2055 2815 2136 2882 alios

129 2901 345 2967 conscientiae
368 2899 582 2963 offensionem
601 2898 724 2963 vident
1158 2900 1302 2964 eminere
1325 2897 1418 2975 velit;
1449 2897 1504 2979 qui
1533 2917 1600 2960 non
1628 2898 1689 2962 sibi
1716 2898 1750 2962 in
1780 2920 1839 2963 suo
1867 2901 1972 2964 nitore
2000 2895 2136 2968 mirifice

212 2990 241 3051 8.
286 2984 377 3064 Scio,
410 2986 519 3068 inquit
551 2985 675 3049 Paulus
708 2984 818 3067 (Rom.
848 2989 896 3059 14,
928 2982 996 3068 14),
1029 2985 1107 3067 quia
1157 2983 1354 3049 blandintur.
1402 2982 1449 3048 Et
1477 2983 1557 3046 haec
1585 2984 1696 3048 omnia
1722 2986 1782 3050 sub
1812 2985 2009 3050 christianae
2038 2987 2136 3053 liber·

126 3074 209 3138 nihil
238 3092 410 3138 commune
440 3078 490 3136 est
512 3070 586 3154 (per
608 3091 795 3146 commuue,
825 3070 1001 3151 profanum
1023 3072 1106 3136 acci·
1158 3072 1236 3136 tatis
1257 3076 1430 3152 praetextu
1452 3068 1680 3133 defenduntur.
1725 3071 1831 3136 Aiunt
1859 3093 1912 3136 res
1940 3094 2011 3137 esse
2037 3072 2136 3136 indif-

32 3196 35 3204 ·
125 3159 243 3242 piens),
261 3159 325 3224 nisi
342 3158 397 3241 qui
415 3157 584 3221 existimat
605 3155 727 3239 aliquid
745 3176 925 3233 commune,
947 3156 997 3219 illi
1018 3177 1106 3221 com·
1157 3156 1307 3221 ferentes.
1351 3155 1487 3220 Fateor:
1515 3154 1613 3219 modo
1639 3155 1681 3220 iis
1708 3156 1935 3221 indifferenter
1961 3158 2035 3240 quis
2052 3166 2136 3224 utaf

125 3266 225 3309 mune
246 3252 304 3308 est
341 3241 470 3324 Quibus
492 3242 601 3307 verbis
624 3263 676 3307 res
698 3262 812 3307 omnes
831 3250 985 3307 externas
1007 3242 1106 3307 liber·
1157 3251 1221 3307 tur.
1267 3242 1443 3307 (laetorum
1472 3238 1528 3304 ubi
1559 3241 1659 3306 nimis
1688 3241 1803 3324 cupide
1831 3250 2045 3325 appetuntur,
2078 3244 2136 3309 ubi

126 3332 186 3394 tati
209 3338 341 3393 nostrae
363 3330 508 3406 subiicit;
535 3327 632 3393 modo
654 3330 726 3392 eius
746 3327 908 3393 libertatis
929 3329 1013 3393 ratio
1034 3329 1105 3393 aui·
1157 3328 1297 3411 superbe
1318 3328 1496 3403 iactantur,
1528 3327 1584 3392 uhi
1605 3326 1773 3393 luxuriose
1795 3328 2022 3408 effunduntur,
2050 3351 2136 3412 quae

125 3417 189 3479 mis
222 3416 343 3478 nostris
377 3414 463 3496 apud
494 3414 605 3478 Deum
640 3424 775 3478 constet
820 3414 948 3478 Verum
981 3414 1010 3479 si
1040 3435 1106 3496 qua
1156 3436 1216 3496 per
1238 3435 1273 3479 se
1294 3413 1384 3479 licita
1405 3412 1526 3494 alioqui
1547 3423 1651 3490 erant,
1676 3414 1728 3478 his
1751 3415 1840 3480 vitiis
1862 3414 1986 3479 foedari
2008 3423 2135 3481 certum

126 3499 353 3583 superstitiosa
380 3500 489 3581 opinio
517 3500 708 3582 sompnium
735 3498 827 3564 nobis
853 3500 993 3577 iniiciat,
1021 3520 1105 3582 quae
1157 3510 1215 3565 est.
1260 3500 1353 3563 Inter
1378 3521 1432 3563 res
1460 3497 1682 3565 indifferentes
1710 3501 1833 3583 optime
1855 3500 2030 3584 distinguit
2050 3499 2135 3567 illud

126 3592 244 3667 suapte
283 3598 402 3649 natura
439 3607 524 3668 pura
563 3593 659 3649 erant
697 3583 790 3650 nobis
829 3587 1104 3651 contaminantur.
1157 3586 1267 3651 Pauli:
1290 3585 1401 3660 omnia
1420 3583 1546 3648 munda
1562 3583 1708 3665 mundis3
1731 3587 1948 3670 coinquinatis
1969 3595 2080 3652 autem
2102 3593 2135 3651 et

127 3670 240 3753 Quare
263 3671 393 3735 subiicit
415 3670 460 3754 (v.
482 3675 531 3734 22.
553 3671 622 3753 23):
657 3672 787 3748 beatus,
813 3673 870 3755 qui
891 3692 959 3736 uon
981 3670 1106 3738 iudicat
1157 3669 1344 3737 infidelibus
1361 3670 1445 3735 nihil
1462 3670 1631 3747 mundum,
1655 3672 1785 3754 quando
1807 3673 1932 3754 polluta
1951 3682 2001 3737 est
2023 3695 2136 3737 eorum

126 3778 162 3822 se
189 3759 297 3840 ipsum
325 3758 361 3820 in
389 3778 426 3820 eo
454 3757 541 3838 quod
567 3756 698 3839 probat3
726 3764 762 3822 at
789 3759 845 3840 qui
873 3756 1046 3835 diiudicat,
1076 3759 1105 3823 si
1157 3779 1251 3822 mens
1278 3765 1312 3821 et
1336 3757 1535 3822 conscientia
1562 3757 1641 3834 (Tit.
1665 3765 1690 3836 l,
1714 3758 1777 3842 15).
1821 3757 1891 3823 Cur
1917 3758 2004 3821 enim
2033 3757 2135 3822 male-

127 3844 239 3921 ederit,
263 3841 500 3908 condemnatus
522 3852 580 3920 est,
609 3845 764 3926 quoniam
785 3865 852 3910 nou
873 3842 941 3907 edit
962 3864 1004 3907 ex
1025 3843 1104 3909 fide:
1158 3844 1313 3910 dicuntur
1345 3843 1478 3919 divites,
1513 3843 1570 3924 qui
1598 3843 1850 3907 consolationem
1878 3862 1973 3905 suam
2001 3843 2133 3921 habeut,

169 3951 224 3995 rro
254 3928 339 4012 quod
367 3949 434 3993 non
461 3936 579 3993 estex
608 3928 687 4008 fide,
716 3940 887 4013 peccatum
909 3936 967 3994 est.
1011 3929 1105 3994 Inter
1156 3931 1213 4012 qui
1235 3930 1375 3994 saturati
1397 3939 1485 4005 sunt,
1507 3931 1564 4009 qui
1585 3949 1674 3993 nunc
1697 3927 1813 4006 rident,
1836 3930 1891 4009 qui
1909 3926 2078 3993 dormiunt
2098 3930 2135 3993 in

126 3950 314 4080 hiriusmodi
336 4015 505 4098 angustias
529 4017 584 4096 qui
611 4016 721 4079 omnia
747 4036 860 4080 secure
889 4015 1104 4080 nihilominus
1156 4015 1249 4081 lectis
1276 4015 1443 4091 eburneis,
1471 4014 1526 4095 qui
1553 4015 1758 4096 coniungunt
1783 4034 1900 4097 agrum
1928 4034 2022 4097 agro,
2052 4035 2134 4097 quo-

127 4101 276 4166 audendo
311 4122 346 4166 se
378 4101 591 4166 animosiores
621 4101 813 4180 ostendunt,
841 4122 952 4167 nonne
972 4123 1008 4166 sc
1029 4109 1103 4165 tan-
1156 4124 1231 4166 rum
1249 4102 1400 4166 convivia
1421 4098 1591 4173 citharam,
1614 4098 1729 4182 lyram,
1753 4109 1950 4181 tympanum
1968 4107 2002 4164 et
2019 4102 2134 4167 vinum

127 4187 391 4252 tundemaDeo
409 4186 587 4250 avcrtrmt?
610 4187 761 4268 quivero
779 4188 887 4272 aliquo
904 4186 969 4251 Dei
986 4189 1104 4252 timore
1156 4188 1280 4253 habent
1300 4188 1398 4266 (Luc.
1417 4191 1446 4263 o,
1466 4189 1521 4260 24;
1544 4185 1618 4248 Am.
1640 4189 1668 4259 6,
1691 4189 1724 4262 l;
1746 4185 1808 4249 Ies.
1830 4190 1859 4262 5,
1878 4183 1935 4269 tt)⁴l
1980 4185 2079 4251 Certe
2101 4194 2134 4250 et

126 4274 257 4355 penitus
285 4273 487 4349 afficiuntur,
522 4292 624 4353 quum
654 4279 687 4335 et
719 4274 782 4355 ipsi
813 4283 972 4357 cogantur
999 4273 1104 4338 multa
1156 4273 1252 4349 ebur,
1280 4281 1315 4337 et
1343 4291 1476 4347 aurum,
1507 4279 1540 4334 et
1566 4268 1715 4347 divitiae,
1745 4268 1848 4335 bonae
1876 4271 1939 4335 Dei
1965 4279 2133 4336 creaturae

127 4358 300 4423 admittere
322 4364 495 4423 aversante
517 4359 729 4434 conscientia,
763 4358 935 4424 formidine
957 4367 1103 4425 conster-
1155 4366 1249 4435 sunt,
1281 4357 1453 4421 hominum
1480 4355 1592 4423 usibus
1623 4357 1804 4438 permissae
1831 4357 1898 4420 imo
1926 4357 1991 4420 Dei
2022 4357 2133 4438 provi-

127 4454 248 4508 nautur
271 4466 309 4510 ac
336 4443 520 4511 concidunt.
566 4442 700 4521 Omnes,
723 4452 880 4526 quotquot
900 4444 984 4510 tales
1016 4452 1102 4522 sunt,
1156 4445 1268 4508 dentia
1301 4442 1498 4521 destinatae;
1537 4463 1597 4506 neo
1631 4441 1754 4521 ridere,
1795 4449 1853 4505 aut
1885 4443 2041 4519 saturari,
2075 4451 2134 4507 ant

127 4529 209 4594 nihil
227 4530 387 4595 donorum
404 4531 470 4595 Dei
487 4531 653 4611 accipiunt
669 4550 743 4593 cum
764 4532 945 4613 gratiarum
966 4531 1102 4610 actione,
1155 4549 1257 4595 novas
1279 4529 1500 4611 possessiones
1518 4529 1684 4594 veteribus
1706 4536 1804 4611 atque
1824 4528 1922 4592 avitis
1942 4526 2131 4610 adiungere,

127 4636 191 4696 qua
225 4623 337 4681 tamen
372 4617 441 4681 sola
476 4616 569 4681 nobis
606 4617 717 4679 omnia
753 4618 787 4678 in
821 4637 919 4680 usum
952 4621 1104 4681 nostrum
1156 4625 1214 4682 aut
1240 4622 1401 4681 concentu
1430 4616 1555 4680 musico
1580 4615 1747 4694 delectari,
1782 4623 1840 4679 aut
1866 4615 1983 4677 vinum
2011 4612 2131 4693 bibere,

126 4703 322 4767 sanctificari
342 4711 483 4767 testatur
504 4701 630 4766 Paulus
653 4701 685 4785 (l
706 4702 789 4766 rim.
810 4707 839 4777 4,
860 4701 904 4783 5).
946 4700 1103 4786 Intelligc
1154 4722 1293 4784 usquam
1314 4700 1518 4783 prohibitum
1539 4711 1598 4765 est
1642 4701 1770 4766 Verum
1792 4699 1881 4765 istud
1903 4698 2051 4781 quidem,
2074 4699 2131 4764 sed

127 4795 238 4851 antem
260 4789 440 4871 gratiarum
463 4788 623 4853 actionem
646 4787 815 4852 exanimo
836 4786 1024 4869 profectam,
1047 4789 1103 4869 qui
1154 4787 1211 4853 ubi
1232 4808 1344 4852 rerum
1366 4786 1459 4868 copia
1480 4788 1634 4869 suppetit,
1657 4788 1693 4850 in
1716 4786 1840 4851 deliciis
1862 4785 2013 4863 volutari,
2037 4807 2074 4850 ac
2096 4806 2132 4850 se

126 4869 192 4935 Dei
206 4873 454 4939 beneficentiam
474 4881 509 4938 ot
525 4875 704 4939 bonitatem
721 4875 758 4938 in
779 4875 847 4939 suis
869 4871 963 4939 donis
984 4892 1101 4955 agnos·
1153 4873 1374 4957 ingurgitare,
1404 4880 1549 4935 mentem
1571 4879 1605 4934 et
1626 4874 1772 4935 animum
1793 4871 1957 4936 inebriare
1976 4891 2136 4953 praesen.

125 4963 186 5022 cat
243 4959 331 5024 Nam
368 4960 464 5025 multi
496 4960 629 5043 quidem
668 4980 783 5026 eorum
815 4960 880 5025 Dei
913 4958 999 5023 hona
1030 4977 1101 5024 esse
1154 4959 1243 5024 tibus
1269 4957 1508 5039 voluptatibus,
1534 4957 1693 5039 novisque
1720 4977 1851 5040 semper
1877 4957 2020 5037 iuhiare,
2049 4958 2131 5023 haec

124 5043 322 5128 intelligunt,
353 5045 473 5128 quibus
501 5052 654 5125 utuntur,
688 5055 723 5111 et
748 5047 857 5112 Deum
885 5046 921 5110 in
949 5044 1101 5126 operibus
1153 5066 1175 5110 a
1205 5045 1352 5129 legitimo
1386 5041 1548 5107 donorum
1579 5040 1645 5107 Dei
1679 5064 1742 5108 usu
1776 5042 1966 5128 longissime
2001 5042 2128 5126 absunt

125 5130 194 5195 suis
219 5131 371 5209 laudant;
402 5131 459 5198 sed
487 5151 589 5215 quum
617 5131 680 5198 sibi
706 5131 784 5196 data
811 5154 882 5199 esse
907 5149 1101 5214 persuasum
1153 5129 1286 5196 [fallant
1311 5148 1390 5212 ergo
1416 5127 1667 5194 immoderatam
1692 5128 1895 5212 cupidinem,
1924 5128 2041 5195 tollant
2066 5130 2129 5195 im·

124 5236 190 5281 non
208 5214 359 5296 habeant,
381 5214 543 5301 quomodo
559 5219 682 5301 gratim
698 5218 772 5284 Deo
788 5227 926 5302 agerent
941 5223 1100 5300 tanquam
1152 5214 1315 5282 modicam
1344 5213 1584 5296 profusionem,
1617 5214 1733 5281 tollant
1762 5217 1942 5283 vanitatem
1974 5223 2008 5280 et
2038 5235 2129 5282 erro·
