4672 5842
234 300 297 361 655
879 291 1144 360 ΙΝΒΤΙΤΠΤΙΟ
1164 294 1270 359 REL.
1293 290 1473 358 OHRIST.
1499 297 1590 358 1559.
2173 294 2238 356 616

233 486 304 551 liter
331 483 483 549 1166611166
512 484 589 567 (les.
614 489 669 561 38,
694 484 750 565 20)
781 490 808 548 et
840 483 937 547 lonas
965 482 1015 567 (2,
1043 483 1096 566 lo)
1125 481 1206 545 11666
1259 482 1372 544 sertim
1394 480 1543 562 proprias
1568 503 1605 545 ac
1628 480 1773 562 privatas
1795 479 1951 561 cuiusque
1974 480 2122 561 respicit,
2152 501 2236 546 non·

234 573 295 636 sibi
316 571 509 635 liberationis
528 570 623 650 finem
644 574 795 634 testarum
821 571 901 649 fore,
929 575 964 632 at
991 570 1121 633 carnicis
1143 568 1206 631 Dei
1259 566 1343 629 nihil
1371 575 1484 630 tamen
1512 566 1552 630 ad
1580 566 1727 648 publicas
1748 587 1874 648 queque
1895 566 2050 631 ecclesiae
2072 567 2235 633 eradonas

234 657 396 722 1666116166
427 657 460 720 16
490 656 600 737 166616
630 656 781 721 celebrent.
826 656 918 719 Hane
950 656 1078 719 eandem
1112 656 1206 736 16666
1258 653 1407 734 pertinet.
1441 653 1543 734 Atqui
1560 675 1620 717 nee
1638 651 1787 715 assiduae
1805 673 1876 716 esse
1894 661 2037 734 possunt,
2061 672 2122 717 nee
2140 652 2237 718 aliter

234 743 343 806 Dauid
361 743 545 825 penetraliter
561 743 631 821 piis
648 743 790 806 omnibns
803 741 989 823 praescribit
1011 740 1112 824 (Psal.
1138 744 1204 817 116,
1259 739 1357 803 etiam
1380 739 1451 802 fieri
1474 738 1606 815 debent,
1637 759 1736 820 quam
1763 761 1803 801 ex
1826 738 1939 820 politia
1960 759 2044 819 quae
2067 741 2234 803 communi

237 828 300 911 12).
348 828 431 908 Quid
456 829 623 907 rependam
651 827 799 905 Domino,
832 829 947 907 166611,
975 847 1038 905 pro
1066 825 1207 890 omnibns
1258 825 1345 888 inter
1384 845 1497 888 omnes
1536 846 1695 888 consensu
1735 825 1933 888 convenerit.
1982 823 2104 888 Fateor
2144 845 2232 889 sane.

233 935 313 996 6666
342 916 378 977 in
405 934 454 976 me
479 914 631 978 contulit?
663 914 788 977 6611666
815 913 952 977 6616166
978 914 1146 993 accipiam,
1180 916 1207 974 el
1230 898 1233 957 l
1259 909 1335 974 Ideo
1363 911 1451 974 enim
1478 919 1512 974 ot
1538 917 1645 974 certae
1676 910 1776 974 horae
1799 909 2013 974 condicuntur
2036 911 2235 992 666166611-

233 1021 344 1064 nomen
372 999 505 1064 Domini
537 1000 688 1063 invocabo,
732 999 775 1061 Et
806 1020 874 1062 eam
907 999 1048 1078 sequitur
1080 967 1233 1062 66616616Ι
1259 1005 1407 1072 tuantur,
1432 1008 1469 1059 ut
1490 996 1576 1078 apud
1598 997 1708 1060 Deum
1730 995 1969 1071 indifferentes,
1991 997 2039 1059 ita
2062 995 2234 1060 hominum

234 1087 299 1151 6116
323 1086 447 1166 psalmo
475 1086 566 1168 (106,
590 1088 662 1167 47)·
688 1085 790 1148 661666
809 1087 862 1164 sac
889 1106 953 1161 nos,
983 1083 1070 1147 Das
1098 1089 1205 1160 666166,
1258 1081 1372 1145 usibus
1405 1083 1627 1160 necessariae,
1661 1104 1724 1163 quo
1757 1082 1800 1145 sit
1833 1083 1979 1145 omnium
2011 1082 2232 1146 commoditati

234 1177 268 1235 ul
289 1173 487 1252 6611166666
509 1172 708 1242 6661611166,
733 1177 761 1234 61
780 1172 950 1252 61666666
973 1170 1205 1233 1616616166.
1258 1180 1478 1249 prospectum,
1501 1176 1534 1231 et
1556 1168 1668 1232 emnia
1690 1167 1843 1232 decenter
1865 1179 1898 1231 ct
1921 1169 2112 1250 composite,
2141 1169 2232 1232 iuxta

237 1257 317 1322 Item
338 1257 439 1339 (Psal.
467 1261 536 1331 102,
563 1258 631 1337 16);
661 1257 797 1334 respexit
818 1258 861 1321 ad
876 1277 1001 1334 precem
1022 1256 1158 1318 solitarii
1180 1260 1207 1317 et
1257 1254 1353 1318 Pauli
1377 1257 1574 1318 sententiam
1596 1254 1628 1335 (1
1654 1254 1728 1319 (lor.
1752 1259 1799 1330 14,
1824 1253 1889 1336 46),
1914 1255 1948 1316 11
1971 1253 2106 1318 ecelesia
2128 1253 2231 1317 admi-

235 1364 297 1407 non
324 1344 500 1421 cmttompsit
523 1362 630 1421 preces
657 1362 778 1420 eorum;
804 1342 954 1408 scribetur
983 1341 1036 1403 1666
1058 1342 1206 1421 6116666-
1259 1341 1449 1403 nistrentur.
1495 1338 1563 1404 Sed
1592 1340 1680 1403 enim
1708 1339 1795 1403 istud
1824 1339 1905 1402 nihil
1929 1339 2036 1403 obstat
2058 1340 2232 1421 quominus

235 1431 385 1493 rationem
400 1433 570 1508 posteram,
593 1432 619 1489 et
636 1426 1206 1508 6666166666616616661611111661-
1258 1447 1470 1506 unaquaeque
1492 1426 1635 1503 eeclesia,
1662 1448 1735 1490 eum
1758 1424 1895 1490 subinde
1917 1424 1958 1489 ud
1980 1425 2233 1506 frequentiorem

235 1520 325 1591 nunt',
355 1519 388 1575 nl
417 1514 600 1575 artrrunticnt
627 1515 660 1574 in
688 1513 762 1576 Sion
785 1535 891 1576 nomen
919 1515 1000 1589 eius,
1030 1517 1057 1575 et
1083 1512 1206 1575 166166
1258 1512 1483 1593 precationum
1506 1534 1600 1575 usum
1623 1534 1657 1576 sc
1680 1512 1905 1588 exstimulare,
1936 1519 2006 1573 tum
2028 1511 2151 1575 maiore
2174 1511 2233 1575 uli·

234 1602 355 1664 616616
374 1598 554 1662 Ierusalem.
590 1598 658 1661 166
676 1600 793 1678 paetus
810 1599 965 1664 obsecrant
981 1599 1085 1663 Deum
1101 1599 1207 1677 (1616166
1282 1619 1324 1659 ua
1359 1598 1551 1661 necessitate
1584 1597 1749 1661 admonita
1782 1598 1905 1661 acriore
1945 1595 2053 1660 studio
2092 1598 2233 1679 flagrare

234 1691 270 1749 ut
288 1687 386 1766 faciat
403 1690 530 1765 propter
550 1705 658 1748 66666
679 1705 786 1762 sitnm,
808 1686 901 1748 616611
923 1686 1065 1765 16116666
1085 1705 1118 1747 66
1136 1705 1207 1764 pro
1259 1619 1383 1746 1611611.
1419 1683 1471 1745 De
1488 1685 1731 1765 perseverantia
1749 1693 1867 1761 autem,
1891 1705 1974 1765 quae
1996 1684 2136 1746 multam
2157 1704 2234 1747 eum

233 1772 358 1852 (1161166
383 1773 439 1852 qui
467 1770 620 1834 obtineant
644 1771 814 1850 66616666
837 1772 968 1852 proprio
996 1770 1133 1847 666166,
1161 1771 1206 1832 116
1259 1768 1451 1832 assiduitate
1479 1770 1672 1833 affinitatem
1702 1769 1815 1846 habet,
1847 1769 1910 1833 erit
1939 1770 2026 1833 eirea
2053 1770 2153 1832 finem
2181 1768 2231 1832 di-

235 1879 268 1921 66
289 1857 423 1939 01116661
450 1857 493 1920 ad
521 1858 644 1938 pretias
666 1857 817 1937 6666166,
844 1863 872 1920 61
898 1856 979 1920 16666
1005 1855 1066 1919 sibi
1091 1860 1206 1920 rectum
1258 1854 1352 1918 cendi
1379 1854 1493 1918 locus.
1523 1856 1625 1918 Porro
1657 1856 1737 1919 haec
1766 1855 1849 1918 nihil
1877 1854 1918 1919 ad
1946 1858 2139 1937 6666166161
2166 1876 2231 1936 qua

236 1943 446 2020 bemtirerdiao
467 1940 531 2004 Dei
557 1962 651 2006 6666
677 1944 744 2014 tore
766 1944 964 2023 6666111661,
993 1947 1027 2005 61
1055 1943 1123 2005 eius
1143 1945 1207 2003 sint
1258 1940 1468 2004 interdiotmn
1511 1941 1602 2005 nobis
1637 1940 1791 2005 Christus
1822 1942 1928 2005 voluit
1967 1939 2101 2024 (Matth.
2127 1944 2161 2017 6,
2186 1941 2230 2024 l).

231 2050 407 2112 66666666.
455 2026 507 2091 Sic
532 2028 629 2092 Oscos
650 2029 716 2111 (14,
742 2027 784 2109 3),
810 2029 978 2108 (16161666
999 2028 1206 2091 6661661666-
1258 2027 1333 2089 Non
1360 2027 1448 2089 enim
1475 2026 1544 2104 diu,
1574 2048 1633 2092 nec
1661 2048 1771 2109 saepe,
1800 2049 1860 2092 166
1888 2026 1993 2090 multo
2016 2047 2090 2090 cum
2113 2027 2231 2090 affeetu

234 2115 405 2195 dmiplione
426 2115 565 2194 loquens:
587 2112 687 2193 aufer,
711 2114 820 2194 inquit,
844 2115 1047 2193 iniquitatem,
1070 2114 1204 2189 oDeus,
1258 2112 1407 2176 insistere
1429 2114 1579 2193 precibus
1610 2122 1712 2190 vetat;
1740 2112 1798 2177 sed
1825 2135 1867 2177 ne
1895 2111 2017 2193 aliquid
2039 2134 2059 2175 a
2080 2112 2153 2176 Dee
2174 2135 2230 2176 ex·

232 2206 261 2264 et
278 2201 379 2264 attolle
395 2201 523 2277 bonum;
546 2221 601 2263 666
619 2204 722 2262 aulem
739 2200 851 2263 6116166
872 2200 1024 2264 labiorum
1045 2199 1204 2262 66166666.
1258 2206 1407 2278 torquere
1431 2219 1488 2262 nos
1512 2221 1605 2281 posse
1627 2199 1845 2275 confidamus,
1875 2198 2008 2281 garmla
2036 2198 2230 2280 loquacitate

235 2286 301 2350 Nec
326 2287 414 2351 mdo
440 2285 566 2366 linquae
583 2285 786 2366 praeminum
808 2285 870 2349 sibi
890 2286 1053 2349 vendicant
1075 2284 1138 2348 Dei
1159 2285 1206 2348 be-
1258 2284 1327 2347 eius
1350 2304 1444 2348 aures
1466 2284 1683 2361 obtundendo,
1707 2307 1745 2349 ac
1767 2285 1795 2349 si
1817 2284 1962 2348 humano
1984 2305 2074 2347 more
2096 2306 2231 2366 persua·

234 2372 355 2451 6611616,
377 2372 431 2436 sed
448 2391 584 2434 666666
601 2370 661 2433 sibi
678 2371 865 2434 6616661116
880 2372 1052 2435 6666111661.
1087 2370 1204 2449 Dileci,
1257 2368 1383 2433 dendus
1404 2370 1496 2433 foret.
1545 2371 1668 2434 Samus
1689 2372 1771 2434 enim
1791 2370 1981 2452 hypocritae,
2003 2371 2081 2451 qaia
2103 2392 2163 2433 aon
2185 2391 2232 2434 re-

233 2458 336 2538 166611
357 2456 466 2522 David
488 2456 590 2539 (Psal.
617 2460 686 2532 116,
713 2456 754 2540 1),
783 2458 861 2537 qnia
882 2458 1026 2521 eeandiit
1048 2456 1206 2520 Dominus
1251 2460 1366 2537 661661
1387 2455 1447 2520 sibi
1469 2458 1622 2538 66661166
1643 2477 1707 2522 6666
1724 2477 1794 2521 666
1811 2455 1887 2532 Dee,
1909 2476 1969 2518 666
1991 2475 2079 2520 secus
2095 2477 2231 2538 pompas

233 2562 333 2607 uocem
360 2543 584 2624 deprecationis
609 2563 702 2605 meae.
748 2541 828 2606 Item
856 2543 932 2607 alibi
958 2563 1037 2622 6666
1069 2547 1206 2606 senserat
1257 2562 1337 2605 suas
1358 2542 1393 2604 in
1409 2541 1555 2623 precibus
1572 2564 1661 2624 66666
1677 2563 1773 2623 quom
1791 2544 1825 2605 in
1841 2540 2005 2621 16166616.
2040 2541 2127 2606 Nam
2147 2542 2232 2606 Pm-

233 2628 360 2694 6661116
377 2629 527 2692 recitans:
544 2629 679 2711 61111666
696 2634 732 2703 16,
745 2628 842 2706 Deus,
859 2629 1009 2708 1661116616
1020 2627 1204 2711 666(Ρ661.
1257 2628 1382 2691 6166666
1403 2628 1456 2692 ille
1478 2628 1574 2712 (Luc.
1602 2632 1649 2702 18,
1676 2634 1689 2690 l
1714 2627 1825 2710 seqq),
1853 2629 2051 2710 6616161166
2072 2626 2140 2691 Deo
2162 2649 2231 2709 666-

237 2717 284 2791 18,
312 2714 353 2795 l).
387 2714 452 2778 Nec
473 2735 543 2777 cero
564 2734 704 2794 666666
720 2714 886 2795 placebant
908 2713 974 2777 Deo
996 2714 1206 2794 1661666666
1257 2712 1308 2776 bat
1329 2715 1410 2793 qnod
1432 2735 1492 2777 non
1513 2715 1686 2779 6166161116
1707 2715 1832 2791 6161116,
1854 2712 2230 2793 6111661161166166

232 2801 408 2879 66616661
429 2821 466 2863 66
484 2800 543 2862 166
559 2800 720 2864 (1616661166
735 2800 861 2863 amoris.
899 2799 981 2879 Quin
998 2801 1091 2863 61166
1108 2805 1207 2863 16666-
1257 2799 1345 2863 debat
1372 2800 1407 2862 in
1435 2799 1594 2863 mininam
1623 2801 1735 2877 666116,
1764 2821 1800 2864 66
1828 2800 1858 2863 61
1884 2800 1970 2866 661161
1999 2820 2036 2863 ee
2052 2799 2229 2879 precatione

232 2886 308 2950 dum
329 2886 471 2950 66111161
492 2885 589 2948 Pauli
611 2884 711 2969 (Phil.
732 2891 761 2963 4,
781 2885 825 2966 6),
848 2890 917 2949 6616
938 2887 1044 2949 66616
1058 2906 1206 2966 perversa
1258 2890 1383 2964 6661666
1405 2887 1580 2949 sansadonia
1599 2888 1729 2968 famam.
1771 2886 1856 2949 Hinc
1876 2889 2049 2968 6611616616
2070 2883 2229 2965 11166666

232 2973 395 3036 61611666
416 2972 616 3052 6666666166
637 2992 698 3035 non
719 2992 843 3035 annona
863 2975 908 3034 661
922 2973 1101 3052 pretiorum
1118 2971 1205 3035 aetia
1257 2970 1346 3034 lodie
1368 2971 1468 3035 simili
1489 2972 1526 3035 de
1547 2992 1643 3036 66666
1662 2977 1829 3054 66666166
1852 2972 1887 3036 in
1903 2977 2042 3054 papatu,
2070 2971 2147 3035 dum
2173 2970 2233 3034 alii

235 3056 289 3121 Sic
310 3057 392 3120 enim
414 3058 563 3136 16661166
591 3059 626 3120 in
647 3058 734 3121 6661
755 3058 904 3133 motione,
931 3057 1046 3138 inquit,
1073 3056 1206 3121 etobse·
1253 3056 1402 3137 preculas
1425 3057 1547 3125 easdem
1568 3059 1709 3123 iterando
1731 3063 1852 3139 tempus
1876 3057 1999 3139 1666166
2026 3062 2143 3135 166661,
2173 3057 2233 3120 alii

233 3144 370 3206 meliorne
386 3161 457 3205 666
472 3144 652 3225 pretiorum
669 3144 785 3208 6611666
797 3143 960 3224 6611110666
980 3149 1098 3207 cestrae
1120 3143 1207 3206 1666
1258 3142 1350 3225 16666
1380 3142 1542 3206 amborum
1574 3145 1709 3226 66666616
1739 3145 1827 3226 opud
1861 3143 1970 3225 661666
2001 3163 2034 3207 66
2067 3144 2231 3207 venditant.

234 3232 348 3292 1666661
369 3226 456 3307 66661
473 3228 585 3293 Deum.
621 3229 706 3292 Nam
727 3230 804 3310 qnia
826 3228 938 3292 multos
959 3228 1088 3309 impellit
1108 3248 1206 3292 6666
1262 3229 1364 3309 Quum
1385 3228 1458 3292 haec
1477 3230 1652 3311 6666611166
1667 3230 1833 3308 pueriliter
1853 3229 1968 3294 illudat
1988 3228 2066 3307 Deo,
2089 3248 2151 3292 666
2171 3230 2231 3293 61-

233 3315 323 3389 sitas
345 3313 491 3390 1661666,
513 3314 717 3395 1666166116,
741 3315 856 3378 etaloris
873 3314 1031 3393 6666111166,
1052 3319 1204 3391 6166166,
1257 3315 1600 3379 6666616166616616
1621 3315 1798 3397 6661111661,
1826 3336 1863 3380 ne
1891 3316 1969 3396 qnid
1996 3315 2063 3379 illic
2087 3320 2231 3396 personet

233 3405 268 3463 61
288 3400 406 3463 orande
428 3399 671 3477 obmurmurent,
700 3400 782 3464 iubet
807 3401 854 3464 ita
881 3402 1049 3480 temperari
1070 3402 1205 3482 affectus,
1257 3401 2008 3482 6161666166666166666666616161166.
2054 3401 2141 3465 Huic
2170 3422 2232 3466 cor·

233 3491 269 3549 ut
283 3486 397 3564 11616166,
416 3489 579 3565 66166666
603 3486 707 3566 adepti
724 3487 884 3566 61616661
905 3488 1042 3566 6661661,
1065 3486 1207 3550 hilariter
1258 3487 1396 3567 66616166
1413 3487 1516 3551 ticina
1533 3493 1621 3552 estet
1639 3488 1756 3551 6161116
1777 3487 1885 3565 altera
1908 3507 2003 3567 quam
2025 3487 2124 3551 61661
2145 3487 2232 3551 dam-

233 3569 439 3635 nibilominus
460 3569 637 3634 benedicant
657 3572 733 3637 Deo.
781 3572 918 3652 Quodsi
939 3572 1012 3636 baec
1034 3574 1144 3653 666616
1171 3573 1206 3635 in
1257 3577 1312 3637 nal
1347 3571 1512 3637 Christus:
1551 3574 1633 3653 6661
1667 3574 1783 3637 scilieet
1814 3573 1989 3655 hypocritae
2021 3573 2230 3638 ostentationis

234 3657 325 3720 rebus
344 3657 410 3737 1666
431 3658 599 3722 6661666116
617 3659 718 3741 cipere
739 3657 834 3735 debet,
857 3679 891 3721 66
912 3659 1065 3723 sanctiore
1086 3658 1206 3722 vinculo
1257 3679 1356 3724 causa
1381 3664 1535 3722 66666166
1560 3660 1672 3723 multos
1699 3664 1799 3739 166166,
1829 3681 1865 3724 ae
1890 3659 1996 3739 [6666
2018 3661 2128 3740 potius
2148 3678 2230 3722 occu·

232 3763 288 3807 nas
310 3743 469 3825 obstrinpit
489 3742 580 3807 Dens
601 3744 643 3807 ad
663 3744 820 3807 66666166
841 3764 918 3808 suns
939 3744 1062 3822 1661166,
1090 3745 1206 3825 quoties
1252 3749 1335 3826 6661
1361 3745 1404 3808 ad
1431 3745 1599 3822 orandum,
1629 3766 1723 3825 6666
1749 3746 1861 3809 66611
1887 3745 1980 3809 laude
2001 3750 2128 3810 careant
2149 3746 2229 3823 1666

233 3848 288 3892 nos
314 3834 454 3893 votorum
482 3833 631 3910 compotes
656 3830 741 3910 facit.
786 3829 886 3893 Sicuti
907 3835 1010 3893 antem
1037 3830 1206 3907 docuimus,
1258 3851 1332 3894 666
1354 3850 1472 3910 preces.
1517 3829 1657 3910 Quando
1679 3851 1757 3895 vero
1780 3832 1868 3896 hunc
1890 3853 1961 3895 esse
1984 3831 2137 3895 emtionis
2159 3849 2228 3893 seo-

235 3913 354 3978 0161611
381 3916 594 3979 intercessione
623 3917 797 3980 commeari
824 3920 947 3979 nostras
969 3936 1092 3995 preces,
1126 3937 1206 3997 6666
1257 3937 1336 3998 pum
1353 3918 1420 3980 iam
1436 3917 1528 3998 prius
1546 3915 1747 3994 dictumest,
1770 3931 1808 3981 ut
1828 3917 1980 3982 erectiin
1998 3918 2105 3981 Deum
2128 3915 2228 3978 animi

233 3999 353 4078 alinum
366 4001 504 4080 pollutae
526 4007 636 4078 666661,
664 4003 710 4066 116
732 4002 890 4082 apostolus
917 3999 1034 4084 (Hebr.
1063 4004 1115 4078 13,
1143 4000 1205 4085 15),
1257 4004 1415 4079 ferantur,
1439 4011 1509 4066 tum
1528 4001 1569 4065 ad
1588 4003 1823 4068 confessionem
1840 4003 1957 4081 laudis,
1980 4009 2049 4065 tum
2071 3998 2113 4064 ad
2134 4020 2230 4081 opem

233 4083 341 4148 iubens
362 4107 418 4149 nos
433 4107 493 4166 per
516 4086 676 4151 Christum
697 4089 805 4168 offerre
826 4087 958 4150 1661166
979 4086 1096 4163 laudis,
1118 4085 1207 4150 661616
1257 4087 1510 4170 implorandam,
1545 4109 1586 4151 ex
1619 4110 1656 4153 eo
1689 4089 1873 4173 intelligere
1907 4090 1983 4155 11661
2008 4086 2128 4168 primas
2159 4086 2231 4149 eius

233 4171 277 4235 ad
297 4170 511 4236 adebrandnm
533 4173 596 4236 Dei
618 4194 726 4237 nornen
748 4194 783 4237 66
804 4194 865 4236 non
892 4173 972 4236 satis
993 4192 1115 4252 66666
1141 4193 1206 4236 6666
1257 4181 1367 4257 partes
1390 4175 1424 4237 in
1446 4181 1554 4238 mente
1583 4181 1615 4238 61
1642 4176 1752 4240 animo
1780 4176 1901 4258 positas
1931 4195 2013 4253 esss;
2041 4172 2095 4236 vel
2124 4172 2233 4254 petius

233 4257 388 4334 admonet,
418 4259 483 4321 6161
512 4259 677 4324 intercedat
706 4258 824 4323 Christi
854 4259 1067 4323 sacerdotium.
1120 4256 1206 4324 Unde
1258 4261 1439 4324 orationem
1455 4261 1561 4341 ipsam
1578 4283 1648 4325 esse
1669 4263 1799 4344 proprie
1821 4262 1985 4327 interioris
2007 4258 2112 4325 cordis
2136 4259 2234 4323 affec·

232 4343 416 4425 6611161666,
434 4345 614 4426 6606116666
631 4345 804 4425 fascinatos
823 4344 1078 4426 16166616661666
1096 4345 1130 4407 16
1147 4367 1207 4426 66
1258 4355 1343 4423 tum,
1371 4348 1426 4428 qui
1448 4346 1535 4428 apud
1557 4344 1681 4425 Deum,
1705 4348 1851 4413 cordium
1874 4355 2105 4424 scrutatorem,
2129 4346 2233 4409 effim-

227 4433 316 4511 6616,
338 4429 392 4494 611
413 4430 516 4493 maior
532 4450 615 4510 6666
640 4429 799 4495 Christum
820 4431 924 4495 666661
946 4430 1128 4495 advocatum
1149 4432 1207 4494 mi·
1259 4432 1347 4497 ditur
1365 4442 1398 4496 61
1415 4433 1597 4515 exponitur.
1633 4431 1870 4513 Quamobrem,
1888 4431 1934 4498 Ι61
1955 4435 2023 4498 166
2045 4433 2162 4497 dictum
2183 4436 2234 4507 661,

232 4520 332 4579 66166.
362 4515 455 4581 Haec
472 4517 556 4579 ratio
575 4524 625 4579 est
641 4538 701 4580 cur
712 4516 890 4598 6666666661
899 4515 1024 4581 Paulus
1043 4517 1076 4600 (1
1091 4518 1204 4582 Thess.
1257 4519 1393 4584 coelestis
1414 4520 1569 4601 66616166,
1592 4541 1694 4603 quum
1715 4522 1872 4603 optimam
1890 4519 2007 4585 orandi
2025 4520 2133 4602 legem
2150 4519 2235 4581 farre

235 4603 268 4677 5,
294 4602 348 4683 l'l)
376 4602 447 4666 sine
473 4602 715 4665 intermissione
744 4606 771 4664 et
796 4623 890 4666 orare
912 4608 939 4667 ct
958 4604 1081 4684 6661166
1102 4625 1207 4688 apere:
1257 4605 1364 4683 vellet,
1384 4606 1479 4670 iussit
1496 4605 1630 4689 (Matth.
1651 4610 1680 4684 6,
1700 4607 1734 4691 6)
1756 4608 1881 4672 intrare
1898 4607 1934 4669 iu
1956 4605 2151 4682 cubiculum,
2174 4603 2234 4667 ibi-

232 4686 347 4751 1101616
368 4688 483 4752 scilieet
503 4695 627 4769 quanta
648 4688 720 4751 fieri
746 4694 854 4769 potest
880 4688 1085 4767 assiduitate,
1116 4690 1205 4753 omni
1258 4712 1321 4773 que
1352 4693 1433 4755 ostio
1462 4691 1571 4756 clause
1600 4714 1693 4758 orare
1721 4703 1845 4775 patrem
1869 4699 2022 4756 nostrum
2042 4691 2080 4754 11
2100 4690 2234 4755 abscon-

232 4777 393 4855 tempore,
424 4774 514 4836 omni
542 4774 627 4851 1066,
658 4772 808 4838 omnibus
836 4775 871 4837 in
899 4775 997 4861 rebus
1018 4776 1206 4858 oenopoliis
1258 4775 1334 4855 dito,
1358 4786 1396 4841 ut
1413 4786 1507 4859 pater
1527 4786 1638 4845 noster
1656 4779 1712 4862 qui
1729 4787 1780 4843 est
1796 4780 1832 4843 in
1849 4778 2038 4843 abscondito
2056 4798 2116 4841 nos
2135 4796 2235 4840 exau·

233 4867 342 4922 erecta
363 4879 434 4923 esse
456 4859 498 4923 ad
520 4860 630 4923 Deum
652 4860 797 4924 omnium
821 4868 913 4939 vota,
937 4881 1020 4943 quae
1042 4869 1075 4925 et
1096 4861 1205 4926 emnia
1258 4862 1334 4927 diat
1372 4863 1460 4928 Nam
1481 4865 1537 4929 ubi
1558 4866 1600 4929 ab
1622 4864 1867 4948 hypocritarum
1889 4863 2040 4946 exemplo
2064 4861 2235 4938 abstraxit,

234 4942 275 5006 ab
303 4964 341 5005 6ο
367 4951 571 5026 exspectent,
601 4953 634 5009 et
661 4947 808 5011 omnium
836 4946 866 5009 61
893 4946 1024 5011 laudem
1051 4949 1203 5024 referant,
1259 4949 1314 5030 qui
1343 4948 1515 5015 ambitiosa
1543 4970 1677 5032 precum
1704 4951 1921 5016 ostentatione
1949 4950 2122 5014 hominum
2146 4948 2236 5013 favo·

233 5027 330 5176 mlii
351 5037 509 5112 perpetua
530 5030 685 5096 laudandi
704 5032 881 5115 orandique
900 5041 1093 5116 argumenta
1111 5032 1204 5098 nobis
1257 5056 1328 5099 rem
1350 5036 1537 5117 captabant,
1566 5035 1664 5099 simul
1686 5035 1797 5101 adiicit
1818 5036 1898 5118 quid
1910 5036 1935 5119 ¹)
1957 5037 2001 5100 sit
2021 5034 2155 5100 melius:
2185 5035 2237 5098 in·

235 5113 282 5193 Off
321 5165 370 5264 19.
415 5201 508 5265 Haec
530 5208 640 5265 autem
662 5202 776 5268 orandi
804 5201 992 5282 assidmtas,
1022 5206 1083 5270 etsi
1110 5225 1204 5286 prae·
1331 5222 1361 5289 1)
1382 5221 1455 5275 Eud.
1474 5238 1540 5276 rece.
1560 5221 1639 5290 quod.
