<?xml version="1.0" encoding="UTF-8"?>
<!DOCTYPE html PUBLIC "-//W3C//DTD XHTML 1.0 Transitional//EN"
    "http://www.w3.org/TR/xhtml1/DTD/xhtml1-transitional.dtd">
<html xmlns="http://www.w3.org/1999/xhtml" xml:lang="en" lang="en">
 <head>
  <title>
</title>
<meta http-equiv="Content-Type" content="text/html;charset=utf-8" />
  <meta name='ocr-system' content='tesseract 3.04.00' />
  <meta name='ocr-capabilities' content='ocr_page ocr_carea ocr_par ocr_line ocrx_word'/>
</head>
<body>
  <div class='ocr_page' id='page_1' title='image "./ioanniscalvinii00cunigoog_0225.png"; bbox 0 0 4672 5842; ppageno 0'>
   <div class='ocr_carea' id='block_1_1' title="bbox 225 296 2234 370">
    <p class='ocr_par' dir='ltr' id='par_1_1' title="bbox 225 296 2234 370">
     <span class='ocr_line' id='line_1_1' title="bbox 225 296 2234 370; baseline -0.002 0"><span class='ocrx_word' id='word_1_1' title='bbox 225 308 288 370; x_wconf 77' lang='lat' dir='ltr'>tat</span> <span class='ocrx_word' id='word_1_2' title='bbox 873 297 1139 367; x_wconf 74' lang='lat' dir='ltr'>msmwmo</span> <span class='ocrx_word' id='word_1_3' title='bbox 1161 299 1268 365; x_wconf 67' lang='lat' dir='ltr'>Rus</span> <span class='ocrx_word' id='word_1_4' title='bbox 1289 296 1470 364; x_wconf 71' lang='lat' dir='ltr'>CHRIST.</span> <span class='ocrx_word' id='word_1_5' title='bbox 1496 303 1588 363; x_wconf 75' lang='lat'>1559.</span> <span class='ocrx_word' id='word_1_6' title='bbox 2168 303 2234 366; x_wconf 78' lang='lat' dir='ltr'>tas</span> 
     </span>
    </p>
   </div>
   <div class='ocr_carea' id='block_1_2' title="bbox 218 485 2277 5212">
    <p class='ocr_par' dir='ltr' id='par_1_2' title="bbox 218 485 2277 5212">
     <span class='ocr_line' id='line_1_2' title="bbox 223 485 2236 596; baseline -0.002 -36"><span class='ocrx_word' id='word_1_7' title='bbox 223 493 372 596; x_wconf 70' lang='lat' dir='ltr'>gebatur.</span> <span class='ocrx_word' id='word_1_8' title='bbox 416 491 524 572; x_wconf 75' lang='lat' dir='ltr'>Atque</span> <span class='ocrx_word' id='word_1_9' title='bbox 555 490 603 554; x_wconf 85' lang='lat' dir='ltr'>ita</span> <span class='ocrx_word' id='word_1_10' title='bbox 629 489 761 571; x_wconf 90' lang='lat' dir='ltr'>quidem</span> <span class='ocrx_word' id='word_1_11' title='bbox 787 491 921 573; x_wconf 87' lang='lat' dir='ltr'>spiritus</span> <span class='ocrx_word' id='word_1_12' title='bbox 949 491 1054 554; x_wconf 87' lang='lat' dir='ltr'>saneti</span> <span class='ocrx_word' id='word_1_13' title='bbox 1080 489 1230 563; x_wconf 79' lang='lat' dir='ltr'>luminel</span> <span class='ocrx_word' id='word_1_14' title='bbox 1342 489 1392 550; x_wconf 78' lang='lat'>36.</span> <span class='ocrx_word' id='word_1_15' title='bbox 1427 488 1544 552; x_wconf 84' lang='lat' dir='ltr'>Restat</span> <span class='ocrx_word' id='word_1_16' title='bbox 1567 485 1683 551; x_wconf 88' lang='lat' dir='ltr'>deinde</span> <span class='ocrx_word' id='word_1_17' title='bbox 1706 500 1744 551; x_wconf 88' lang='lat' dir='ltr'>ut</span> <span class='ocrx_word' id='word_1_18' title='bbox 1765 489 1850 571; x_wconf 92' lang='lat' dir='ltr'>quod</span> <span class='ocrx_word' id='word_1_19' title='bbox 1872 511 1966 554; x_wconf 89' lang='lat' dir='ltr'>meus</span> <span class='ocrx_word' id='word_1_20' title='bbox 1978 490 2096 566; x_wconf 87' lang='lat' dir='ltr'>hausit,</span> <span class='ocrx_word' id='word_1_21' title='bbox 2119 490 2157 553; x_wconf 89' lang='lat' dir='ltr'>in</span> <span class='ocrx_word' id='word_1_22' title='bbox 2177 511 2236 556; x_wconf 89' lang='lat' dir='ltr'>cor</span> 
     </span>
     <span class='ocr_line' id='line_1_3' title="bbox 224 573 2235 655; baseline -0.003 -8"><span class='ocrx_word' id='word_1_23' title='bbox 224 580 402 647; x_wconf 80' lang='lat' dir='ltr'>irradiatus</span> <span class='ocrx_word' id='word_1_24' title='bbox 428 576 569 640; x_wconf 90' lang='lat' dir='ltr'>hominis</span> <span class='ocrx_word' id='word_1_25' title='bbox 597 576 782 640; x_wconf 87' lang='lat' dir='ltr'>intellectus</span> <span class='ocrx_word' id='word_1_26' title='bbox 811 590 879 640; x_wconf 82' lang='lat' dir='ltr'>tuni</span> <span class='ocrx_word' id='word_1_27' title='bbox 909 599 984 640; x_wconf 87' lang='lat' dir='ltr'>vere</span> <span class='ocrx_word' id='word_1_28' title='bbox 1007 575 1139 639; x_wconf 86' lang='lat' dir='ltr'>demum</span> <span class='ocrx_word' id='word_1_29' title='bbox 1164 595 1203 638; x_wconf 87' lang='lat' dir='ltr'>ea</span> <span class='ocrx_word' id='word_1_30' title='bbox 1227 579 1230 653; x_wconf 74' lang='lat' dir='ltr'>l</span> <span class='ocrx_word' id='word_1_31' title='bbox 1255 573 1363 654; x_wconf 90' lang='lat' dir='ltr'>ipsum</span> <span class='ocrx_word' id='word_1_32' title='bbox 1396 573 1652 637; x_wconf 67' lang='lat' dir='ltr'><strong>transfundatur.</strong></span> <span class='ocrx_word' id='word_1_33' title='bbox 1709 574 1822 655; x_wconf 84' lang='lat' dir='ltr'>Neque</span> <span class='ocrx_word' id='word_1_34' title='bbox 1855 576 1944 639; x_wconf 89' lang='lat' dir='ltr'>enim</span> <span class='ocrx_word' id='word_1_35' title='bbox 1974 577 2001 640; x_wconf 93' lang='lat' dir='ltr'>si</span> <span class='ocrx_word' id='word_1_36' title='bbox 2033 577 2070 639; x_wconf 90' lang='lat' dir='ltr'>in</span> <span class='ocrx_word' id='word_1_37' title='bbox 2103 598 2235 641; x_wconf 90' lang='lat' dir='ltr'>summo</span> 
     </span>
     <span class='ocr_line' id='line_1_4' title="bbox 226 658 2234 775; baseline -0.002 -45"><span class='ocrx_word' id='word_1_38' title='bbox 226 687 308 751; x_wconf 86' lang='lat' dir='ltr'>quac</span> <span class='ocrx_word' id='word_1_39' title='bbox 331 664 370 727; x_wconf 88' lang='lat' dir='ltr'>ad</span> <span class='ocrx_word' id='word_1_40' title='bbox 395 684 533 744; x_wconf 79' lang='lat' dir='ltr'>reguum</span> <span class='ocrx_word' id='word_1_41' title='bbox 546 662 605 725; x_wconf 92' lang='lat' dir='ltr'>Dei</span> <span class='ocrx_word' id='word_1_42' title='bbox 631 663 797 744; x_wconf 89' lang='lat' dir='ltr'>pertinent</span> <span class='ocrx_word' id='word_1_43' title='bbox 818 662 1083 745; x_wconf 74' lang='lat' dir='ltr'>gustarcincipit</span> <span class='ocrx_word' id='word_1_44' title='bbox 1106 674 1204 723; x_wconf 89' lang='lat' dir='ltr'>antea</span> <span class='ocrx_word' id='word_1_45' title='bbox 1227 660 1230 775; x_wconf 83' lang='grc'>(</span> <span class='ocrx_word' id='word_1_46' title='bbox 1254 658 1387 723; x_wconf 90' lang='lat' dir='ltr'>cerebro</span> <span class='ocrx_word' id='word_1_47' title='bbox 1410 659 1575 723; x_wconf 90' lang='lat' dir='ltr'>volutatur</span> <span class='ocrx_word' id='word_1_48' title='bbox 1599 660 1660 722; x_wconf 87' lang='lat' dir='ltr'>Dei</span> <span class='ocrx_word' id='word_1_49' title='bbox 1683 662 1834 738; x_wconf 88' lang='lat' dir='ltr'>verbum,</span> <span class='ocrx_word' id='word_1_50' title='bbox 1864 661 1929 725; x_wconf 91' lang='lat' dir='ltr'>fide</span> <span class='ocrx_word' id='word_1_51' title='bbox 1957 676 2146 744; x_wconf 88' lang='lat' dir='ltr'>perceptum</span> <span class='ocrx_word' id='word_1_52' title='bbox 2168 673 2234 741; x_wconf 87' lang='lat' dir='ltr'>est;</span> 
     </span>
     <span class='ocr_line' id='line_1_5' title="bbox 224 743 2235 836; baseline -0.002 -20"><span class='ocrx_word' id='word_1_53' title='bbox 224 772 357 836; x_wconf 88' lang='lat' dir='ltr'>prorsus</span> <span class='ocrx_word' id='word_1_54' title='bbox 380 748 420 812; x_wconf 91' lang='lat' dir='ltr'>ad</span> <span class='ocrx_word' id='word_1_55' title='bbox 443 770 482 812; x_wconf 89' lang='lat' dir='ltr'>ca</span> <span class='ocrx_word' id='word_1_56' title='bbox 504 746 677 812; x_wconf 87' lang='lat' dir='ltr'>delibanda</span> <span class='ocrx_word' id='word_1_57' title='bbox 694 750 803 813; x_wconf 79' lang='lat' dir='ltr'>fatuus</span> <span class='ocrx_word' id='word_1_58' title='bbox 825 760 859 811; x_wconf 93' lang='lat' dir='ltr'>ct</span> <span class='ocrx_word' id='word_1_59' title='bbox 876 748 1042 829; x_wconf 82' lang='lat' dir='ltr'>insipidus.</span> <span class='ocrx_word' id='word_1_60' title='bbox 1077 745 1202 826; x_wconf 82' lang='lat' dir='ltr'>Quam·</span> <span class='ocrx_word' id='word_1_61' title='bbox 1226 780 1230 835; x_wconf 47' lang='grc' dir='ltr'><strong>ᾗ</strong></span> <span class='ocrx_word' id='word_1_62' title='bbox 1255 743 1312 808; x_wconf 88' lang='lat' dir='ltr'>sed</span> <span class='ocrx_word' id='word_1_63' title='bbox 1335 744 1390 808; x_wconf 94' lang='lat' dir='ltr'>ubi</span> <span class='ocrx_word' id='word_1_64' title='bbox 1413 746 1534 808; x_wconf 89' lang='lat' dir='ltr'>inimo</span> <span class='ocrx_word' id='word_1_65' title='bbox 1557 744 1653 809; x_wconf 91' lang='lat' dir='ltr'>corde</span> <span class='ocrx_word' id='word_1_66' title='bbox 1676 746 1800 810; x_wconf 76' lang='lat' dir='ltr'><strong>radices</strong></span> <span class='ocrx_word' id='word_1_67' title='bbox 1822 748 1907 829; x_wconf 84' lang='lat' dir='ltr'>egit,</span> <span class='ocrx_word' id='word_1_68' title='bbox 1936 756 1974 811; x_wconf 85' lang='lat' dir='ltr'>ut</span> <span class='ocrx_word' id='word_1_69' title='bbox 2002 747 2044 811; x_wconf 87' lang='lat' dir='ltr'>ad</span> <span class='ocrx_word' id='word_1_70' title='bbox 2067 749 2235 812; x_wconf 87' lang='lat' dir='ltr'>sustinen-</span> 
     </span>
     <span class='ocr_line' id='line_1_6' title="bbox 224 826 2235 917; baseline -0.002 -14"><span class='ocrx_word' id='word_1_71' title='bbox 224 835 336 903; x_wconf 86' lang='lat' dir='ltr'>obrem</span> <span class='ocrx_word' id='word_1_72' title='bbox 351 835 504 900; x_wconf 79' lang='lat' dir='ltr'>Christus</span> <span class='ocrx_word' id='word_1_73' title='bbox 528 835 620 915; x_wconf 82' lang='lat' dir='ltr'>regni</span> <span class='ocrx_word' id='word_1_74' title='bbox 643 834 692 897; x_wconf 92' lang='lat' dir='ltr'>sui</span> <span class='ocrx_word' id='word_1_75' title='bbox 716 835 871 917; x_wconf 83' lang='lat' dir='ltr'>mysteria</span> <span class='ocrx_word' id='word_1_76' title='bbox 888 834 1014 898; x_wconf 91' lang='lat' dir='ltr'>duobus</span> <span class='ocrx_word' id='word_1_77' title='bbox 1037 831 1203 915; x_wconf 77' lang='lat' dir='ltr'>discipulis</span> <span class='ocrx_word' id='word_1_78' title='bbox 1227 846 1230 879; x_wconf 61' lang='grc' dir='ltr'><strong>ί</strong></span> <span class='ocrx_word' id='word_1_79' title='bbox 1254 826 1313 894; x_wconf 81' lang='lat' dir='ltr'>das</span> <span class='ocrx_word' id='word_1_80' title='bbox 1330 830 1597 911; x_wconf 85' lang='lat' dir='ltr'>repellendasquc</span> <span class='ocrx_word' id='word_1_81' title='bbox 1618 852 1731 895; x_wconf 90' lang='lat' dir='ltr'>omues</span> <span class='ocrx_word' id='word_1_82' title='bbox 1754 835 1971 896; x_wconf 75' lang='lat' dir='ltr'>tentationum</span> <span class='ocrx_word' id='word_1_83' title='bbox 1989 835 2160 898; x_wconf 85' lang='lat' dir='ltr'>machinas</span> <span class='ocrx_word' id='word_1_84' title='bbox 2181 834 2235 898; x_wconf 86' lang='lat' dir='ltr'>in-</span> 
     </span>
     <span class='ocr_line' id='line_1_7' title="bbox 224 890 2236 1013; baseline -0.001 -25"><span class='ocrx_word' id='word_1_85' title='bbox 224 922 392 1007; x_wconf 84' lang='lat' dir='ltr'>praeclare</span> <span class='ocrx_word' id='word_1_86' title='bbox 405 919 597 995; x_wconf 88' lang='lat' dir='ltr'>edisserens,</span> <span class='ocrx_word' id='word_1_87' title='bbox 620 920 702 983; x_wconf 90' lang='lat' dir='ltr'>nihil</span> <span class='ocrx_word' id='word_1_88' title='bbox 725 928 833 984; x_wconf 88' lang='lat' dir='ltr'>tamen</span> <span class='ocrx_word' id='word_1_89' title='bbox 848 917 982 1001; x_wconf 81' lang='lat' dir='ltr'>prolicit,</span> <span class='ocrx_word' id='word_1_90' title='bbox 1005 919 1107 982; x_wconf 88' lang='lat' dir='ltr'>donec</span> <span class='ocrx_word' id='word_1_91' title='bbox 1129 941 1203 981; x_wconf 88' lang='lat' dir='ltr'>sen-</span> <span class='ocrx_word' id='word_1_92' title='bbox 1226 890 1230 1013; x_wconf 84' lang='grc'>(</span> <span class='ocrx_word' id='word_1_93' title='bbox 1256 917 1378 980; x_wconf 90' lang='lat' dir='ltr'>victum</span> <span class='ocrx_word' id='word_1_94' title='bbox 1402 917 1446 979; x_wconf 84' lang='lat' dir='ltr'>sit</span> <span class='ocrx_word' id='word_1_95' title='bbox 1467 917 1758 999; x_wconf 81' lang='lat' dir='ltr'>propugnaculum.</span> <span class='ocrx_word' id='word_1_96' title='bbox 1804 916 1900 997; x_wconf 78' lang='lat' dir='ltr'>Quod</span> <span class='ocrx_word' id='word_1_97' title='bbox 1925 920 1954 984; x_wconf 91' lang='lat' dir='ltr'>si</span> <span class='ocrx_word' id='word_1_98' title='bbox 1978 942 2091 984; x_wconf 91' lang='lat' dir='ltr'>veram</span> <span class='ocrx_word' id='word_1_99' title='bbox 2112 921 2236 985; x_wconf 88' lang='lat' dir='ltr'>mentis</span> 
     </span>
     <span class='ocr_line' id='line_1_8' title="bbox 225 1001 2234 1088; baseline -0.003 -12"><span class='ocrx_word' id='word_1_100' title='bbox 225 1031 298 1076; x_wconf 83' lang='lat' dir='ltr'>sum</span> <span class='ocrx_word' id='word_1_101' title='bbox 318 1008 383 1071; x_wconf 89' lang='lat' dir='ltr'>illis</span> <span class='ocrx_word' id='word_1_102' title='bbox 401 1007 516 1088; x_wconf 89' lang='lat' dir='ltr'>aperit,</span> <span class='ocrx_word' id='word_1_103' title='bbox 537 1019 573 1068; x_wconf 89' lang='lat' dir='ltr'>ut</span> <span class='ocrx_word' id='word_1_104' title='bbox 592 1004 775 1087; x_wconf 80' lang='lat' dir='ltr'>intelligant</span> <span class='ocrx_word' id='word_1_105' title='bbox 792 1005 1080 1088; x_wconf 71' lang='lat' dir='ltr'>seripturasthuc.</span> <span class='ocrx_word' id='word_1_106' title='bbox 1098 1008 1200 1080; x_wconf 56' lang='lat' dir='ltr'>24,ss</span> <span class='ocrx_word' id='word_1_107' title='bbox 1254 1001 1506 1082; x_wconf 70' lang='lat' dir='ltr'>intelligentiam</span> <span class='ocrx_word' id='word_1_108' title='bbox 1536 1004 1607 1066; x_wconf 92' lang='lat' dir='ltr'>eius</span> <span class='ocrx_word' id='word_1_109' title='bbox 1635 1002 1909 1068; x_wconf 81' lang='lat' dir='ltr'>illuminationem</span> <span class='ocrx_word' id='word_1_110' title='bbox 1935 1027 2006 1070; x_wconf 88' lang='lat' dir='ltr'>esse</span> <span class='ocrx_word' id='word_1_111' title='bbox 2028 1028 2144 1069; x_wconf 89' lang='lat' dir='ltr'>verum</span> <span class='ocrx_word' id='word_1_112' title='bbox 2171 1014 2234 1084; x_wconf 88' lang='lat' dir='ltr'>est,</span> 
     </span>
     <span class='ocr_line' id='line_1_9' title="bbox 226 1087 2234 1176; baseline -0.002 -16"><span class='ocrx_word' id='word_1_113' title='bbox 226 1104 260 1160; x_wconf 85' lang='lat' dir='ltr'>et</span> <span class='ocrx_word' id='word_1_114' title='bbox 277 1101 343 1176; x_wconf 72' lang='lat' dir='ltr'>ta),</span> <span class='ocrx_word' id='word_1_115' title='bbox 374 1091 430 1157; x_wconf 79' lang='lat' dir='ltr'>Sic</span> <span class='ocrx_word' id='word_1_116' title='bbox 452 1091 574 1156; x_wconf 86' lang='lat' dir='ltr'>edoctis</span> <span class='ocrx_word' id='word_1_117' title='bbox 597 1091 707 1154; x_wconf 87' lang='lat' dir='ltr'>divino</span> <span class='ocrx_word' id='word_1_118' title='bbox 730 1092 799 1155; x_wconf 90' lang='lat' dir='ltr'>eius</span> <span class='ocrx_word' id='word_1_119' title='bbox 823 1113 878 1154; x_wconf 88' lang='lat' dir='ltr'>orc</span> <span class='ocrx_word' id='word_1_120' title='bbox 897 1092 1050 1174; x_wconf 86' lang='lat' dir='ltr'>apostolis</span> <span class='ocrx_word' id='word_1_121' title='bbox 1068 1091 1203 1172; x_wconf 90' lang='lat' dir='ltr'>spiritus</span> <span class='ocrx_word' id='word_1_122' title='bbox 1254 1088 1290 1149; x_wconf 94' lang='lat' dir='ltr'>in</span> <span class='ocrx_word' id='word_1_123' title='bbox 1317 1087 1375 1150; x_wconf 89' lang='lat' dir='ltr'>tali</span> <span class='ocrx_word' id='word_1_124' title='bbox 1404 1087 1510 1151; x_wconf 93' lang='lat' dir='ltr'>cordis</span> <span class='ocrx_word' id='word_1_125' title='bbox 1540 1090 1784 1153; x_wconf 87' lang='lat' dir='ltr'>confirmatione</span> <span class='ocrx_word' id='word_1_126' title='bbox 1817 1090 1922 1154; x_wconf 88' lang='lat' dir='ltr'>multo</span> <span class='ocrx_word' id='word_1_127' title='bbox 1949 1090 2134 1155; x_wconf 86' lang='lat' dir='ltr'>evidentius</span> <span class='ocrx_word' id='word_1_128' title='bbox 2162 1093 2234 1155; x_wconf 91' lang='lat' dir='ltr'>eius</span> 
     </span>
     <span class='ocr_line' id='line_1_10' title="bbox 224 1173 2232 1258; baseline -0.002 -13"><span class='ocrx_word' id='word_1_129' title='bbox 224 1187 336 1246; x_wconf 85' lang='lat' dir='ltr'>tamen</span> <span class='ocrx_word' id='word_1_130' title='bbox 357 1179 503 1242; x_wconf 79' lang='lat' dir='ltr'>verimtis</span> <span class='ocrx_word' id='word_1_131' title='bbox 519 1177 697 1240; x_wconf 87' lang='lat' dir='ltr'>mittendus</span> <span class='ocrx_word' id='word_1_132' title='bbox 720 1186 779 1254; x_wconf 89' lang='lat' dir='ltr'>est,</span> <span class='ocrx_word' id='word_1_133' title='bbox 798 1179 851 1258; x_wconf 85' lang='lat' dir='ltr'>qui</span> <span class='ocrx_word' id='word_1_134' title='bbox 875 1179 1017 1258; x_wconf 85' lang='lat' dir='ltr'>ipsorum</span> <span class='ocrx_word' id='word_1_135' title='bbox 1042 1176 1204 1240; x_wconf 83' lang='lat' dir='ltr'>inentibus</span> <span class='ocrx_word' id='word_1_136' title='bbox 1255 1173 1360 1237; x_wconf 88' lang='lat' dir='ltr'>virtus</span> <span class='ocrx_word' id='word_1_137' title='bbox 1383 1185 1531 1254; x_wconf 86' lang='lat' dir='ltr'>apparet:</span> <span class='ocrx_word' id='word_1_138' title='bbox 1557 1195 1621 1254; x_wconf 88' lang='lat' dir='ltr'>quo</span> <span class='ocrx_word' id='word_1_139' title='bbox 1644 1175 1767 1238; x_wconf 89' lang='lat' dir='ltr'>scilicet</span> <span class='ocrx_word' id='word_1_140' title='bbox 1789 1187 1821 1238; x_wconf 92' lang='lat' dir='ltr'>et</span> <span class='ocrx_word' id='word_1_141' title='bbox 1843 1178 1947 1240; x_wconf 87' lang='lat' dir='ltr'>maior</span> <span class='ocrx_word' id='word_1_142' title='bbox 1969 1188 2019 1241; x_wconf 90' lang='lat' dir='ltr'>est</span> <span class='ocrx_word' id='word_1_143' title='bbox 2040 1177 2147 1241; x_wconf 89' lang='lat' dir='ltr'>cordis</span> <span class='ocrx_word' id='word_1_144' title='bbox 2167 1177 2232 1241; x_wconf 83' lang='lat' dir='ltr'>dif-</span> 
     </span>
     <span class='ocr_line' id='line_1_11' title="bbox 226 1257 2234 1344; baseline -0.002 -14"><span class='ocrx_word' id='word_1_145' title='bbox 226 1265 363 1332; x_wconf 85' lang='lat' dir='ltr'>eaudcm</span> <span class='ocrx_word' id='word_1_146' title='bbox 386 1263 523 1328; x_wconf 88' lang='lat' dir='ltr'>instillet</span> <span class='ocrx_word' id='word_1_147' title='bbox 545 1262 724 1325; x_wconf 88' lang='lat' dir='ltr'>doctrinam</span> <span class='ocrx_word' id='word_1_148' title='bbox 747 1284 844 1343; x_wconf 89' lang='lat' dir='ltr'>quam</span> <span class='ocrx_word' id='word_1_149' title='bbox 867 1263 1001 1327; x_wconf 87' lang='lat' dir='ltr'>auribus</span> <span class='ocrx_word' id='word_1_150' title='bbox 1024 1284 1202 1344; x_wconf 89' lang='lat' dir='ltr'>usurpave·</span> <span class='ocrx_word' id='word_1_151' title='bbox 1255 1257 1391 1322; x_wconf 88' lang='lat' dir='ltr'>fidentia</span> <span class='ocrx_word' id='word_1_152' title='bbox 1412 1281 1511 1340; x_wconf 89' lang='lat' dir='ltr'>quam</span> <span class='ocrx_word' id='word_1_153' title='bbox 1532 1262 1652 1322; x_wconf 87' lang='lat' dir='ltr'>mentis</span> <span class='ocrx_word' id='word_1_154' title='bbox 1669 1260 1816 1337; x_wconf 85' lang='lat' dir='ltr'>caecitas,</span> <span class='ocrx_word' id='word_1_155' title='bbox 1841 1274 1874 1324; x_wconf 87' lang='lat' dir='ltr'>et</span> <span class='ocrx_word' id='word_1_156' title='bbox 1892 1264 2038 1326; x_wconf 90' lang='lat' dir='ltr'>animum</span> <span class='ocrx_word' id='word_1_157' title='bbox 2057 1264 2234 1328; x_wconf 78' lang='lat' dir='ltr'>securitate</span> 
     </span>
     <span class='ocr_line' id='line_1_12' title="bbox 225 1345 2232 1431; baseline -0.002 -13"><span class='ocrx_word' id='word_1_158' title='bbox 225 1364 303 1418; x_wconf 84' lang='lat' dir='ltr'>rant</span> <span class='ocrx_word' id='word_1_159' title='bbox 328 1351 455 1431; x_wconf 79' lang='lat' dir='ltr'>(loanu.</span> <span class='ocrx_word' id='word_1_160' title='bbox 485 1353 536 1424; x_wconf 84' lang='grc'>16,</span> <span class='ocrx_word' id='word_1_161' title='bbox 568 1351 628 1428; x_wconf 82' lang='grc'>13).</span> <span class='ocrx_word' id='word_1_162' title='bbox 677 1348 822 1412; x_wconf 88' lang='lat' dir='ltr'>Verbum</span> <span class='ocrx_word' id='word_1_163' title='bbox 850 1348 981 1430; x_wconf 88' lang='lat' dir='ltr'>quidem</span> <span class='ocrx_word' id='word_1_164' title='bbox 1010 1350 1071 1412; x_wconf 88' lang='lat' dir='ltr'>Dei</span> <span class='ocrx_word' id='word_1_165' title='bbox 1100 1349 1203 1412; x_wconf 88' lang='lat' dir='ltr'>instar</span> <span class='ocrx_word' id='word_1_166' title='bbox 1255 1345 1382 1420; x_wconf 87' lang='lat' dir='ltr'>instrui,</span> <span class='ocrx_word' id='word_1_167' title='bbox 1405 1366 1502 1425; x_wconf 87' lang='lat' dir='ltr'>quam</span> <span class='ocrx_word' id='word_1_168' title='bbox 1521 1357 1665 1409; x_wconf 86' lang='lat' dir='ltr'>mentem</span> <span class='ocrx_word' id='word_1_169' title='bbox 1678 1348 1863 1429; x_wconf 79' lang='lat' dir='ltr'>cognitione</span> <span class='ocrx_word' id='word_1_170' title='bbox 1881 1349 1983 1413; x_wconf 91' lang='lat' dir='ltr'>imbui</span> <span class='ocrx_word' id='word_1_171' title='bbox 1996 1349 2159 1414; x_wconf 88' lang='lat' dir='ltr'>difficilius</span> <span class='ocrx_word' id='word_1_172' title='bbox 2171 1357 2232 1413; x_wconf 75' lang='lat' dir='ltr'>est</span> 
     </span>
     <span class='ocr_line' id='line_1_13' title="bbox 226 1429 2234 1531; baseline -0.002 -28"><span class='ocrx_word' id='word_1_173' title='bbox 226 1438 304 1504; x_wconf 83' lang='lat' dir='ltr'>solis</span> <span class='ocrx_word' id='word_1_174' title='bbox 325 1446 375 1501; x_wconf 85' lang='lat' dir='ltr'>est</span> <span class='ocrx_word' id='word_1_175' title='bbox 396 1435 545 1499; x_wconf 88' lang='lat' dir='ltr'>omnibus</span> <span class='ocrx_word' id='word_1_176' title='bbox 566 1432 755 1514; x_wconf 77' lang='lat' dir='ltr'>effulgentis</span> <span class='ocrx_word' id='word_1_177' title='bbox 772 1434 1122 1517; x_wconf 81' lang='lat' dir='ltr'>quibuspraedicatur;</span> <span class='ocrx_word' id='word_1_178' title='bbox 1146 1433 1202 1496; x_wconf 86' lang='lat' dir='ltr'>sed</span> <span class='ocrx_word' id='word_1_179' title='bbox 1227 1476 1230 1531; x_wconf 58' lang='grc' dir='ltr'>ι</span> <span class='ocrx_word' id='word_1_180' title='bbox 1255 1429 1397 1493; x_wconf 86' lang='lat' dir='ltr'>Proinde</span> <span class='ocrx_word' id='word_1_181' title='bbox 1425 1431 1559 1511; x_wconf 77' lang='lat' dir='ltr'>spiritus</span> <span class='ocrx_word' id='word_1_182' title='bbox 1587 1431 1685 1514; x_wconf 86' lang='lat' dir='ltr'>sigilli</span> <span class='ocrx_word' id='word_1_183' title='bbox 1710 1434 1779 1497; x_wconf 89' lang='lat' dir='ltr'>vicc</span> <span class='ocrx_word' id='word_1_184' title='bbox 1804 1435 1964 1516; x_wconf 78' lang='lat' dir='ltr'>fungitur,</span> <span class='ocrx_word' id='word_1_185' title='bbox 1994 1434 2035 1498; x_wconf 86' lang='lat' dir='ltr'>nd</span> <span class='ocrx_word' id='word_1_186' title='bbox 2064 1456 2118 1499; x_wconf 88' lang='lat' dir='ltr'>eas</span> <span class='ocrx_word' id='word_1_187' title='bbox 2143 1436 2234 1517; x_wconf 90' lang='lat' dir='ltr'>ipsas</span> 
     </span>
     <span class='ocr_line' id='line_1_14' title="bbox 226 1516 2235 1603; baseline -0.002 -15"><span class='ocrx_word' id='word_1_188' title='bbox 226 1524 316 1589; x_wconf 92' lang='lat' dir='ltr'>nullo</span> <span class='ocrx_word' id='word_1_189' title='bbox 346 1543 419 1586; x_wconf 90' lang='lat' dir='ltr'>cum</span> <span class='ocrx_word' id='word_1_190' title='bbox 447 1521 555 1583; x_wconf 84' lang='lat' dir='ltr'>fructu</span> <span class='ocrx_word' id='word_1_191' title='bbox 586 1521 670 1582; x_wconf 84' lang='lat' dir='ltr'>iuter</span> <span class='ocrx_word' id='word_1_192' title='bbox 698 1542 817 1584; x_wconf 87' lang='lat' dir='ltr'>caecos.</span> <span class='ocrx_word' id='word_1_193' title='bbox 862 1521 930 1585; x_wconf 89' lang='lat' dir='ltr'>Nos</span> <span class='ocrx_word' id='word_1_194' title='bbox 953 1532 1062 1584; x_wconf 86' lang='lat' dir='ltr'>autern</span> <span class='ocrx_word' id='word_1_195' title='bbox 1086 1532 1204 1583; x_wconf 90' lang='lat' dir='ltr'>natura</span> <span class='ocrx_word' id='word_1_196' title='bbox 1254 1516 1484 1597; x_wconf 87' lang='lat' dir='ltr'>promissiones</span> <span class='ocrx_word' id='word_1_197' title='bbox 1513 1519 1548 1579; x_wconf 92' lang='lat' dir='ltr'>in</span> <span class='ocrx_word' id='word_1_198' title='bbox 1577 1518 1728 1582; x_wconf 90' lang='lat' dir='ltr'>cordibus</span> <span class='ocrx_word' id='word_1_199' title='bbox 1750 1521 1870 1584; x_wconf 84' lang='lat' dir='ltr'>uostris</span> <span class='ocrx_word' id='word_1_200' title='bbox 1890 1520 2124 1603; x_wconf 83' lang='lat' dir='ltr'>obsignandas,</span> <span class='ocrx_word' id='word_1_201' title='bbox 2152 1541 2235 1603; x_wconf 84' lang='lat' dir='ltr'>qua·</span> 
     </span>
     <span class='ocr_line' id='line_1_15' title="bbox 226 1542 2235 1688; baseline -0.002 -12"><span class='ocrx_word' id='word_1_202' title='bbox 226 1609 312 1676; x_wconf 86' lang='lat' dir='ltr'>caeci</span> <span class='ocrx_word' id='word_1_203' title='bbox 335 1628 448 1671; x_wconf 82' lang='lat' dir='ltr'>suiuus</span> <span class='ocrx_word' id='word_1_204' title='bbox 476 1627 589 1669; x_wconf 89' lang='lat' dir='ltr'>omncs</span> <span class='ocrx_word' id='word_1_205' title='bbox 614 1605 675 1669; x_wconf 88' lang='lat' dir='ltr'>hae</span> <span class='ocrx_word' id='word_1_206' title='bbox 698 1607 730 1668; x_wconf 93' lang='lat' dir='ltr'>iu</span> <span class='ocrx_word' id='word_1_207' title='bbox 754 1616 863 1686; x_wconf 84' lang='lat' dir='ltr'>parte;</span> <span class='ocrx_word' id='word_1_208' title='bbox 892 1606 1027 1687; x_wconf 86' lang='lat' dir='ltr'>proinde</span> <span class='ocrx_word' id='word_1_209' title='bbox 1054 1606 1089 1669; x_wconf 88' lang='lat' dir='ltr'>in</span> <span class='ocrx_word' id='word_1_210' title='bbox 1111 1627 1202 1668; x_wconf 88' lang='lat' dir='ltr'>men·</span> <span class='ocrx_word' id='word_1_211' title='bbox 1226 1542 1230 1677; x_wconf 87' lang='lat' dir='ltr'>l</span> <span class='ocrx_word' id='word_1_212' title='bbox 1255 1622 1329 1664; x_wconf 88' lang='lat' dir='ltr'>rum</span> <span class='ocrx_word' id='word_1_213' title='bbox 1358 1602 1586 1665; x_wconf 82' lang='lat' dir='ltr'>certitudinem</span> <span class='ocrx_word' id='word_1_214' title='bbox 1615 1605 1705 1685; x_wconf 87' lang='lat' dir='ltr'>prius</span> <span class='ocrx_word' id='word_1_215' title='bbox 1735 1606 1899 1669; x_wconf 89' lang='lat' dir='ltr'>mentibus</span> <span class='ocrx_word' id='word_1_216' title='bbox 1927 1608 2105 1687; x_wconf 87' lang='lat' dir='ltr'>impressit;</span> <span class='ocrx_word' id='word_1_217' title='bbox 2133 1616 2235 1688; x_wconf 89' lang='lat' dir='ltr'>atque</span> 
     </span>
     <span class='ocr_line' id='line_1_16' title="bbox 225 1687 2233 1775; baseline -0.001 -16"><span class='ocrx_word' id='word_1_218' title='bbox 225 1702 292 1760; x_wconf 85' lang='lat' dir='ltr'>tom</span> <span class='ocrx_word' id='word_1_219' title='bbox 321 1704 493 1775; x_wconf 87' lang='lat' dir='ltr'>penetrare</span> <span class='ocrx_word' id='word_1_220' title='bbox 523 1691 649 1772; x_wconf 87' lang='lat' dir='ltr'>nequit,</span> <span class='ocrx_word' id='word_1_221' title='bbox 684 1692 744 1755; x_wconf 90' lang='lat' dir='ltr'>nisi</span> <span class='ocrx_word' id='word_1_222' title='bbox 779 1692 934 1756; x_wconf 86' lang='lat' dir='ltr'>interiore</span> <span class='ocrx_word' id='word_1_223' title='bbox 961 1692 1017 1755; x_wconf 92' lang='lat' dir='ltr'>illo</span> <span class='ocrx_word' id='word_1_224' title='bbox 1045 1692 1202 1773; x_wconf 84' lang='lat' dir='ltr'>magistro</span> <span class='ocrx_word' id='word_1_225' title='bbox 1255 1687 1296 1751; x_wconf 90' lang='lat' dir='ltr'>ad</span> <span class='ocrx_word' id='word_1_226' title='bbox 1314 1688 1553 1751; x_wconf 88' lang='lat' dir='ltr'>confirmandus</span> <span class='ocrx_word' id='word_1_227' title='bbox 1576 1700 1609 1751; x_wconf 90' lang='lat' dir='ltr'>et</span> <span class='ocrx_word' id='word_1_228' title='bbox 1621 1690 1864 1755; x_wconf 86' lang='lat' dir='ltr'>constituendas</span> <span class='ocrx_word' id='word_1_229' title='bbox 1879 1693 1998 1756; x_wconf 90' lang='lat' dir='ltr'>arrhae</span> <span class='ocrx_word' id='word_1_230' title='bbox 2013 1692 2120 1757; x_wconf 90' lang='lat' dir='ltr'>locum</span> <span class='ocrx_word' id='word_1_231' title='bbox 2132 1701 2233 1757; x_wconf 79' lang='lat' dir='ltr'>tenet</span> 
     </span>
     <span class='ocr_line' id='line_1_17' title="bbox 226 1773 2232 1864; baseline -0.003 -18"><span class='ocrx_word' id='word_1_232' title='bbox 226 1781 342 1864; x_wconf 89' lang='lat' dir='ltr'>spiritu</span> <span class='ocrx_word' id='word_1_233' title='bbox 365 1800 422 1860; x_wconf 87' lang='lat' dir='ltr'>per</span> <span class='ocrx_word' id='word_1_234' title='bbox 445 1799 538 1841; x_wconf 88' lang='lat' dir='ltr'>suam</span> <span class='ocrx_word' id='word_1_235' title='bbox 561 1776 832 1841; x_wconf 85' lang='lat' dir='ltr'>illuminationem</span> <span class='ocrx_word' id='word_1_236' title='bbox 855 1777 979 1841; x_wconf 86' lang='lat' dir='ltr'>aditum</span> <span class='ocrx_word' id='word_1_237' title='bbox 1002 1779 1149 1842; x_wconf 85' lang='lat' dir='ltr'>faciente.</span> <span class='ocrx_word' id='word_1_238' title='bbox 1255 1773 1433 1854; x_wconf 67' lang='lat' dir='ltr'>Postquam</span> <span class='ocrx_word' id='word_1_239' title='bbox 1456 1774 1656 1850; x_wconf 86' lang='lat' dir='ltr'>credidistis,</span> <span class='ocrx_word' id='word_1_240' title='bbox 1679 1776 1785 1857; x_wconf 89' lang='lat' dir='ltr'>inquit</span> <span class='ocrx_word' id='word_1_241' title='bbox 1806 1778 1972 1858; x_wconf 88' lang='lat' dir='ltr'>apostolus</span> <span class='ocrx_word' id='word_1_242' title='bbox 1994 1779 2094 1860; x_wconf 86' lang='lat' dir='ltr'>(Eph.</span> <span class='ocrx_word' id='word_1_243' title='bbox 2118 1783 2144 1855; x_wconf 91' lang='lat' dir='ltr'>l,</span> <span class='ocrx_word' id='word_1_244' title='bbox 2167 1778 2232 1861; x_wconf 89' lang='grc'><strong>13),</strong></span> 
     </span>
     <span class='ocr_line' id='line_1_18' title="bbox 313 1858 2235 1946; baseline -0.001 -19"><span class='ocrx_word' id='word_1_245' title='bbox 313 1870 362 1928; x_wconf 79' lang='grc'>35.</span> <span class='ocrx_word' id='word_1_246' title='bbox 410 1862 499 1927; x_wconf 81' lang='lat' dir='ltr'>Alibi</span> <span class='ocrx_word' id='word_1_247' title='bbox 524 1884 621 1943; x_wconf 82' lang='lat' dir='ltr'>quum</span> <span class='ocrx_word' id='word_1_248' title='bbox 643 1864 680 1927; x_wconf 89' lang='lat' dir='ltr'>de</span> <span class='ocrx_word' id='word_1_249' title='bbox 703 1868 833 1926; x_wconf 88' lang='lat' dir='ltr'>naturae</span> <span class='ocrx_word' id='word_1_250' title='bbox 854 1865 1047 1944; x_wconf 77' lang='lat' dir='ltr'>corruptione</span> <span class='ocrx_word' id='word_1_251' title='bbox 1068 1869 1203 1927; x_wconf 87' lang='lat' dir='ltr'>tractan-</span> <span class='ocrx_word' id='word_1_252' title='bbox 1254 1858 1417 1940; x_wconf 83' lang='lat' dir='ltr'>obsignati</span> <span class='ocrx_word' id='word_1_253' title='bbox 1444 1861 1521 1923; x_wconf 89' lang='lat' dir='ltr'>estis</span> <span class='ocrx_word' id='word_1_254' title='bbox 1550 1862 1667 1942; x_wconf 88' lang='lat' dir='ltr'>spiritu</span> <span class='ocrx_word' id='word_1_255' title='bbox 1695 1863 1916 1941; x_wconf 86' lang='lat' dir='ltr'>promissionis</span> <span class='ocrx_word' id='word_1_256' title='bbox 1944 1876 2069 1939; x_wconf 84' lang='lat' dir='ltr'>sancto,</span> <span class='ocrx_word' id='word_1_257' title='bbox 2098 1865 2156 1946; x_wconf 89' lang='lat' dir='ltr'>qui</span> <span class='ocrx_word' id='word_1_258' title='bbox 2183 1872 2235 1928; x_wconf 86' lang='lat' dir='ltr'>est</span> 
     </span>
     <span class='ocr_line' id='line_1_19' title="bbox 225 1944 2234 2031; baseline -0.001 -15"><span class='ocrx_word' id='word_1_259' title='bbox 225 1953 301 2019; x_wconf 74' lang='lat' dir='ltr'>deun</span> <span class='ocrx_word' id='word_1_260' title='bbox 332 1951 409 2031; x_wconf 74' lang='lat' dir='ltr'>tuit,</span> <span class='ocrx_word' id='word_1_261' title='bbox 443 1950 572 2029; x_wconf 73' lang='lat' dir='ltr'>plentius</span> <span class='ocrx_word' id='word_1_262' title='bbox 599 1949 787 2013; x_wconf 83' lang='lat' dir='ltr'>osteudimus</span> <span class='ocrx_word' id='word_1_263' title='bbox 815 1971 910 2029; x_wconf 83' lang='lat' dir='ltr'>quam</span> <span class='ocrx_word' id='word_1_264' title='bbox 933 1971 994 2013; x_wconf 87' lang='lat' dir='ltr'>non</span> <span class='ocrx_word' id='word_1_265' title='bbox 1015 1952 1078 2014; x_wconf 88' lang='lat' dir='ltr'>sint</span> <span class='ocrx_word' id='word_1_266' title='bbox 1100 1950 1203 2013; x_wconf 85' lang='lat' dir='ltr'>idonei</span> <span class='ocrx_word' id='word_1_267' title='bbox 1255 1944 1395 2008; x_wconf 81' lang='lat' dir='ltr'>arrhabo</span> <span class='ocrx_word' id='word_1_268' title='bbox 1419 1945 1630 2009; x_wconf 87' lang='lat' dir='ltr'>haereditatis</span> <span class='ocrx_word' id='word_1_269' title='bbox 1652 1959 1790 2011; x_wconf 87' lang='lat' dir='ltr'>nostrae.</span> <span class='ocrx_word' id='word_1_270' title='bbox 1836 1949 1939 2013; x_wconf 89' lang='lat' dir='ltr'>Vides</span> <span class='ocrx_word' id='word_1_271' title='bbox 1961 1963 1999 2013; x_wconf 88' lang='lat' dir='ltr'>ut</span> <span class='ocrx_word' id='word_1_272' title='bbox 2020 1951 2153 2031; x_wconf 88' lang='lat' dir='ltr'>spiritu,</span> <span class='ocrx_word' id='word_1_273' title='bbox 2175 1971 2234 2014; x_wconf 86' lang='lat' dir='ltr'>ve-</span> 
     </span>
     <span class='ocr_line' id='line_1_20' title="bbox 226 2030 2236 2117; baseline -0 -16"><span class='ocrx_word' id='word_1_274' title='bbox 226 2037 364 2102; x_wconf 85' lang='lat' dir='ltr'>homt&#39;ues</span> <span class='ocrx_word' id='word_1_275' title='bbox 387 2035 429 2099; x_wconf 87' lang='lat' dir='ltr'>od</span> <span class='ocrx_word' id='word_1_276' title='bbox 450 2035 642 2098; x_wconf 86' lang='lat' dir='ltr'>cretlemlum.</span> <span class='ocrx_word' id='word_1_277' title='bbox 692 2034 800 2114; x_wconf 72' lang='lat' dir='ltr'>Itaque</span> <span class='ocrx_word' id='word_1_278' title='bbox 827 2057 889 2098; x_wconf 81' lang='lat' dir='ltr'>nori</span> <span class='ocrx_word' id='word_1_279' title='bbox 913 2035 1052 2117; x_wconf 82' lang='lat' dir='ltr'>satipabo</span> <span class='ocrx_word' id='word_1_280' title='bbox 1080 2036 1204 2099; x_wconf 86' lang='lat' dir='ltr'>lectores</span> <span class='ocrx_word' id='word_1_281' title='bbox 1255 2030 1305 2093; x_wconf 90' lang='lat' dir='ltr'>lut</span> <span class='ocrx_word' id='word_1_282' title='bbox 1332 2030 1455 2112; x_wconf 83' lang='lat' dir='ltr'>sigillo,</span> <span class='ocrx_word' id='word_1_283' title='bbox 1483 2032 1582 2095; x_wconf 87' lang='lat' dir='ltr'>corda</span> <span class='ocrx_word' id='word_1_284' title='bbox 1608 2032 1753 2096; x_wconf 88' lang='lat' dir='ltr'>fidelium</span> <span class='ocrx_word' id='word_1_285' title='bbox 1780 2034 1919 2117; x_wconf 89' lang='lat' dir='ltr'>insculpi</span> <span class='ocrx_word' id='word_1_286' title='bbox 1947 2035 2081 2100; x_wconf 78' lang='lat' dir='ltr'>doceat?</span> <span class='ocrx_word' id='word_1_287' title='bbox 2111 2046 2149 2099; x_wconf 87' lang='lat' dir='ltr'>ut</span> <span class='ocrx_word' id='word_1_288' title='bbox 2171 2036 2236 2100; x_wconf 87' lang='lat' dir='ltr'>hao</span> 
     </span>
     <span class='ocr_line' id='line_1_21' title="bbox 226 2115 2235 2203; baseline -0.003 -13"><span class='ocrx_word' id='word_1_289' title='bbox 226 2124 332 2190; x_wconf 77' lang='lat' dir='ltr'>eodan</span> <span class='ocrx_word' id='word_1_290' title='bbox 365 2121 531 2200; x_wconf 83' lang='lat' dir='ltr'>repetendo.</span> <span class='ocrx_word' id='word_1_291' title='bbox 583 2119 730 2200; x_wconf 70' lang='lat' dir='ltr'>Sufficiat</span> <span class='ocrx_word' id='word_1_292' title='bbox 760 2123 909 2200; x_wconf 86' lang='lat' dir='ltr'>spiritum</span> <span class='ocrx_word' id='word_1_293' title='bbox 939 2123 1014 2201; x_wconf 76' lang='lat' dir='ltr'>tidei</span> <span class='ocrx_word' id='word_1_294' title='bbox 1047 2121 1150 2186; x_wconf 86' lang='lat' dir='ltr'>uocari</span> <span class='ocrx_word' id='word_1_295' title='bbox 1183 2141 1203 2183; x_wconf 88' lang='lat' dir='ltr'>a</span> <span class='ocrx_word' id='word_1_296' title='bbox 1255 2115 1380 2179; x_wconf 85' lang='lat' dir='ltr'>ratione</span> <span class='ocrx_word' id='word_1_297' title='bbox 1409 2118 1551 2198; x_wconf 87' lang='lat' dir='ltr'>appellet</span> <span class='ocrx_word' id='word_1_298' title='bbox 1578 2119 1800 2199; x_wconf 82' lang='lat' dir='ltr'>promissionis</span> <span class='ocrx_word' id='word_1_299' title='bbox 1830 2122 1994 2202; x_wconf 90' lang='lat' dir='ltr'>spiritum,</span> <span class='ocrx_word' id='word_1_300' title='bbox 2023 2123 2100 2203; x_wconf 87' lang='lat' dir='ltr'>quia</span> <span class='ocrx_word' id='word_1_301' title='bbox 2122 2131 2235 2185; x_wconf 86' lang='lat' dir='ltr'>ratum</span> 
     </span>
     <span class='ocr_line' id='line_1_22' title="bbox 229 2202 2277 2289; baseline -0.002 -14"><span class='ocrx_word' id='word_1_302' title='bbox 229 2208 332 2275; x_wconf 85' lang='lat' dir='ltr'>Paule</span> <span class='ocrx_word' id='word_1_303' title='bbox 355 2208 388 2289; x_wconf 95' lang='grc'>(2</span> <span class='ocrx_word' id='word_1_304' title='bbox 410 2208 538 2282; x_wconf 71' lang='lat' dir='ltr'>Doni,</span> <span class='ocrx_word' id='word_1_305' title='bbox 562 2208 615 2289; x_wconf 82' lang='grc'>13)</span> <span class='ocrx_word' id='word_1_306' title='bbox 640 2206 872 2286; x_wconf 71' lang='lat' dir='ltr'>principatum,</span> <span class='ocrx_word' id='word_1_307' title='bbox 905 2229 968 2289; x_wconf 80' lang='lat' dir='ltr'>qua</span> <span class='ocrx_word' id='word_1_308' title='bbox 1001 2208 1156 2272; x_wconf 87' lang='lat' dir='ltr'>donamur</span> <span class='ocrx_word' id='word_1_309' title='bbox 1182 2227 1203 2269; x_wconf 89' lang='lat' dir='ltr'>a</span> <span class='ocrx_word' id='word_1_310' title='bbox 1256 2202 1344 2283; x_wconf 87' lang='lat' dir='ltr'>apud</span> <span class='ocrx_word' id='word_1_311' title='bbox 1377 2223 1436 2266; x_wconf 91' lang='lat' dir='ltr'>nos</span> <span class='ocrx_word' id='word_1_312' title='bbox 1469 2204 1675 2286; x_wconf 82' lang='lat' dir='ltr'>evangelium</span> <span class='ocrx_word' id='word_1_313' title='bbox 1708 2206 1807 2269; x_wconf 80' lang='lat' dir='ltr'>facit?</span> <span class='ocrx_word' id='word_1_314' title='bbox 1852 2205 2011 2271; x_wconf 79' lang='lat' dir='ltr'>Similiter</span> <span class='ocrx_word' id='word_1_315' title='bbox 2042 2207 2084 2272; x_wconf 92' lang='lat' dir='ltr'>ad</span> <span class='ocrx_word' id='word_1_316' title='bbox 2112 2206 2234 2272; x_wconf 82' lang='lat' dir='ltr'>Corin·</span> <span class='ocrx_word' id='word_1_317' title='bbox 2272 2238 2277 2245; x_wconf 90' lang='lat'><strong>·</strong></span> 
     </span>
     <span class='ocr_line' id='line_1_23' title="bbox 225 2287 2232 2377; baseline -0.001 -17"><span class='ocrx_word' id='word_1_318' title='bbox 225 2296 439 2377; x_wconf 71' lang='lat' dir='ltr'>spiritunon</span> <span class='ocrx_word' id='word_1_319' title='bbox 461 2298 562 2355; x_wconf 89' lang='lat' dir='ltr'>autem</span> <span class='ocrx_word' id='word_1_320' title='bbox 584 2313 679 2372; x_wconf 78' lang='lat' dir='ltr'>petam</span> <span class='ocrx_word' id='word_1_321' title='bbox 700 2293 885 2357; x_wconf 76' lang='lat' dir='ltr'>italuralder</span> <span class='ocrx_word' id='word_1_322' title='bbox 906 2293 1082 2357; x_wconf 88' lang='lat' dir='ltr'>habeamus.</span> <span class='ocrx_word' id='word_1_323' title='bbox 1128 2291 1204 2356; x_wconf 87' lang='lat' dir='ltr'>Ideo</span> <span class='ocrx_word' id='word_1_324' title='bbox 1255 2287 1355 2351; x_wconf 89' lang='lat' dir='ltr'>thios:</span> <span class='ocrx_word' id='word_1_325' title='bbox 1380 2289 1436 2368; x_wconf 89' lang='lat' dir='ltr'>qui</span> <span class='ocrx_word' id='word_1_326' title='bbox 1460 2291 1557 2352; x_wconf 81' lang='lat' dir='ltr'>unxit</span> <span class='ocrx_word' id='word_1_327' title='bbox 1578 2312 1638 2354; x_wconf 92' lang='lat' dir='ltr'>nos</span> <span class='ocrx_word' id='word_1_328' title='bbox 1659 2290 1761 2365; x_wconf 89' lang='lat' dir='ltr'>Deus,</span> <span class='ocrx_word' id='word_1_329' title='bbox 1785 2292 1841 2369; x_wconf 88' lang='lat' dir='ltr'>ait,</span> <span class='ocrx_word' id='word_1_330' title='bbox 1864 2293 1919 2373; x_wconf 90' lang='lat' dir='ltr'>qui</span> <span class='ocrx_word' id='word_1_331' title='bbox 1941 2302 1975 2356; x_wconf 89' lang='lat' dir='ltr'>ct</span> <span class='ocrx_word' id='word_1_332' title='bbox 1997 2293 2141 2376; x_wconf 79' lang='lat' dir='ltr'>signavit</span> <span class='ocrx_word' id='word_1_333' title='bbox 2163 2315 2232 2371; x_wconf 90' lang='lat' dir='ltr'>nos,</span> 
     </span>
     <span class='ocr_line' id='line_1_24' title="bbox 267 2372 2233 2462; baseline -0.001 -18"><span class='ocrx_word' id='word_1_334' title='bbox 267 2384 372 2444; x_wconf 79' lang='lat' dir='ltr'>matur</span> <span class='ocrx_word' id='word_1_335' title='bbox 400 2383 433 2441; x_wconf 88' lang='lat' dir='ltr'>ut</span> <span class='ocrx_word' id='word_1_336' title='bbox 456 2379 489 2441; x_wconf 90' lang='lat' dir='ltr'>in</span> <span class='ocrx_word' id='word_1_337' title='bbox 516 2377 839 2442; x_wconf 77' lang='lat' dir='ltr'>Thessalonicensibus</span> <span class='ocrx_word' id='word_1_338' title='bbox 861 2380 986 2461; x_wconf 88' lang='lat' dir='ltr'>impleut</span> <span class='ocrx_word' id='word_1_339' title='bbox 1007 2378 1097 2443; x_wconf 87' lang='lat' dir='ltr'>Deus</span> <span class='ocrx_word' id='word_1_340' title='bbox 1118 2398 1204 2441; x_wconf 85' lang='lat' dir='ltr'>mnne</span> <span class='ocrx_word' id='word_1_341' title='bbox 1255 2381 1289 2436; x_wconf 91' lang='lat' dir='ltr'>et</span> <span class='ocrx_word' id='word_1_342' title='bbox 1310 2372 1400 2437; x_wconf 83' lang='lat' dir='ltr'>dedit</span> <span class='ocrx_word' id='word_1_343' title='bbox 1421 2375 1555 2438; x_wconf 87' lang='lat' dir='ltr'>arrham</span> <span class='ocrx_word' id='word_1_344' title='bbox 1577 2376 1712 2457; x_wconf 88' lang='lat' dir='ltr'>spiritus</span> <span class='ocrx_word' id='word_1_345' title='bbox 1733 2378 1770 2440; x_wconf 89' lang='lat' dir='ltr'>in</span> <span class='ocrx_word' id='word_1_346' title='bbox 1792 2377 1943 2442; x_wconf 89' lang='lat' dir='ltr'>cordibus</span> <span class='ocrx_word' id='word_1_347' title='bbox 1967 2381 2087 2443; x_wconf 88' lang='lat' dir='ltr'>nostris</span> <span class='ocrx_word' id='word_1_348' title='bbox 2110 2384 2144 2462; x_wconf 84' lang='lat'>(2</span> <span class='ocrx_word' id='word_1_349' title='bbox 2158 2379 2233 2444; x_wconf 85' lang='lat' dir='ltr'>Cor.</span> 
     </span>
     <span class='ocr_line' id='line_1_25' title="bbox 246 2460 2235 2548; baseline -0.004 -19"><span class='ocrx_word' id='word_1_350' title='bbox 246 2465 447 2546; x_wconf 85' lang='lat' dir='ltr'>eneplacitum</span> <span class='ocrx_word' id='word_1_351' title='bbox 468 2485 560 2528; x_wconf 90' lang='lat' dir='ltr'>suum</span> <span class='ocrx_word' id='word_1_352' title='bbox 588 2470 615 2527; x_wconf 91' lang='lat' dir='ltr'>et</span> <span class='ocrx_word' id='word_1_353' title='bbox 641 2484 717 2543; x_wconf 75' lang='lat' dir='ltr'>opms</span> <span class='ocrx_word' id='word_1_354' title='bbox 742 2464 818 2544; x_wconf 73' lang='lat' dir='ltr'>fidei</span> <span class='ocrx_word' id='word_1_355' title='bbox 846 2467 880 2528; x_wconf 86' lang='lat' dir='ltr'>in</span> <span class='ocrx_word' id='word_1_356' title='bbox 902 2467 1014 2528; x_wconf 86' lang='lat' dir='ltr'>virtute</span> <span class='ocrx_word' id='word_1_357' title='bbox 1036 2465 1070 2548; x_wconf 83' lang='lat'>(2</span> <span class='ocrx_word' id='word_1_358' title='bbox 1090 2464 1202 2528; x_wconf 79' lang='lat' dir='ltr'>Thess.</span> <span class='ocrx_word' id='word_1_359' title='bbox 1261 2464 1285 2536; x_wconf 91' lang='lat' dir='ltr'>l,</span> <span class='ocrx_word' id='word_1_360' title='bbox 1308 2460 1374 2540; x_wconf 86' lang='grc'>21).</span> <span class='ocrx_word' id='word_1_361' title='bbox 1407 2460 1455 2523; x_wconf 88' lang='lat' dir='ltr'>Et</span> <span class='ocrx_word' id='word_1_362' title='bbox 1476 2461 1553 2525; x_wconf 88' lang='lat' dir='ltr'>alibi</span> <span class='ocrx_word' id='word_1_363' title='bbox 1572 2461 1662 2544; x_wconf 82' lang='lat' dir='ltr'>(ibid.</span> <span class='ocrx_word' id='word_1_364' title='bbox 1684 2469 1711 2539; x_wconf 70' lang='lat' dir='ltr'>li,</span> <span class='ocrx_word' id='word_1_365' title='bbox 1732 2464 1782 2544; x_wconf 81' lang='lat'>5),</span> <span class='ocrx_word' id='word_1_366' title='bbox 1804 2486 1905 2544; x_wconf 88' lang='lat' dir='ltr'>quum</span> <span class='ocrx_word' id='word_1_367' title='bbox 1928 2464 1968 2528; x_wconf 75' lang='lat' dir='ltr'>de</span> <span class='ocrx_word' id='word_1_368' title='bbox 1989 2465 2111 2530; x_wconf 73' lang='lat' dir='ltr'>fiducia</span> <span class='ocrx_word' id='word_1_369' title='bbox 2133 2465 2235 2530; x_wconf 75' lang='lat' dir='ltr'>auda-</span> 
     </span>
     <span class='ocr_line' id='line_1_26' title="bbox 229 2545 2237 2633; baseline -0.001 -17"><span class='ocrx_word' id='word_1_370' title='bbox 229 2556 263 2630; x_wconf 92' lang='lat' dir='ltr'>l,</span> <span class='ocrx_word' id='word_1_371' title='bbox 289 2556 349 2633; x_wconf 89' lang='lat' dir='ltr'>ll).</span> <span class='ocrx_word' id='word_1_372' title='bbox 400 2549 461 2616; x_wconf 86' lang='lat' dir='ltr'>Ubi</span> <span class='ocrx_word' id='word_1_373' title='bbox 493 2550 587 2630; x_wconf 73' lang='lat' dir='ltr'>tidem</span> <span class='ocrx_word' id='word_1_374' title='bbox 609 2570 721 2614; x_wconf 85' lang='lat' dir='ltr'>vocans</span> <span class='ocrx_word' id='word_1_375' title='bbox 743 2571 822 2632; x_wconf 73' lang='lat' dir='ltr'>opnts</span> <span class='ocrx_word' id='word_1_376' title='bbox 844 2551 920 2629; x_wconf 88' lang='lat' dir='ltr'>Dei,</span> <span class='ocrx_word' id='word_1_377' title='bbox 950 2552 1060 2615; x_wconf 89' lang='lat' dir='ltr'>etloco</span> <span class='ocrx_word' id='word_1_378' title='bbox 1081 2549 1203 2630; x_wconf 75' lang='lat' dir='ltr'>epitheti</span> <span class='ocrx_word' id='word_1_379' title='bbox 1256 2545 1368 2627; x_wconf 83' lang='lat' dir='ltr'>cisque</span> <span class='ocrx_word' id='word_1_380' title='bbox 1400 2547 1554 2627; x_wconf 88' lang='lat' dir='ltr'>sperandi</span> <span class='ocrx_word' id='word_1_381' title='bbox 1583 2548 1740 2629; x_wconf 89' lang='lat' dir='ltr'>loquitur,</span> <span class='ocrx_word' id='word_1_382' title='bbox 1774 2549 1843 2613; x_wconf 89' lang='lat' dir='ltr'>eius</span> <span class='ocrx_word' id='word_1_383' title='bbox 1872 2549 2123 2614; x_wconf 88' lang='lat' dir='ltr'>fundamentum</span> <span class='ocrx_word' id='word_1_384' title='bbox 2156 2552 2237 2616; x_wconf 85' lang='lat' dir='ltr'>facit</span> 
     </span>
     <span class='ocr_line' id='line_1_27' title="bbox 225 2632 1554 2720; baseline -0.005 -17"><span class='ocrx_word' id='word_1_385' title='bbox 225 2637 414 2720; x_wconf 79' lang='lat' dir='ltr'>insipniens,</span> <span class='ocrx_word' id='word_1_386' title='bbox 438 2637 611 2717; x_wconf 82' lang='lat' dir='ltr'>appositive</span> <span class='ocrx_word' id='word_1_387' title='bbox 633 2656 745 2699; x_wconf 38' lang='lat' dir='ltr'>‘accures</span> <span class='ocrx_word' id='word_1_388' title='bbox 767 2637 1001 2718; x_wconf 87' lang='lat' dir='ltr'>beneplacitum,</span> <span class='ocrx_word' id='word_1_389' title='bbox 1029 2642 1118 2719; x_wconf 72' lang='lat' dir='ltr'>crepat</span> <span class='ocrx_word' id='word_1_390' title='bbox 1140 2655 1204 2699; x_wconf 89' lang='lat' dir='ltr'>esse</span> <span class='ocrx_word' id='word_1_391' title='bbox 1256 2632 1389 2713; x_wconf 89' lang='lat' dir='ltr'>spiritus</span> <span class='ocrx_word' id='word_1_392' title='bbox 1412 2633 1554 2696; x_wconf 85' lang='lat' dir='ltr'>arrham</span> 
     </span>
     <span class='ocr_line' id='line_1_28' title="bbox 225 2718 2234 2805; baseline -0.002 -15"><span class='ocrx_word' id='word_1_393' title='bbox 225 2744 265 2790; x_wconf 77' lang='lat' dir='ltr'>es</span> <span class='ocrx_word' id='word_1_394' title='bbox 280 2724 413 2805; x_wconf 85' lang='lat' dir='ltr'>proprio</span> <span class='ocrx_word' id='word_1_395' title='bbox 430 2721 564 2786; x_wconf 74' lang='lat' dir='ltr'>leontinis</span> <span class='ocrx_word' id='word_1_396' title='bbox 582 2727 681 2800; x_wconf 89' lang='lat' dir='ltr'>motu,·</span> <span class='ocrx_word' id='word_1_397' title='bbox 703 2743 797 2802; x_wconf 80' lang='lat' dir='ltr'>neque</span> <span class='ocrx_word' id='word_1_398' title='bbox 820 2745 852 2786; x_wconf 87' lang='lat' dir='ltr'>eo</span> <span class='ocrx_word' id='word_1_399' title='bbox 874 2729 1028 2787; x_wconf 87' lang='lat' dir='ltr'>contentus</span> <span class='ocrx_word' id='word_1_400' title='bbox 1049 2722 1203 2803; x_wconf 76' lang='lat' dir='ltr'>aeliunpil,</span> <span class='ocrx_word' id='word_1_401' title='bbox 1344 2722 1393 2780; x_wconf 83' lang='grc'>37.</span> <span class='ocrx_word' id='word_1_402' title='bbox 1441 2718 1548 2798; x_wconf 81' lang='lat' dir='ltr'>Neque</span> <span class='ocrx_word' id='word_1_403' title='bbox 1574 2740 1646 2783; x_wconf 87' lang='lat' dir='ltr'>cero</span> <span class='ocrx_word' id='word_1_404' title='bbox 1674 2719 1786 2784; x_wconf 87' lang='lat' dir='ltr'>oblitus</span> <span class='ocrx_word' id='word_1_405' title='bbox 1809 2741 1880 2785; x_wconf 89' lang='lat' dir='ltr'>sum</span> <span class='ocrx_word' id='word_1_406' title='bbox 1899 2722 1982 2802; x_wconf 81' lang='lat' dir='ltr'>quod</span> <span class='ocrx_word' id='word_1_407' title='bbox 2004 2728 2073 2786; x_wconf 70' lang='lat' dir='ltr'>anu</span> <span class='ocrx_word' id='word_1_408' title='bbox 2095 2722 2177 2799; x_wconf 76' lang='lat' dir='ltr'>diei,</span> <span class='ocrx_word' id='word_1_409' title='bbox 2205 2728 2234 2786; x_wconf 87' lang='lat' dir='ltr'>et</span> 
     </span>
     <span class='ocr_line' id='line_1_29' title="bbox 225 2804 2236 2892; baseline -0 -19"><span class='ocrx_word' id='word_1_410' title='bbox 225 2810 378 2892; x_wconf 78' lang='lat' dir='ltr'>specimen</span> <span class='ocrx_word' id='word_1_411' title='bbox 400 2828 465 2872; x_wconf 88' lang='lat' dir='ltr'>esse</span> <span class='ocrx_word' id='word_1_412' title='bbox 486 2808 614 2871; x_wconf 46' lang='lat' dir='ltr'>*uirtutis</span> <span class='ocrx_word' id='word_1_413' title='bbox 633 2808 767 2872; x_wconf 85' lang='lat' dir='ltr'>divinae.</span> <span class='ocrx_word' id='word_1_414' title='bbox 803 2809 858 2874; x_wconf 76' lang='lat' dir='ltr'>Aa</span> <span class='ocrx_word' id='word_1_415' title='bbox 878 2808 1053 2873; x_wconf 76' lang='lat' dir='ltr'>Corinthios</span> <span class='ocrx_word' id='word_1_416' title='bbox 1074 2811 1107 2888; x_wconf 88' lang='grc'>(1</span> <span class='ocrx_word' id='word_1_417' title='bbox 1129 2805 1202 2870; x_wconf 81' lang='lat' dir='ltr'>Cor.</span> <span class='ocrx_word' id='word_1_418' title='bbox 1256 2804 1347 2867; x_wconf 88' lang='lat' dir='ltr'>cuius</span> <span class='ocrx_word' id='word_1_419' title='bbox 1377 2806 1560 2868; x_wconf 82' lang='lat' dir='ltr'>menmriam</span> <span class='ocrx_word' id='word_1_420' title='bbox 1592 2805 1720 2869; x_wconf 86' lang='lat' dir='ltr'>assidue</span> <span class='ocrx_word' id='word_1_421' title='bbox 1751 2812 1876 2872; x_wconf 86' lang='lat' dir='ltr'>renovat</span> <span class='ocrx_word' id='word_1_422' title='bbox 1904 2809 2110 2888; x_wconf 74' lang='lat' dir='ltr'>cooperientia,</span> <span class='ocrx_word' id='word_1_423' title='bbox 2140 2809 2236 2888; x_wconf 72' lang='lat' dir='ltr'>fidem</span> 
     </span>
     <span class='ocr_line' id='line_1_30' title="bbox 226 2889 2237 2978; baseline -0 -18"><span class='ocrx_word' id='word_1_424' title='bbox 226 2898 264 2973; x_wconf 86' lang='grc'>2,</span> <span class='ocrx_word' id='word_1_425' title='bbox 284 2896 336 2978; x_wconf 81' lang='lat' dir='ltr'>t),</span> <span class='ocrx_word' id='word_1_426' title='bbox 369 2895 421 2957; x_wconf 74' lang='lat' dir='ltr'>edii</span> <span class='ocrx_word' id='word_1_427' title='bbox 448 2894 541 2974; x_wconf 72' lang='lat' dir='ltr'>tidem</span> <span class='ocrx_word' id='word_1_428' title='bbox 567 2914 628 2956; x_wconf 79' lang='lat' dir='ltr'>iton</span> <span class='ocrx_word' id='word_1_429' title='bbox 653 2895 788 2975; x_wconf 83' lang='lat' dir='ltr'>pendere</span> <span class='ocrx_word' id='word_1_430' title='bbox 809 2917 847 2960; x_wconf 79' lang='lat' dir='ltr'>ea</span> <span class='ocrx_word' id='word_1_431' title='bbox 868 2896 1025 2976; x_wconf 73' lang='lat' dir='ltr'>euphemia</span> <span class='ocrx_word' id='word_1_432' title='bbox 1046 2893 1206 2958; x_wconf 81' lang='lat' dir='ltr'>hominnm</span> <span class='ocrx_word' id='word_1_433' title='bbox 1256 2889 1370 2954; x_wconf 88' lang='lat' dir='ltr'>scilicet</span> <span class='ocrx_word' id='word_1_434' title='bbox 1398 2891 1499 2954; x_wconf 81' lang='lat' dir='ltr'>acriis</span> <span class='ocrx_word' id='word_1_435' title='bbox 1526 2891 1771 2956; x_wconf 77' lang='lat' dir='ltr'>dubitationibus</span> <span class='ocrx_word' id='word_1_436' title='bbox 1800 2893 1933 2973; x_wconf 77' lang='lat' dir='ltr'>impelli,</span> <span class='ocrx_word' id='word_1_437' title='bbox 1962 2899 1997 2958; x_wconf 88' lang='lat' dir='ltr'>ut</span> <span class='ocrx_word' id='word_1_438' title='bbox 2018 2915 2091 2957; x_wconf 88' lang='lat' dir='ltr'>raro</span> <span class='ocrx_word' id='word_1_439' title='bbox 2112 2895 2237 2959; x_wconf 84' lang='lat' dir='ltr'>sedatae</span> 
     </span>
     <span class='ocr_line' id='line_1_31' title="bbox 225 2977 2238 3061; baseline -0.002 -12"><span class='ocrx_word' id='word_1_440' title='bbox 225 2982 315 3057; x_wconf 82' lang='lat' dir='ltr'>dicit,</span> <span class='ocrx_word' id='word_1_441' title='bbox 338 2981 391 3044; x_wconf 86' lang='lat' dir='ltr'>sed</span> <span class='ocrx_word' id='word_1_442' title='bbox 411 2981 580 3060; x_wconf 68' lang='lat' dir='ltr'>{aridolum</span> <span class='ocrx_word' id='word_1_443' title='bbox 600 2998 666 3043; x_wconf 89' lang='lat' dir='ltr'>csse</span> <span class='ocrx_word' id='word_1_444' title='bbox 685 2981 719 3043; x_wconf 90' lang='lat' dir='ltr'>iu</span> <span class='ocrx_word' id='word_1_445' title='bbox 735 2982 874 3061; x_wconf 73' lang='lat' dir='ltr'>potum</span> <span class='ocrx_word' id='word_1_446' title='bbox 896 2983 1041 3061; x_wconf 84' lang='lat' dir='ltr'>spiritus,</span> <span class='ocrx_word' id='word_1_447' title='bbox 1070 2980 1206 3060; x_wconf 80' lang='lat' dir='ltr'>loquitur</span> <span class='ocrx_word' id='word_1_448' title='bbox 1256 2977 1321 3039; x_wconf 85' lang='lat' dir='ltr'>sint</span> <span class='ocrx_word' id='word_1_449' title='bbox 1336 2977 1466 3056; x_wconf 84' lang='lat' dir='ltr'>piorum</span> <span class='ocrx_word' id='word_1_450' title='bbox 1487 2983 1609 3055; x_wconf 87' lang='lat' dir='ltr'>mentes,</span> <span class='ocrx_word' id='word_1_451' title='bbox 1631 2978 1739 3042; x_wconf 87' lang='lat' dir='ltr'>saltem</span> <span class='ocrx_word' id='word_1_452' title='bbox 1760 2999 1822 3042; x_wconf 90' lang='lat' dir='ltr'>non</span> <span class='ocrx_word' id='word_1_453' title='bbox 1842 2999 1962 3061; x_wconf 80' lang='lat' dir='ltr'>seraper</span> <span class='ocrx_word' id='word_1_454' title='bbox 1981 2979 2134 3060; x_wconf 81' lang='lat' dir='ltr'>fruantur</span> <span class='ocrx_word' id='word_1_455' title='bbox 2151 2986 2238 3044; x_wconf 87' lang='lat' dir='ltr'>tron-</span> 
     </span>
     <span class='ocr_line' id='line_1_32' title="bbox 226 3061 2235 3151; baseline -0.001 -20"><span class='ocrx_word' id='word_1_456' title='bbox 226 3067 351 3151; x_wconf 77' lang='lat' dir='ltr'>quidem</span> <span class='ocrx_word' id='word_1_457' title='bbox 383 3066 420 3128; x_wconf 89' lang='lat' dir='ltr'>de</span> <span class='ocrx_word' id='word_1_458' title='bbox 453 3066 589 3129; x_wconf 79' lang='lat' dir='ltr'>cateruis</span> <span class='ocrx_word' id='word_1_459' title='bbox 621 3067 800 3148; x_wconf 70' lang='lat' dir='ltr'>inermus,-</span> <span class='ocrx_word' id='word_1_460' title='bbox 830 3068 885 3132; x_wconf 90' lang='lat' dir='ltr'>sed</span> <span class='ocrx_word' id='word_1_461' title='bbox 916 3067 993 3148; x_wconf 78' lang='lat' dir='ltr'>puio</span> <span class='ocrx_word' id='word_1_462' title='bbox 1024 3065 1068 3129; x_wconf 88' lang='lat' dir='ltr'>ad</span> <span class='ocrx_word' id='word_1_463' title='bbox 1100 3085 1206 3129; x_wconf 86' lang='lat' dir='ltr'>eorum</span> <span class='ocrx_word' id='word_1_464' title='bbox 1257 3061 1353 3142; x_wconf 71' lang='lat' dir='ltr'>perillo</span> <span class='ocrx_word' id='word_1_465' title='bbox 1381 3068 1482 3139; x_wconf 87' lang='lat' dir='ltr'>stotu;</span> <span class='ocrx_word' id='word_1_466' title='bbox 1510 3064 1576 3140; x_wconf 89' lang='lat' dir='ltr'>sed,</span> <span class='ocrx_word' id='word_1_467' title='bbox 1604 3064 1836 3144; x_wconf 78' lang='lat' dir='ltr'>quibuscunque</span> <span class='ocrx_word' id='word_1_468' title='bbox 1864 3065 2018 3130; x_wconf 74' lang='lat' dir='ltr'>aeschinis</span> <span class='ocrx_word' id='word_1_469' title='bbox 2039 3069 2235 3147; x_wconf 79' lang='lat' dir='ltr'>quatiantur,</span> 
     </span>
     <span class='ocr_line' id='line_1_33' title="bbox 225 3147 2237 3234; baseline -0 -16"><span class='ocrx_word' id='word_1_470' title='bbox 225 3156 382 3231; x_wconf 83' lang='lat' dir='ltr'>aspectum</span> <span class='ocrx_word' id='word_1_471' title='bbox 414 3151 587 3215; x_wconf 88' lang='lat' dir='ltr'>caecutiunt</span> <span class='ocrx_word' id='word_1_472' title='bbox 612 3152 748 3231; x_wconf 81' lang='lat' dir='ltr'>reprobi,</span> <span class='ocrx_word' id='word_1_473' title='bbox 782 3153 1007 3234; x_wconf 87' lang='lat' dir='ltr'>comprehendit</span> <span class='ocrx_word' id='word_1_474' title='bbox 1034 3152 1127 3216; x_wconf 88' lang='lat' dir='ltr'>etiam</span> <span class='ocrx_word' id='word_1_475' title='bbox 1154 3150 1205 3213; x_wconf 78' lang='lat' dir='ltr'>im</span> <span class='ocrx_word' id='word_1_476' title='bbox 1257 3147 1306 3212; x_wconf 84' lang='lat' dir='ltr'>nel</span> <span class='ocrx_word' id='word_1_477' title='bbox 1327 3167 1365 3210; x_wconf 81' lang='lat' dir='ltr'>ea</span> <span class='ocrx_word' id='word_1_478' title='bbox 1384 3149 1453 3229; x_wconf 86' lang='lat' dir='ltr'>ipsu</span> <span class='ocrx_word' id='word_1_479' title='bbox 1478 3149 1678 3213; x_wconf 89' lang='lat' dir='ltr'>tentationum</span> <span class='ocrx_word' id='word_1_480' title='bbox 1702 3154 1824 3233; x_wconf 79' lang='lat' dir='ltr'>perpite</span> <span class='ocrx_word' id='word_1_481' title='bbox 1845 3157 2014 3233; x_wconf 74' lang='lat' dir='ltr'>caterpam,</span> <span class='ocrx_word' id='word_1_482' title='bbox 2043 3154 2089 3217; x_wconf 85' lang='lat' dir='ltr'>vel</span> <span class='ocrx_word' id='word_1_483' title='bbox 2118 3154 2153 3216; x_wconf 89' lang='lat' dir='ltr'>in</span> <span class='ocrx_word' id='word_1_484' title='bbox 2174 3157 2237 3217; x_wconf 76' lang='lat' dir='ltr'>sta</span> 
     </span>
     <span class='ocr_line' id='line_1_34' title="bbox 225 3234 2239 3319; baseline -0 -16"><span class='ocrx_word' id='word_1_485' title='bbox 225 3238 325 3303; x_wconf 63' lang='lat' dir='ltr'>arius</span> <span class='ocrx_word' id='word_1_486' title='bbox 353 3236 433 3301; x_wconf 88' lang='lat' dir='ltr'>illud</span> <span class='ocrx_word' id='word_1_487' title='bbox 462 3236 618 3317; x_wconf 83' lang='lat' dir='ltr'>sipillum,</span> <span class='ocrx_word' id='word_1_488' title='bbox 652 3240 744 3301; x_wconf 88' lang='lat' dir='ltr'>cuias</span> <span class='ocrx_word' id='word_1_489' title='bbox 772 3240 848 3303; x_wconf 83' lang='lat' dir='ltr'>olibi</span> <span class='ocrx_word' id='word_1_490' title='bbox 877 3239 1025 3302; x_wconf 84' lang='lat' dir='ltr'>meminit.</span> <span class='ocrx_word' id='word_1_491' title='bbox 1069 3237 1119 3301; x_wconf 85' lang='lat' dir='ltr'>Ac</span> <span class='ocrx_word' id='word_1_492' title='bbox 1146 3257 1205 3317; x_wconf 81' lang='lat' dir='ltr'>quc</span> <span class='ocrx_word' id='word_1_493' title='bbox 1257 3234 1338 3297; x_wconf 88' lang='lat' dir='ltr'>tione</span> <span class='ocrx_word' id='word_1_494' title='bbox 1359 3254 1420 3297; x_wconf 86' lang='lat' dir='ltr'>sua</span> <span class='ocrx_word' id='word_1_495' title='bbox 1436 3240 1627 3314; x_wconf 85' lang='lat' dir='ltr'>permanent.</span> <span class='ocrx_word' id='word_1_496' title='bbox 1673 3236 1832 3301; x_wconf 73' lang='lat' dir='ltr'>Securitas</span> <span class='ocrx_word' id='word_1_497' title='bbox 1860 3238 1984 3317; x_wconf 74' lang='lat' dir='ltr'>quidem</span> <span class='ocrx_word' id='word_1_498' title='bbox 2009 3237 2082 3302; x_wconf 87' lang='lat' dir='ltr'>haec</span> <span class='ocrx_word' id='word_1_499' title='bbox 2103 3238 2173 3302; x_wconf 88' lang='lat' dir='ltr'>sola</span> <span class='ocrx_word' id='word_1_500' title='bbox 2193 3238 2239 3319; x_wconf 79' lang='lat' dir='ltr'>so-</span> 
     </span>
     <span class='ocr_line' id='line_1_35' title="bbox 225 3322 2239 3405; baseline 0 -16"><span class='ocrx_word' id='word_1_501' title='bbox 225 3324 329 3405; x_wconf 79' lang='lat' dir='ltr'>mopis</span> <span class='ocrx_word' id='word_1_502' title='bbox 355 3323 389 3385; x_wconf 89' lang='lat' dir='ltr'>iu</span> <span class='ocrx_word' id='word_1_503' title='bbox 412 3328 476 3386; x_wconf 82' lang='lat' dir='ltr'>tarn</span> <span class='ocrx_word' id='word_1_504' title='bbox 492 3323 658 3402; x_wconf 87' lang='lat' dir='ltr'>praeclaro</span> <span class='ocrx_word' id='word_1_505' title='bbox 683 3324 762 3387; x_wconf 80' lang='lat' dir='ltr'>dorio</span> <span class='ocrx_word' id='word_1_506' title='bbox 783 3346 877 3389; x_wconf 88' lang='lat' dir='ltr'>suam</span> <span class='ocrx_word' id='word_1_507' title='bbox 898 3324 1113 3389; x_wconf 75' lang='lat' dir='ltr'>liberalitatem</span> <span class='ocrx_word' id='word_1_508' title='bbox 1135 3323 1205 3386; x_wconf 78' lang='lat' dir='ltr'>illu</span> <span class='ocrx_word' id='word_1_509' title='bbox 1258 3324 1304 3383; x_wconf 85' lang='lat' dir='ltr'>vet</span> <span class='ocrx_word' id='word_1_510' title='bbox 1335 3339 1371 3382; x_wconf 88' lang='lat' dir='ltr'>oc</span> <span class='ocrx_word' id='word_1_511' title='bbox 1399 3325 1502 3383; x_wconf 88' lang='lat' dir='ltr'>tuetur</span> <span class='ocrx_word' id='word_1_512' title='bbox 1526 3322 1634 3402; x_wconf 75' lang='lat' dir='ltr'>tidem,</span> <span class='ocrx_word' id='word_1_513' title='bbox 1667 3323 1722 3387; x_wconf 88' lang='lat' dir='ltr'>ubi</span> <span class='ocrx_word' id='word_1_514' title='bbox 1750 3324 1917 3387; x_wconf 85' lang='lat' dir='ltr'>statuimus</span> <span class='ocrx_word' id='word_1_515' title='bbox 1942 3324 2024 3403; x_wconf 82' lang='lat' dir='ltr'>quod</span> <span class='ocrx_word' id='word_1_516' title='bbox 2049 3325 2085 3388; x_wconf 91' lang='lat' dir='ltr'>in</span> <span class='ocrx_word' id='word_1_517' title='bbox 2110 3324 2239 3390; x_wconf 84' lang='lat' dir='ltr'>Psalmo</span> 
     </span>
     <span class='ocr_line' id='line_1_36' title="bbox 225 3405 2239 3492; baseline 0 -18"><span class='ocrx_word' id='word_1_518' title='bbox 225 3414 299 3474; x_wconf 87' lang='lat' dir='ltr'>stret</span> <span class='ocrx_word' id='word_1_519' title='bbox 318 3408 416 3484; x_wconf 88' lang='lat' dir='ltr'>Deus,</span> <span class='ocrx_word' id='word_1_520' title='bbox 439 3428 498 3471; x_wconf 78' lang='lat' dir='ltr'>iton</span> <span class='ocrx_word' id='word_1_521' title='bbox 520 3430 623 3472; x_wconf 87' lang='lat' dir='ltr'>omnes</span> <span class='ocrx_word' id='word_1_522' title='bbox 645 3412 871 3490; x_wconf 80' lang='lat' dir='ltr'>repromissae</span> <span class='ocrx_word' id='word_1_523' title='bbox 892 3412 1050 3492; x_wconf 81' lang='lat' dir='ltr'>dipnatur,</span> <span class='ocrx_word' id='word_1_524' title='bbox 1071 3409 1206 3484; x_wconf 82' lang='lat' dir='ltr'>salsiu-</span> <span class='ocrx_word' id='word_1_525' title='bbox 1258 3405 1330 3487; x_wconf 75' lang='lat' dir='ltr'>(to,</span> <span class='ocrx_word' id='word_1_526' title='bbox 1352 3405 1386 3488; x_wconf 83' lang='lat'>3)</span> <span class='ocrx_word' id='word_1_527' title='bbox 1412 3406 1542 3485; x_wconf 68' lang='lat' dir='ltr'>dicim,</span> <span class='ocrx_word' id='word_1_528' title='bbox 1571 3407 1729 3472; x_wconf 87' lang='lat' dir='ltr'>Dominus</span> <span class='ocrx_word' id='word_1_529' title='bbox 1751 3411 1900 3489; x_wconf 87' lang='lat' dir='ltr'>protectio</span> <span class='ocrx_word' id='word_1_530' title='bbox 1926 3415 2048 3487; x_wconf 88' lang='lat' dir='ltr'>nostra,</span> <span class='ocrx_word' id='word_1_531' title='bbox 2076 3410 2239 3475; x_wconf 80' lang='lat' dir='ltr'>auxilium</span> 
     </span>
     <span class='ocr_line' id='line_1_37' title="bbox 224 3491 2240 3578; baseline 0.002 -21"><span class='ocrx_word' id='word_1_532' title='bbox 224 3495 333 3578; x_wconf 83' lang='lat' dir='ltr'>pulcri</span> <span class='ocrx_word' id='word_1_533' title='bbox 351 3492 518 3575; x_wconf 77' lang='lat' dir='ltr'>pririlcpio</span> <span class='ocrx_word' id='word_1_534' title='bbox 540 3495 677 3575; x_wconf 88' lang='lat' dir='ltr'>impertit</span> <span class='ocrx_word' id='word_1_535' title='bbox 697 3495 811 3575; x_wconf 79' lang='lat' dir='ltr'>quibus</span> <span class='ocrx_word' id='word_1_536' title='bbox 832 3497 903 3560; x_wconf 85' lang='lat' dir='ltr'>vult.</span> <span class='ocrx_word' id='word_1_537' title='bbox 945 3495 1046 3560; x_wconf 82' lang='lat' dir='ltr'>Cuius</span> <span class='ocrx_word' id='word_1_538' title='bbox 1066 3496 1112 3559; x_wconf 87' lang='lat' dir='ltr'>rei</span> <span class='ocrx_word' id='word_1_539' title='bbox 1135 3499 1206 3558; x_wconf 73' lang='lat' dir='ltr'>anm</span> <span class='ocrx_word' id='word_1_540' title='bbox 1258 3492 1293 3554; x_wconf 87' lang='lat' dir='ltr'>in</span> <span class='ocrx_word' id='word_1_541' title='bbox 1314 3491 1528 3571; x_wconf 87' lang='lat' dir='ltr'>tribulatione;</span> <span class='ocrx_word' id='word_1_542' title='bbox 1555 3493 1623 3557; x_wconf 90' lang='lat' dir='ltr'>ideo</span> <span class='ocrx_word' id='word_1_543' title='bbox 1650 3516 1712 3559; x_wconf 89' lang='lat' dir='ltr'>non</span> <span class='ocrx_word' id='word_1_544' title='bbox 1741 3495 1915 3559; x_wconf 86' lang='lat' dir='ltr'>timebimus</span> <span class='ocrx_word' id='word_1_545' title='bbox 1936 3496 2012 3559; x_wconf 88' lang='lat' dir='ltr'>dum</span> <span class='ocrx_word' id='word_1_546' title='bbox 2032 3499 2240 3561; x_wconf 85' lang='lat' dir='ltr'>contremiscet</span> 
     </span>
     <span class='ocr_line' id='line_1_38' title="bbox 226 3579 2237 3664; baseline -0 -19"><span class='ocrx_word' id='word_1_547' title='bbox 226 3579 391 3645; x_wconf 66' lang='lat' dir='ltr'>alcuimus</span> <span class='ocrx_word' id='word_1_548' title='bbox 417 3579 601 3643; x_wconf 88' lang='lat' dir='ltr'>testimonia.</span> <span class='ocrx_word' id='word_1_549' title='bbox 649 3581 788 3660; x_wconf 75' lang='lat' dir='ltr'>anum</span> <span class='ocrx_word' id='word_1_550' title='bbox 813 3583 897 3663; x_wconf 73' lang='lat' dir='ltr'>thius</span> <span class='ocrx_word' id='word_1_551' title='bbox 919 3582 1073 3663; x_wconf 85' lang='lat' dir='ltr'>interpres</span> <span class='ocrx_word' id='word_1_552' title='bbox 1093 3581 1205 3663; x_wconf 83' lang='lat' dir='ltr'>Aupu·</span> <span class='ocrx_word' id='word_1_553' title='bbox 1258 3581 1352 3654; x_wconf 88' lang='lat' dir='ltr'>terra,</span> <span class='ocrx_word' id='word_1_554' title='bbox 1374 3582 1402 3641; x_wconf 91' lang='lat' dir='ltr'>et</span> <span class='ocrx_word' id='word_1_555' title='bbox 1422 3579 1599 3643; x_wconf 87' lang='lat' dir='ltr'>transilient</span> <span class='ocrx_word' id='word_1_556' title='bbox 1619 3587 1735 3645; x_wconf 75' lang='lat' dir='ltr'>nmntm</span> <span class='ocrx_word' id='word_1_557' title='bbox 1755 3582 1791 3644; x_wconf 88' lang='lat' dir='ltr'>iu</span> <span class='ocrx_word' id='word_1_558' title='bbox 1812 3601 1863 3644; x_wconf 89' lang='lat' dir='ltr'>cor</span> <span class='ocrx_word' id='word_1_559' title='bbox 1883 3583 1992 3645; x_wconf 87' lang='lat' dir='ltr'>moris.</span> <span class='ocrx_word' id='word_1_560' title='bbox 2034 3581 2123 3647; x_wconf 87' lang='lat' dir='ltr'>Haec</span> <span class='ocrx_word' id='word_1_561' title='bbox 2144 3584 2237 3664; x_wconf 81' lang='lat' dir='ltr'>etiam</span> 
     </span>
     <span class='ocr_line' id='line_1_39' title="bbox 224 3664 2236 3752; baseline -0 -21"><span class='ocrx_word' id='word_1_562' title='bbox 224 3665 331 3735; x_wconf 71' lang='lat' dir='ltr'>minus</span> <span class='ocrx_word' id='word_1_563' title='bbox 345 3667 369 3749; x_wconf 90' lang='lat'>¹)</span> <span class='ocrx_word' id='word_1_564' title='bbox 396 3664 562 3743; x_wconf 77' lang='lat' dir='ltr'>exclamat,</span> <span class='ocrx_word' id='word_1_565' title='bbox 592 3670 624 3727; x_wconf 91' lang='lat' dir='ltr'>ut</span> <span class='ocrx_word' id='word_1_566' title='bbox 650 3672 787 3731; x_wconf 83' lang='lat' dir='ltr'>screator</span> <span class='ocrx_word' id='word_1_567' title='bbox 813 3669 928 3733; x_wconf 87' lang='lat' dir='ltr'>doceret</span> <span class='ocrx_word' id='word_1_568' title='bbox 955 3669 1063 3747; x_wconf 86' lang='lat' dir='ltr'>ipsum</span> <span class='ocrx_word' id='word_1_569' title='bbox 1090 3687 1206 3747; x_wconf 75' lang='lat' dir='ltr'>quoque</span> <span class='ocrx_word' id='word_1_570' title='bbox 1258 3665 1450 3728; x_wconf 85' lang='lat' dir='ltr'>suavissima</span> <span class='ocrx_word' id='word_1_571' title='bbox 1476 3666 1565 3745; x_wconf 72' lang='lat' dir='ltr'>quies</span> <span class='ocrx_word' id='word_1_572' title='bbox 1591 3666 1669 3729; x_wconf 88' lang='lat' dir='ltr'>alibi</span> <span class='ocrx_word' id='word_1_573' title='bbox 1695 3667 1864 3731; x_wconf 87' lang='lat' dir='ltr'>celebratur</span> <span class='ocrx_word' id='word_1_574' title='bbox 1895 3667 1985 3751; x_wconf 86' lang='lat' dir='ltr'>(ibid.</span> <span class='ocrx_word' id='word_1_575' title='bbox 2007 3671 2041 3745; x_wconf 90' lang='lat'>3,</span> <span class='ocrx_word' id='word_1_576' title='bbox 2067 3666 2117 3752; x_wconf 83' lang='lat' dir='ltr'>o).·</span> <span class='ocrx_word' id='word_1_577' title='bbox 2147 3669 2236 3732; x_wconf 72' lang='lat' dir='ltr'>aaa</span> 
     </span>
     <span class='ocr_line' id='line_1_40' title="bbox 225 3748 2236 3834; baseline -0 -17"><span class='ocrx_word' id='word_1_578' title='bbox 225 3750 347 3818; x_wconf 77' lang='lat' dir='ltr'>medere</span> <span class='ocrx_word' id='word_1_579' title='bbox 368 3751 442 3816; x_wconf 87' lang='lat' dir='ltr'>doni</span> <span class='ocrx_word' id='word_1_580' title='bbox 464 3770 537 3830; x_wconf 88' lang='lat' dir='ltr'>esse,</span> <span class='ocrx_word' id='word_1_581' title='bbox 560 3772 621 3815; x_wconf 88' lang='lat' dir='ltr'>nou</span> <span class='ocrx_word' id='word_1_582' title='bbox 642 3753 753 3817; x_wconf 77' lang='lat' dir='ltr'>aierit-i.</span> <span class='ocrx_word' id='word_1_583' title='bbox 800 3754 907 3831; x_wconf 88' lang='lat' dir='ltr'>Nemo,</span> <span class='ocrx_word' id='word_1_584' title='bbox 929 3755 1040 3834; x_wconf 79' lang='lat' dir='ltr'>inquit,</span> <span class='ocrx_word' id='word_1_585' title='bbox 1062 3754 1143 3817; x_wconf 76' lang='lat' dir='ltr'>aoid</span> <span class='ocrx_word' id='word_1_586' title='bbox 1164 3752 1206 3816; x_wconf 81' lang='lat' dir='ltr'>ccl</span> <span class='ocrx_word' id='word_1_587' title='bbox 1259 3748 1322 3826; x_wconf 89' lang='lat' dir='ltr'>bui,</span> <span class='ocrx_word' id='word_1_588' title='bbox 1340 3754 1368 3812; x_wconf 88' lang='lat' dir='ltr'>et</span> <span class='ocrx_word' id='word_1_589' title='bbox 1388 3770 1531 3814; x_wconf 81' lang='lat' dir='ltr'>sonuum</span> <span class='ocrx_word' id='word_1_590' title='bbox 1553 3753 1628 3831; x_wconf 88' lang='lat' dir='ltr'>cepi,</span> <span class='ocrx_word' id='word_1_591' title='bbox 1650 3757 1678 3815; x_wconf 89' lang='lat' dir='ltr'>et</span> <span class='ocrx_word' id='word_1_592' title='bbox 1698 3754 1842 3817; x_wconf 74' lang='lat' dir='ltr'>surrexi:</span> <span class='ocrx_word' id='word_1_593' title='bbox 1864 3756 1942 3834; x_wconf 84' lang='lat' dir='ltr'>quia</span> <span class='ocrx_word' id='word_1_594' title='bbox 1959 3753 2120 3818; x_wconf 84' lang='lat' dir='ltr'>Dominus</span> <span class='ocrx_word' id='word_1_595' title='bbox 2136 3773 2236 3817; x_wconf 74' lang='lat' dir='ltr'>ance-</span> 
     </span>
     <span class='ocr_line' id='line_1_41' title="bbox 226 3835 2238 3920; baseline -0.001 -17"><span class='ocrx_word' id='word_1_596' title='bbox 226 3857 276 3903; x_wconf 88' lang='lat' dir='ltr'>me</span> <span class='ocrx_word' id='word_1_597' title='bbox 295 3838 360 3901; x_wconf 86' lang='lat' dir='ltr'>uisi</span> <span class='ocrx_word' id='word_1_598' title='bbox 376 3841 471 3919; x_wconf 88' lang='lat' dir='ltr'>pater</span> <span class='ocrx_word' id='word_1_599' title='bbox 492 3857 580 3902; x_wconf 20' lang='lat' dir='ltr'>maeus</span> <span class='ocrx_word' id='word_1_600' title='bbox 600 3839 735 3902; x_wconf 73' lang='lat' dir='ltr'>traxerit</span> <span class='ocrx_word' id='word_1_601' title='bbox 756 3859 840 3916; x_wconf 86' lang='lat' dir='ltr'>eum,</span> <span class='ocrx_word' id='word_1_602' title='bbox 862 3844 888 3904; x_wconf 90' lang='lat' dir='ltr'>et</span> <span class='ocrx_word' id='word_1_603' title='bbox 910 3841 962 3904; x_wconf 87' lang='lat' dir='ltr'>cui</span> <span class='ocrx_word' id='word_1_604' title='bbox 983 3840 1091 3903; x_wconf 84' lang='lat' dir='ltr'>datum</span> <span class='ocrx_word' id='word_1_605' title='bbox 1111 3839 1207 3920; x_wconf 65' lang='lat' dir='ltr'>{berit</span> <span class='ocrx_word' id='word_1_606' title='bbox 1252 3835 1304 3916; x_wconf 85' lang='lat' dir='ltr'>pit</span> <span class='ocrx_word' id='word_1_607' title='bbox 1324 3856 1380 3899; x_wconf 82' lang='lat' dir='ltr'>me</span> <span class='ocrx_word' id='word_1_608' title='bbox 1426 3836 1499 3899; x_wconf 89' lang='lat' dir='ltr'>Non</span> <span class='ocrx_word' id='word_1_609' title='bbox 1519 3837 1600 3917; x_wconf 81' lang='lat' dir='ltr'>quod</span> <span class='ocrx_word' id='word_1_610' title='bbox 1620 3838 1778 3918; x_wconf 74' lang='lat' dir='ltr'>mauebiti</span> <span class='ocrx_word' id='word_1_611' title='bbox 1799 3845 1898 3903; x_wconf 73' lang='lat' dir='ltr'>terrore</span> <span class='ocrx_word' id='word_1_612' title='bbox 1919 3860 2038 3920; x_wconf 86' lang='lat' dir='ltr'>semper</span> <span class='ocrx_word' id='word_1_613' title='bbox 2059 3840 2101 3904; x_wconf 84' lang='lat' dir='ltr'>ad</span> <span class='ocrx_word' id='word_1_614' title='bbox 2120 3839 2238 3902; x_wconf 85' lang='lat' dir='ltr'>tactam</span> 
     </span>
     <span class='ocr_line' id='line_1_42' title="bbox 226 3920 2238 4005; baseline 0 -17"><span class='ocrx_word' id='word_1_615' title='bbox 226 3944 248 3988; x_wconf 87' lang='lat' dir='ltr'>a</span> <span class='ocrx_word' id='word_1_616' title='bbox 275 3928 369 4002; x_wconf 85' lang='lat' dir='ltr'>patre</span> <span class='ocrx_word' id='word_1_617' title='bbox 397 3943 462 3987; x_wconf 88' lang='lat' dir='ltr'>meo</span> <span class='ocrx_word' id='word_1_618' title='bbox 490 3922 617 4004; x_wconf 88' lang='lat' dir='ltr'>(Ioann.</span> <span class='ocrx_word' id='word_1_619' title='bbox 639 3929 672 4001; x_wconf 76' lang='lat' dir='ltr'>s,</span> <span class='ocrx_word' id='word_1_620' title='bbox 692 3929 758 3988; x_wconf 76' lang='lat' dir='ltr'>tt.</span> <span class='ocrx_word' id='word_1_621' title='bbox 803 3924 927 3989; x_wconf 89' lang='lat' dir='ltr'>Mirum</span> <span class='ocrx_word' id='word_1_622' title='bbox 959 3931 1004 3989; x_wconf 88' lang='lat' dir='ltr'>est</span> <span class='ocrx_word' id='word_1_623' title='bbox 1033 3926 1113 4005; x_wconf 82' lang='lat' dir='ltr'>quod</span> <span class='ocrx_word' id='word_1_624' title='bbox 1145 3925 1207 3988; x_wconf 88' lang='lat' dir='ltr'>duo</span> <span class='ocrx_word' id='word_1_625' title='bbox 1258 3920 1447 3985; x_wconf 86' lang='lat' dir='ltr'>hilaritatem</span> <span class='ocrx_word' id='word_1_626' title='bbox 1468 3924 1652 4003; x_wconf 85' lang='lat' dir='ltr'>compositus</span> <span class='ocrx_word' id='word_1_627' title='bbox 1671 3924 1769 4005; x_wconf 79' lang='lat' dir='ltr'>fuerit</span> <span class='ocrx_word' id='word_1_628' title='bbox 1787 3925 1912 4004; x_wconf 64' lang='lat' dir='ltr'>Dauid·</span> <span class='ocrx_word' id='word_1_629' title='bbox 1932 3927 1986 3990; x_wconf 86' lang='lat' dir='ltr'>sed</span> <span class='ocrx_word' id='word_1_630' title='bbox 2003 3930 2153 4005; x_wconf 79' lang='lat' dir='ltr'>quatenus</span> <span class='ocrx_word' id='word_1_631' title='bbox 2170 3923 2238 3989; x_wconf 84' lang='lat' dir='ltr'>Dei</span> 
     </span>
     <span class='ocr_line' id='line_1_43' title="bbox 225 4007 2239 4093; baseline -0 -20"><span class='ocrx_word' id='word_1_632' title='bbox 225 4008 376 4073; x_wconf 85' lang='lat' dir='ltr'>audiunt:</span> <span class='ocrx_word' id='word_1_633' title='bbox 403 4030 487 4072; x_wconf 88' lang='lat' dir='ltr'>uuus</span> <span class='ocrx_word' id='word_1_634' title='bbox 508 4010 681 4087; x_wconf 71' lang='lat' dir='ltr'>mnbinrnt,</span> <span class='ocrx_word' id='word_1_635' title='bbox 705 4031 725 4072; x_wconf 87' lang='lat' dir='ltr'>a</span> <span class='ocrx_word' id='word_1_636' title='bbox 805 4012 949 4075; x_wconf 86' lang='lat' dir='ltr'>ascendit.</span> <span class='ocrx_word' id='word_1_637' title='bbox 998 4012 1060 4092; x_wconf 73' lang='lat' dir='ltr'>Qui</span> <span class='ocrx_word' id='word_1_638' title='bbox 1081 4015 1207 4075; x_wconf 66' lang='lat' dir='ltr'>coitum·</span> <span class='ocrx_word' id='word_1_639' title='bbox 1256 4007 1395 4088; x_wconf 72' lang='lat' dir='ltr'>qratiam</span> <span class='ocrx_word' id='word_1_640' title='bbox 1410 4028 1472 4087; x_wconf 86' lang='lat' dir='ltr'>pro</span> <span class='ocrx_word' id='word_1_641' title='bbox 1493 4010 1582 4073; x_wconf 89' lang='lat' dir='ltr'>modo</span> <span class='ocrx_word' id='word_1_642' title='bbox 1596 4010 1671 4088; x_wconf 68' lang='lat' dir='ltr'>futei</span> <span class='ocrx_word' id='word_1_643' title='bbox 1685 4010 1838 4092; x_wconf 79' lang='lat' dir='ltr'>pudebat,</span> <span class='ocrx_word' id='word_1_644' title='bbox 1858 4011 2015 4093; x_wconf 82' lang='lat' dir='ltr'>ploriatur</span> <span class='ocrx_word' id='word_1_645' title='bbox 2034 4030 2067 4073; x_wconf 89' lang='lat' dir='ltr'>se</span> <span class='ocrx_word' id='word_1_646' title='bbox 2083 4011 2239 4091; x_wconf 76' lang='lat' dir='ltr'>intrepide</span> 
     </span>
     <span class='ocr_line' id='line_1_44' title="bbox 225 4093 2238 4180; baseline 0.001 -22"><span class='ocrx_word' id='word_1_647' title='bbox 225 4094 281 4171; x_wconf 87' lang='lat' dir='ltr'>nit,</span> <span class='ocrx_word' id='word_1_648' title='bbox 304 4095 432 4173; x_wconf 86' lang='lat' dir='ltr'>imputet</span> <span class='ocrx_word' id='word_1_649' title='bbox 453 4093 534 4175; x_wconf 89' lang='lat' dir='ltr'>sibi;</span> <span class='ocrx_word' id='word_1_650' title='bbox 555 4097 610 4176; x_wconf 81' lang='lat' dir='ltr'>qui</span> <span class='ocrx_word' id='word_1_651' title='bbox 632 4098 776 4175; x_wconf 82' lang='lat' dir='ltr'>ascendit,</span> <span class='ocrx_word' id='word_1_652' title='bbox 798 4119 859 4163; x_wconf 78' lang='lat' dir='ltr'>riou</span> <span class='ocrx_word' id='word_1_653' title='bbox 880 4102 1001 4180; x_wconf 83' lang='lat' dir='ltr'>arrepet</span> <span class='ocrx_word' id='word_1_654' title='bbox 1023 4097 1092 4161; x_wconf 85' lang='lat' dir='ltr'>sibi.</span> <span class='ocrx_word' id='word_1_655' title='bbox 1131 4096 1207 4160; x_wconf 85' lang='lat' dir='ltr'>Alio</span> <span class='ocrx_word' id='word_1_656' title='bbox 1258 4094 1411 4173; x_wconf 83' lang='lat' dir='ltr'>despicere</span> <span class='ocrx_word' id='word_1_657' title='bbox 1443 4095 1597 4174; x_wconf 79' lang='lat' dir='ltr'>quidquid</span> <span class='ocrx_word' id='word_1_658' title='bbox 1628 4097 1739 4160; x_wconf 88' lang='lat' dir='ltr'>mentis</span> <span class='ocrx_word' id='word_1_659' title='bbox 1766 4117 1876 4176; x_wconf 90' lang='lat' dir='ltr'>pacem</span> <span class='ocrx_word' id='word_1_660' title='bbox 1907 4096 2078 4177; x_wconf 77' lang='lat' dir='ltr'>irrpreietare</span> <span class='ocrx_word' id='word_1_661' title='bbox 2105 4101 2238 4175; x_wconf 87' lang='lat' dir='ltr'>poterat.</span> 
     </span>
     <span class='ocr_line' id='line_1_45' title="bbox 225 4178 2239 4263; baseline 0 -18"><span class='ocrx_word' id='word_1_662' title='bbox 225 4178 304 4245; x_wconf 68' lang='lat' dir='ltr'>toea·</span> <span class='ocrx_word' id='word_1_663' title='bbox 326 4200 424 4260; x_wconf 79' lang='lat' dir='ltr'>quare</span> <span class='ocrx_word' id='word_1_664' title='bbox 445 4181 502 4242; x_wconf 78' lang='lat' dir='ltr'>terti</span> <span class='ocrx_word' id='word_1_665' title='bbox 523 4182 631 4246; x_wconf 86' lang='lat' dir='ltr'>datum</span> <span class='ocrx_word' id='word_1_666' title='bbox 652 4187 704 4260; x_wconf 85' lang='lat' dir='ltr'>est,</span> <span class='ocrx_word' id='word_1_667' title='bbox 727 4205 789 4248; x_wconf 87' lang='lat' dir='ltr'>uon</span> <span class='ocrx_word' id='word_1_668' title='bbox 810 4183 926 4248; x_wconf 75' lang='lat' dir='ltr'>alteri?</span> <span class='ocrx_word' id='word_1_669' title='bbox 964 4183 1038 4246; x_wconf 90' lang='lat' dir='ltr'>Nou</span> <span class='ocrx_word' id='word_1_670' title='bbox 1058 4203 1107 4246; x_wconf 89' lang='lat' dir='ltr'>me</span> <span class='ocrx_word' id='word_1_671' title='bbox 1123 4183 1208 4263; x_wconf 80' lang='lat' dir='ltr'>pipat</span> <span class='ocrx_word' id='word_1_672' title='bbox 1260 4178 1335 4243; x_wconf 84' lang='lat' dir='ltr'>ldeo</span> <span class='ocrx_word' id='word_1_673' title='bbox 1356 4180 1532 4260; x_wconf 86' lang='lat' dir='ltr'>scripturo,</span> <span class='ocrx_word' id='word_1_674' title='bbox 1558 4181 1633 4244; x_wconf 89' lang='lat' dir='ltr'>dum</span> <span class='ocrx_word' id='word_1_675' title='bbox 1661 4183 1704 4246; x_wconf 88' lang='lat' dir='ltr'>ad</span> <span class='ocrx_word' id='word_1_676' title='bbox 1723 4183 1817 4262; x_wconf 68' lang='lat' dir='ltr'>sideni</span> <span class='ocrx_word' id='word_1_677' title='bbox 1837 4183 1957 4246; x_wconf 75' lang='lat' dir='ltr'>Imitari</span> <span class='ocrx_word' id='word_1_678' title='bbox 1976 4181 2055 4260; x_wconf 76' lang='lat' dir='ltr'>vae,</span> <span class='ocrx_word' id='word_1_679' title='bbox 2083 4183 2239 4263; x_wconf 81' lang='lat' dir='ltr'>quiescere</span> 
     </span>
     <span class='ocr_line' id='line_1_46' title="bbox 224 4264 2240 4352; baseline 0 -20"><span class='ocrx_word' id='word_1_680' title='bbox 224 4265 334 4342; x_wconf 76' lang='lat' dir='ltr'>atcere,</span> <span class='ocrx_word' id='word_1_681' title='bbox 358 4265 411 4329; x_wconf 88' lang='lat' dir='ltr'>hoe</span> <span class='ocrx_word' id='word_1_682' title='bbox 432 4270 476 4330; x_wconf 84' lang='lat' dir='ltr'>est</span> <span class='ocrx_word' id='word_1_683' title='bbox 494 4267 688 4348; x_wconf 74' lang='lat' dir='ltr'>profundum</span> <span class='ocrx_word' id='word_1_684' title='bbox 708 4271 820 4333; x_wconf 84' lang='lat' dir='ltr'>crucis.</span> <span class='ocrx_word' id='word_1_685' title='bbox 858 4269 910 4334; x_wconf 87' lang='lat' dir='ltr'>De</span> <span class='ocrx_word' id='word_1_686' title='bbox 926 4269 1085 4350; x_wconf 77' lang='lat' dir='ltr'>profundo</span> <span class='ocrx_word' id='word_1_687' title='bbox 1106 4268 1207 4331; x_wconf 84' lang='lat' dir='ltr'>neseio</span> <span class='ocrx_word' id='word_1_688' title='bbox 1259 4264 1348 4328; x_wconf 88' lang='lat' dir='ltr'>iubet.</span> <span class='ocrx_word' id='word_1_689' title='bbox 1388 4267 1488 4346; x_wconf 74' lang='lat' dir='ltr'>Apud</span> <span class='ocrx_word' id='word_1_690' title='bbox 1510 4265 1652 4331; x_wconf 87' lang='lat' dir='ltr'>Iesaiam</span> <span class='ocrx_word' id='word_1_691' title='bbox 1674 4269 1740 4352; x_wconf 88' lang='grc'>(30,</span> <span class='ocrx_word' id='word_1_692' title='bbox 1764 4267 1833 4351; x_wconf 78' lang='grc'>15);</span> <span class='ocrx_word' id='word_1_693' title='bbox 1855 4270 1891 4332; x_wconf 86' lang='lat' dir='ltr'>in</span> <span class='ocrx_word' id='word_1_694' title='bbox 1911 4289 1966 4348; x_wconf 87' lang='lat' dir='ltr'>spe</span> <span class='ocrx_word' id='word_1_695' title='bbox 1987 4273 2016 4332; x_wconf 88' lang='lat' dir='ltr'>et</span> <span class='ocrx_word' id='word_1_696' title='bbox 2036 4268 2159 4333; x_wconf 86' lang='lat' dir='ltr'>silentio</span> <span class='ocrx_word' id='word_1_697' title='bbox 2180 4270 2240 4333; x_wconf 88' lang='lat' dir='ltr'>erit</span> 
     </span>
     <span class='ocr_line' id='line_1_47' title="bbox 225 4350 2240 4439; baseline 0.001 -24"><span class='ocrx_word' id='word_1_698' title='bbox 225 4371 284 4432; x_wconf 78' lang='lat' dir='ltr'>quo</span> <span class='ocrx_word' id='word_1_699' title='bbox 306 4353 497 4416; x_wconf 87' lang='lat' dir='ltr'>iudiciorum</span> <span class='ocrx_word' id='word_1_700' title='bbox 519 4352 597 4430; x_wconf 86' lang='lat' dir='ltr'>Dei,</span> <span class='ocrx_word' id='word_1_701' title='bbox 622 4375 700 4434; x_wconf 80' lang='lat' dir='ltr'>quae</span> <span class='ocrx_word' id='word_1_702' title='bbox 720 4356 919 4435; x_wconf 84' lang='lat' dir='ltr'>perscrutari</span> <span class='ocrx_word' id='word_1_703' title='bbox 946 4375 1007 4418; x_wconf 79' lang='lat' dir='ltr'>nori</span> <span class='ocrx_word' id='word_1_704' title='bbox 1024 4373 1206 4434; x_wconf 86' lang='lat' dir='ltr'>possumus,</span> <span class='ocrx_word' id='word_1_705' title='bbox 1257 4350 1408 4431; x_wconf 80' lang='lat' dir='ltr'>fortitudo</span> <span class='ocrx_word' id='word_1_706' title='bbox 1435 4357 1545 4416; x_wconf 85' lang='lat' dir='ltr'>cestra.</span> <span class='ocrx_word' id='word_1_707' title='bbox 1590 4353 1633 4417; x_wconf 90' lang='lat' dir='ltr'>Iu</span> <span class='ocrx_word' id='word_1_708' title='bbox 1657 4355 1785 4419; x_wconf 86' lang='lat' dir='ltr'>Psalmo</span> <span class='ocrx_word' id='word_1_709' title='bbox 1806 4354 1878 4437; x_wconf 84' lang='lat'>(37,</span> <span class='ocrx_word' id='word_1_710' title='bbox 1900 4359 1951 4439; x_wconf 82' lang='lat'>7).·</span> <span class='ocrx_word' id='word_1_711' title='bbox 1978 4354 2036 4419; x_wconf 88' lang='lat' dir='ltr'>sile</span> <span class='ocrx_word' id='word_1_712' title='bbox 2058 4353 2240 4420; x_wconf 79' lang='lat' dir='ltr'>Ielmvacet</span> 
     </span>
     <span class='ocr_line' id='line_1_48' title="bbox 218 4438 2239 4522; baseline 0.002 -20"><span class='ocrx_word' id='word_1_713' title='bbox 218 4439 359 4517; x_wconf 80' lang='lat' dir='ltr'>protulit</span> <span class='ocrx_word' id='word_1_714' title='bbox 384 4460 471 4502; x_wconf 74' lang='lat' dir='ltr'>emite</span> <span class='ocrx_word' id='word_1_715' title='bbox 500 4440 582 4519; x_wconf 79' lang='lat' dir='ltr'>quod</span> <span class='ocrx_word' id='word_1_716' title='bbox 597 4459 776 4518; x_wconf 86' lang='lat' dir='ltr'>possumus.</span> <span class='ocrx_word' id='word_1_717' title='bbox 825 4442 914 4521; x_wconf 70' lang='lat' dir='ltr'>Quod</span> <span class='ocrx_word' id='word_1_718' title='bbox 930 4460 1076 4518; x_wconf 82' lang='lat' dir='ltr'>passura,</span> <span class='ocrx_word' id='word_1_719' title='bbox 1105 4440 1207 4505; x_wconf 79' lang='lat' dir='ltr'>rideo:</span> <span class='ocrx_word' id='word_1_720' title='bbox 1259 4443 1398 4518; x_wconf 67' lang='lat' dir='ltr'>exspecta</span> <span class='ocrx_word' id='word_1_721' title='bbox 1430 4438 1529 4501; x_wconf 79' lang='lat' dir='ltr'>illuni.</span> <span class='ocrx_word' id='word_1_722' title='bbox 1582 4440 1704 4520; x_wconf 76' lang='lat' dir='ltr'>Quibus</span> <span class='ocrx_word' id='word_1_723' title='bbox 1732 4441 1891 4522; x_wconf 83' lang='lat' dir='ltr'>respondet</span> <span class='ocrx_word' id='word_1_724' title='bbox 1921 4440 2002 4506; x_wconf 81' lang='lat' dir='ltr'>illiid</span> <span class='ocrx_word' id='word_1_725' title='bbox 2032 4442 2165 4521; x_wconf 85' lang='lat' dir='ltr'>apostoli</span> <span class='ocrx_word' id='word_1_726' title='bbox 2196 4441 2239 4505; x_wconf 86' lang='lat' dir='ltr'>ad</span> 
     </span>
     <span class='ocr_line' id='line_1_49' title="bbox 223 4522 2021 4611; baseline 0.002 -25"><span class='ocrx_word' id='word_1_727' title='bbox 223 4524 306 4588; x_wconf 88' lang='lat' dir='ltr'>unde</span> <span class='ocrx_word' id='word_1_728' title='bbox 322 4545 469 4605; x_wconf 88' lang='lat' dir='ltr'>possum,</span> <span class='ocrx_word' id='word_1_729' title='bbox 497 4545 557 4589; x_wconf 88' lang='lat' dir='ltr'>non</span> <span class='ocrx_word' id='word_1_730' title='bbox 579 4525 680 4602; x_wconf 80' lang='lat' dir='ltr'>uideo,</span> <span class='ocrx_word' id='word_1_731' title='bbox 709 4527 776 4590; x_wconf 83' lang='lat' dir='ltr'>nisi</span> <span class='ocrx_word' id='word_1_732' title='bbox 797 4528 873 4607; x_wconf 75' lang='lat' dir='ltr'>quia</span> <span class='ocrx_word' id='word_1_733' title='bbox 895 4525 1041 4589; x_wconf 77' lang='lat' dir='ltr'>humatus</span> <span class='ocrx_word' id='word_1_734' title='bbox 1062 4526 1163 4604; x_wconf 84' lang='lat' dir='ltr'>uideo,</span> <span class='ocrx_word' id='word_1_735' title='bbox 1185 4545 1207 4587; x_wconf 89' lang='lat' dir='ltr'>a</span> <span class='ocrx_word' id='word_1_736' title='bbox 1260 4522 1419 4589; x_wconf 87' lang='lat' dir='ltr'>Hebraeos</span> <span class='ocrx_word' id='word_1_737' title='bbox 1441 4523 1508 4607; x_wconf 80' lang='lat'>(10,</span> <span class='ocrx_word' id='word_1_738' title='bbox 1529 4526 1600 4611; x_wconf 87' lang='grc'>36).·</span> <span class='ocrx_word' id='word_1_739' title='bbox 1615 4528 1773 4607; x_wconf 87' lang='lat' dir='ltr'>patientia</span> <span class='ocrx_word' id='word_1_740' title='bbox 1795 4546 1873 4607; x_wconf 86' lang='lat' dir='ltr'>opus</span> <span class='ocrx_word' id='word_1_741' title='bbox 1894 4531 1948 4605; x_wconf 88' lang='lat' dir='ltr'>est,</span> <span class='ocrx_word' id='word_1_742' title='bbox 1971 4531 2021 4590; x_wconf 88' lang='lat' dir='ltr'>etc.</span> 
     </span>
     <span class='ocr_line' id='line_1_50' title="bbox 224 4607 2241 4695; baseline 0.002 -23"><span class='ocrx_word' id='word_1_743' title='bbox 224 4607 386 4675; x_wconf 85' lang='lat' dir='ltr'>Decesse.</span> <span class='ocrx_word' id='word_1_744' title='bbox 434 4611 538 4692; x_wconf 76' lang='lat' dir='ltr'>Quare</span> <span class='ocrx_word' id='word_1_745' title='bbox 559 4616 662 4675; x_wconf 87' lang='lat' dir='ltr'>cutem</span> <span class='ocrx_word' id='word_1_746' title='bbox 683 4611 784 4689; x_wconf 88' lang='lat' dir='ltr'>illum,</span> <span class='ocrx_word' id='word_1_747' title='bbox 805 4618 833 4677; x_wconf 89' lang='lat' dir='ltr'>et</span> <span class='ocrx_word' id='word_1_748' title='bbox 855 4632 916 4675; x_wconf 82' lang='lat' dir='ltr'>iton</span> <span class='ocrx_word' id='word_1_749' title='bbox 936 4612 1052 4676; x_wconf 76' lang='lat' dir='ltr'>illuni?</span> <span class='ocrx_word' id='word_1_750' title='bbox 1073 4612 1206 4674; x_wconf 88' lang='lat' dir='ltr'>multum</span> <span class='ocrx_word' id='word_1_751' title='bbox 1346 4613 1396 4673; x_wconf 86' lang='grc'>38.</span> <span class='ocrx_word' id='word_1_752' title='bbox 1441 4610 1531 4677; x_wconf 88' lang='lat' dir='ltr'>Hinc</span> <span class='ocrx_word' id='word_1_753' title='bbox 1558 4612 1701 4676; x_wconf 87' lang='lat' dir='ltr'>iudicare</span> <span class='ocrx_word' id='word_1_754' title='bbox 1729 4612 1805 4676; x_wconf 86' lang='lat' dir='ltr'>licet</span> <span class='ocrx_word' id='word_1_755' title='bbox 1833 4634 1931 4693; x_wconf 90' lang='lat' dir='ltr'>quam</span> <span class='ocrx_word' id='word_1_756' title='bbox 1955 4612 2175 4695; x_wconf 88' lang='lat' dir='ltr'>perniciosum</span> <span class='ocrx_word' id='word_1_757' title='bbox 2198 4612 2241 4676; x_wconf 90' lang='lat' dir='ltr'>sit</span> 
     </span>
     <span class='ocr_line' id='line_1_51' title="bbox 224 4696 2241 4782; baseline 0 -24"><span class='ocrx_word' id='word_1_758' title='bbox 224 4699 269 4758; x_wconf 84' lang='lat' dir='ltr'>est</span> <span class='ocrx_word' id='word_1_759' title='bbox 290 4696 332 4759; x_wconf 90' lang='lat' dir='ltr'>ad</span> <span class='ocrx_word' id='word_1_760' title='bbox 353 4717 415 4773; x_wconf 89' lang='lat' dir='ltr'>me,·</span> <span class='ocrx_word' id='word_1_761' title='bbox 445 4698 576 4777; x_wconf 65' lang='lat' dir='ltr'>abyssus</span> <span class='ocrx_word' id='word_1_762' title='bbox 598 4702 656 4775; x_wconf 87' lang='lat' dir='ltr'>est,</span> <span class='ocrx_word' id='word_1_763' title='bbox 679 4698 876 4779; x_wconf 76' lang='lat' dir='ltr'>profundum</span> <span class='ocrx_word' id='word_1_764' title='bbox 900 4699 1010 4763; x_wconf 77' lang='lat' dir='ltr'>mucis.</span> <span class='ocrx_word' id='word_1_765' title='bbox 1055 4698 1207 4762; x_wconf 80' lang='lat' dir='ltr'>Admira</span> <span class='ocrx_word' id='word_1_766' title='bbox 1259 4696 1490 4762; x_wconf 87' lang='lat' dir='ltr'>scholasticum</span> <span class='ocrx_word' id='word_1_767' title='bbox 1519 4698 1601 4762; x_wconf 91' lang='lat' dir='ltr'>illud</span> <span class='ocrx_word' id='word_1_768' title='bbox 1624 4697 1758 4780; x_wconf 83' lang='lat' dir='ltr'>dogma,</span> <span class='ocrx_word' id='word_1_769' title='bbox 1787 4719 1847 4762; x_wconf 90' lang='lat' dir='ltr'>nos</span> <span class='ocrx_word' id='word_1_770' title='bbox 1874 4697 1914 4762; x_wconf 91' lang='lat' dir='ltr'>de</span> <span class='ocrx_word' id='word_1_771' title='bbox 1941 4698 2049 4782; x_wconf 83' lang='lat' dir='ltr'>gratia</span> <span class='ocrx_word' id='word_1_772' title='bbox 2070 4698 2135 4762; x_wconf 90' lang='lat' dir='ltr'>Dei</span> <span class='ocrx_word' id='word_1_773' title='bbox 2161 4718 2241 4779; x_wconf 84' lang='lat' dir='ltr'>erga</span> 
     </span>
     <span class='ocr_line' id='line_1_52' title="bbox 223 4779 2241 4867; baseline 0.002 -25"><span class='ocrx_word' id='word_1_774' title='bbox 223 4779 306 4844; x_wconf 74' lang='lat' dir='ltr'>timae</span> <span class='ocrx_word' id='word_1_775' title='bbox 333 4782 506 4847; x_wconf 73' lang='lat' dir='ltr'>exclamare</span> <span class='ocrx_word' id='word_1_776' title='bbox 528 4803 673 4864; x_wconf 88' lang='lat' dir='ltr'>possum,</span> <span class='ocrx_word' id='word_1_777' title='bbox 702 4804 763 4848; x_wconf 80' lang='lat' dir='ltr'>iton</span> <span class='ocrx_word' id='word_1_778' title='bbox 791 4784 999 4864; x_wconf 85' lang='lat' dir='ltr'>disputatione</span> <span class='ocrx_word' id='word_1_779' title='bbox 1024 4789 1205 4848; x_wconf 88' lang='lat' dir='ltr'>monstrare.</span> <span class='ocrx_word' id='word_1_780' title='bbox 1258 4804 1318 4847; x_wconf 92' lang='lat' dir='ltr'>nos</span> <span class='ocrx_word' id='word_1_781' title='bbox 1346 4804 1412 4849; x_wconf 92' lang='lat' dir='ltr'>uon</span> <span class='ocrx_word' id='word_1_782' title='bbox 1441 4784 1536 4849; x_wconf 85' lang='lat' dir='ltr'>aliter</span> <span class='ocrx_word' id='word_1_783' title='bbox 1565 4792 1708 4849; x_wconf 86' lang='lat' dir='ltr'>statuere</span> <span class='ocrx_word' id='word_1_784' title='bbox 1739 4803 1833 4864; x_wconf 88' lang='lat' dir='ltr'>posse</span> <span class='ocrx_word' id='word_1_785' title='bbox 1861 4807 1961 4867; x_wconf 87' lang='lat' dir='ltr'>quam</span> <span class='ocrx_word' id='word_1_786' title='bbox 1989 4805 2031 4849; x_wconf 85' lang='lat' dir='ltr'>ex</span> <span class='ocrx_word' id='word_1_787' title='bbox 2054 4785 2241 4849; x_wconf 90' lang='lat' dir='ltr'>coniectura</span> 
     </span>
     <span class='ocr_line' id='line_1_53' title="bbox 224 4863 2241 4954; baseline 0.003 -27"><span class='ocrx_word' id='word_1_788' title='bbox 224 4863 298 4929; x_wconf 88' lang='lat' dir='ltr'>Hue</span> <span class='ocrx_word' id='word_1_789' title='bbox 327 4867 407 4929; x_wconf 85' lang='lat' dir='ltr'>redit</span> <span class='ocrx_word' id='word_1_790' title='bbox 434 4889 571 4946; x_wconf 90' lang='lat' dir='ltr'>summa,</span> <span class='ocrx_word' id='word_1_791' title='bbox 602 4868 777 4948; x_wconf 79' lang='lat' dir='ltr'>Christum,</span> <span class='ocrx_word' id='word_1_792' title='bbox 806 4870 859 4934; x_wconf 89' lang='lat' dir='ltr'>ubi</span> <span class='ocrx_word' id='word_1_793' title='bbox 881 4891 937 4934; x_wconf 80' lang='lat' dir='ltr'>rios</span> <span class='ocrx_word' id='word_1_794' title='bbox 965 4872 999 4934; x_wconf 89' lang='lat' dir='ltr'>in</span> <span class='ocrx_word' id='word_1_795' title='bbox 1019 4870 1112 4950; x_wconf 66' lang='lat' dir='ltr'>rident</span> <span class='ocrx_word' id='word_1_796' title='bbox 1134 4869 1207 4933; x_wconf 89' lang='lat' dir='ltr'>illu·</span> <span class='ocrx_word' id='word_1_797' title='bbox 1259 4869 1393 4946; x_wconf 86' lang='lat' dir='ltr'>morali,</span> <span class='ocrx_word' id='word_1_798' title='bbox 1421 4880 1519 4951; x_wconf 87' lang='lat' dir='ltr'>prout</span> <span class='ocrx_word' id='word_1_799' title='bbox 1545 4891 1580 4933; x_wconf 89' lang='lat' dir='ltr'>ss</span> <span class='ocrx_word' id='word_1_800' title='bbox 1601 4868 1825 4950; x_wconf 90' lang='lat' dir='ltr'>uuusquisque</span> <span class='ocrx_word' id='word_1_801' title='bbox 1845 4892 1911 4935; x_wconf 94' lang='lat' dir='ltr'>non</span> <span class='ocrx_word' id='word_1_802' title='bbox 1931 4870 2105 4954; x_wconf 85' lang='lat' dir='ltr'>iudignum</span> <span class='ocrx_word' id='word_1_803' title='bbox 2128 4890 2167 4934; x_wconf 88' lang='lat' dir='ltr'>ca</span> <span class='ocrx_word' id='word_1_804' title='bbox 2188 4891 2241 4934; x_wconf 87' lang='lat' dir='ltr'>rs-</span> 
     </span>
     <span class='ocr_line' id='line_1_54' title="bbox 224 4950 2242 5038; baseline 0.004 -26"><span class='ocrx_word' id='word_1_805' title='bbox 224 4950 324 5012; x_wconf 85' lang='lat' dir='ltr'>rniuat</span> <span class='ocrx_word' id='word_1_806' title='bbox 352 4953 488 5030; x_wconf 87' lang='lat' dir='ltr'>spiritus</span> <span class='ocrx_word' id='word_1_807' title='bbox 515 4955 569 5017; x_wconf 87' lang='lat' dir='ltr'>sui</span> <span class='ocrx_word' id='word_1_808' title='bbox 596 4955 722 5034; x_wconf 82' lang='lat' dir='ltr'>virtute,</span> <span class='ocrx_word' id='word_1_809' title='bbox 755 4957 851 5021; x_wconf 87' lang='lat' dir='ltr'>simul</span> <span class='ocrx_word' id='word_1_810' title='bbox 872 4958 1008 5022; x_wconf 87' lang='lat' dir='ltr'>inserere</span> <span class='ocrx_word' id='word_1_811' title='bbox 1038 4958 1074 5020; x_wconf 89' lang='lat' dir='ltr'>iu</span> <span class='ocrx_word' id='word_1_812' title='bbox 1095 4976 1208 5038; x_wconf 86' lang='lat' dir='ltr'>eorpus</span> <span class='ocrx_word' id='word_1_813' title='bbox 1259 4965 1361 5038; x_wconf 87' lang='lat' dir='ltr'>putat.</span> <span class='ocrx_word' id='word_1_814' title='bbox 1406 4955 1568 5038; x_wconf 80' lang='lat' dir='ltr'>Equidem</span> <span class='ocrx_word' id='word_1_815' title='bbox 1601 4955 1629 5019; x_wconf 90' lang='lat' dir='ltr'>si</span> <span class='ocrx_word' id='word_1_816' title='bbox 1662 4955 1703 5019; x_wconf 91' lang='lat' dir='ltr'>ab</span> <span class='ocrx_word' id='word_1_817' title='bbox 1738 4955 1890 5037; x_wconf 91' lang='lat' dir='ltr'>operibus</span> <span class='ocrx_word' id='word_1_818' title='bbox 1923 4956 2166 5022; x_wconf 87' lang='lat' dir='ltr'>aestimandum</span> <span class='ocrx_word' id='word_1_819' title='bbox 2198 4957 2242 5021; x_wconf 89' lang='lat' dir='ltr'>sit</span> 
     </span>
     <span class='ocr_line' id='line_1_55' title="bbox 224 5034 2241 5126; baseline 0.004 -26"><span class='ocrx_word' id='word_1_820' title='bbox 224 5053 328 5112; x_wconf 88' lang='lat' dir='ltr'>suum,</span> <span class='ocrx_word' id='word_1_821' title='bbox 349 5040 383 5098; x_wconf 90' lang='lat' dir='ltr'>ut</span> <span class='ocrx_word' id='word_1_822' title='bbox 403 5034 520 5115; x_wconf 76' lang='lat' dir='ltr'>(tamus</span> <span class='ocrx_word' id='word_1_823' title='bbox 541 5039 687 5105; x_wconf 89' lang='lat' dir='ltr'>bonorum</span> <span class='ocrx_word' id='word_1_824' title='bbox 708 5044 847 5106; x_wconf 84' lang='lat' dir='ltr'>munium</span> <span class='ocrx_word' id='word_1_825' title='bbox 864 5044 1044 5126; x_wconf 86' lang='lat' dir='ltr'>participes.</span> <span class='ocrx_word' id='word_1_826' title='bbox 1259 5042 1400 5123; x_wconf 81' lang='lat' dir='ltr'>qualiter</span> <span class='ocrx_word' id='word_1_827' title='bbox 1420 5041 1555 5105; x_wconf 84' lang='lat' dir='ltr'>affectus</span> <span class='ocrx_word' id='word_1_828' title='bbox 1577 5041 1621 5104; x_wconf 88' lang='lat' dir='ltr'>sit</span> <span class='ocrx_word' id='word_1_829' title='bbox 1643 5061 1722 5122; x_wconf 84' lang='lat' dir='ltr'>erga</span> <span class='ocrx_word' id='word_1_830' title='bbox 1743 5062 1804 5105; x_wconf 89' lang='lat' dir='ltr'>nos</span> <span class='ocrx_word' id='word_1_831' title='bbox 1825 5044 2003 5120; x_wconf 91' lang='lat' dir='ltr'>Dominus,</span> <span class='ocrx_word' id='word_1_832' title='bbox 2026 5042 2061 5108; x_wconf 90' lang='lat' dir='ltr'>id</span> <span class='ocrx_word' id='word_1_833' title='bbox 2084 5064 2127 5107; x_wconf 86' lang='lat' dir='ltr'>ne</span> <span class='ocrx_word' id='word_1_834' title='bbox 2149 5044 2241 5108; x_wconf 89' lang='lat' dir='ltr'>tenui</span> 
     </span>
     <span class='ocr_line' id='line_1_56' title="bbox 234 5127 2242 5212; baseline 0.002 -22"><span class='ocrx_word' id='word_1_835' title='bbox 234 5158 285 5164; x_wconf 93' lang='lat'>--·</span> <span class='ocrx_word' id='word_1_836' title='bbox 304 5159 434 5168; x_wconf 87' lang='lat'><strong>----·</strong></span> <span class='ocrx_word' id='word_1_837' title='bbox 1117 5154 1132 5180; x_wconf 75' lang='grc' dir='ltr'><em>ο</em></span> <span class='ocrx_word' id='word_1_838' title='bbox 1259 5128 1391 5210; x_wconf 87' lang='lat' dir='ltr'>quidem</span> <span class='ocrx_word' id='word_1_839' title='bbox 1424 5127 1609 5190; x_wconf 86' lang='lat' dir='ltr'>coniectura</span> <span class='ocrx_word' id='word_1_840' title='bbox 1641 5146 1737 5207; x_wconf 90' lang='lat' dir='ltr'>posse</span> <span class='ocrx_word' id='word_1_841' title='bbox 1768 5148 1828 5192; x_wconf 92' lang='lat' dir='ltr'>nos</span> <span class='ocrx_word' id='word_1_842' title='bbox 1862 5130 1989 5212; x_wconf 87' lang='lat' dir='ltr'>assequi</span> <span class='ocrx_word' id='word_1_843' title='bbox 2022 5130 2144 5207; x_wconf 85' lang='lat' dir='ltr'>latcor;</span> <span class='ocrx_word' id='word_1_844' title='bbox 2183 5129 2242 5194; x_wconf 91' lang='lat' dir='ltr'>sed</span> 
     </span>
    </p>
   </div>
   <div class='ocr_carea' id='block_1_3' title="bbox 295 5211 2242 5314">
    <p class='ocr_par' dir='ltr' id='par_1_3' title="bbox 295 5211 2242 5314">
     <span class='ocr_line' id='line_1_57' title="bbox 295 5211 2242 5314; baseline 0.004 -41"><span class='ocrx_word' id='word_1_845' title='bbox 295 5221 324 5285; x_wconf 87' lang='lat'>1)</span> <span class='ocrx_word' id='word_1_846' title='bbox 341 5223 412 5294; x_wconf 75' lang='lat' dir='ltr'>Aug.</span> <span class='ocrx_word' id='word_1_847' title='bbox 431 5225 465 5278; x_wconf 77' lang='lat' dir='ltr'>de</span> <span class='ocrx_word' id='word_1_848' title='bbox 486 5226 574 5277; x_wconf 77' lang='lat' dir='ltr'>verbis</span> <span class='ocrx_word' id='word_1_849' title='bbox 592 5236 678 5296; x_wconf 79' lang='lat' dir='ltr'>apost.</span> <span class='ocrx_word' id='word_1_850' title='bbox 699 5230 760 5282; x_wconf 83' lang='lat' dir='ltr'>libr.</span> <span class='ocrx_word' id='word_1_851' title='bbox 780 5229 806 5282; x_wconf 79' lang='grc'>2.</span> <span class='ocrx_word' id='word_1_852' title='bbox 1259 5233 1361 5294; x_wconf 89' lang='lat' dir='ltr'>quum</span> <span class='ocrx_word' id='word_1_853' title='bbox 1387 5211 1527 5294; x_wconf 84' lang='lat' dir='ltr'>simplici</span> <span class='ocrx_word' id='word_1_854' title='bbox 1553 5219 1587 5276; x_wconf 88' lang='lat' dir='ltr'>et</span> <span class='ocrx_word' id='word_1_855' title='bbox 1614 5211 1779 5314; x_wconf 78' lang='lat' dir='ltr'>gratuitae</span> <span class='ocrx_word' id='word_1_856' title='bbox 1805 5211 2012 5296; x_wconf 76' lang='lat' dir='ltr'>promissioni</span> <span class='ocrx_word' id='word_1_857' title='bbox 2041 5215 2242 5298; x_wconf 87' lang='lat' dir='ltr'>respondere</span> 
     </span>
    </p>
   </div>
   <div class='ocr_carea' id='block_1_4' title="bbox 0 0 2345 5842">
    <p class='ocr_par' dir='ltr' id='par_1_4' title="bbox 0 0 2345 5842">
     <span class='ocr_line' id='line_1_58' title="bbox 0 0 2345 5842; baseline 0 0"><span class='ocrx_word' id='word_1_858' title='bbox 0 0 2345 5842; x_wconf 95' lang='lat' dir='ltr'> </span> 
     </span>
    </p>
   </div>
  </div>
 </body>
</html>
