4672 5842
230 331 292 397 303
875 318 1141 387 ΙΝΒΤΙΊἮΤΙΟ
1161 319 1266 385 Rau.
1289 315 1471 387 CHRIST.
1497 322 1588 384 1559.
1970 408 1979 423 .
2172 322 2235 385 304

229 515 379 597 capione
408 531 451 574 ne
473 511 551 593 quid
572 510 741 592 cupiditati
765 532 897 593 prorsus
918 509 1124 590 relinqueret,
1148 506 1203 571 ubi
1228 520 1232 599 ξ
1256 506 1433 589 puritatem
1461 508 1692 587 conscientiae,
1720 509 1880 573 sinceram
1908 508 2008 573 fidem
2035 518 2068 573 et
2090 509 2234 575 dilectio-

229 599 271 667 ab
293 600 332 662 iis
355 597 451 661 rebus
479 597 619 660 retrahit
645 598 779 678 inques
802 596 1004 679 potissimum
1027 595 1151 657 insanit
1172 605 1205 657 et
1228 626 1231 663 ι
1256 614 1333 656 ncm
1362 591 1530 656 cruditur?
1575 592 1671 657 Unde
1698 595 1910 659 confirmatur
1937 594 1993 659 illa
2023 594 2106 678 legis
2133 596 2234 659 inter-

229 685 381 750 exsult-at.
422 684 474 747 Eu
498 683 641 747 secunda
663 683 744 766 legis
763 683 882 757 tabula,
906 682 940 744 in
963 702 1026 762 qna
1049 681 1128 742 satis
1147 678 1204 743 ad·
1228 674 1231 767 )
1256 679 1404 760 protetio,
1426 699 1508 759 quae
1530 680 1640 742 omnia
1661 680 1793 761 pietatis
1815 692 1846 743 et
1869 680 2050 745 dilectionis
2072 682 2178 746 cilicia
2200 683 2235 745 in

228 791 409 848 monemur,
432 768 509 851 quid
532 769 718 832 hominibus
740 768 914 832 debeamus
935 776 1069 849 propter
1086 767 1203 843 Deum,
1257 765 1327 828 eius
1348 765 1528 847 praeceptis
1551 764 1693 848 vestigat
1715 775 1748 829 et·
1769 768 1899 848 reperit
1944 765 2011 846 Qui
2031 767 2119 831 cuim
2143 766 2235 831 arida

229 878 250 923 a
276 856 368 921 cuius
395 853 651 918 consideratione
685 854 805 936 pendet
831 863 900 916 tota
931 852 1076 917 caritatis
1111 852 1202 915 ratio.
1257 849 1429 931 ieiunaquo
1451 858 1581 913 tuntum
1604 851 1766 915 elementa
1787 862 1963 928 sectantur,
1989 874 2026 917 ac
2049 855 2075 918 si
2099 852 2234 917 dimidia

229 940 341 1023 Quare
359 942 482 1005 frustra
501 941 714 1004 inculcaveris
731 960 940 1021 quaecunque
961 939 995 1001 in
1016 939 1076 1001 hac
1095 937 1204 1001 tabula
1228 972 1232 1049 i
1256 958 1296 1000 ex
1321 946 1412 1018 parte
1430 935 1632 1000 voluntatem
1646 936 1710 1000 Dei
1728 936 1887 1017 edoceret,
1909 941 2008 1003 finem
2031 939 2127 1017 illius,
2151 946 2234 1003 testa

229 1027 387 1093 docentur
408 1027 522 1104 cilicia,
546 1027 608 1089 uisi
630 1025 777 1089 doctrina
798 1036 854 1089 tua
874 1026 938 1088 Dei
962 1025 1076 1087 timore
1098 1031 1132 1085 et
1153 1044 1204 1086 re·
1228 1056 1231 1123 p
1256 1021 1409 1105 apostolo,
1433 1042 1638 1103 nequaquam
1659 1034 1781 1087 tenent

228 1113 385 1190 verentia,
408 1122 561 1193 tanquam
585 1110 805 1189 fundamento,
828 1111 1023 1175 subnitatur.
1061 1110 1122 1189 (pr-i
1144 1109 1232 1193 cliro,
1344 1111 1391 1171 52.
1437 1108 1617 1172 Enimvero
1649 1110 1726 1190 quia
1765 1111 1800 1173 in
1833 1110 2116 1175 commemoranda
2151 1110 2234 1193 legis

223 1204 389 1283 praecepte
408 1203 562 1279 quae-runi
578 1199 613 1261 iu
631 1198 890 1279 concupiscentiae
903 1196 1118 1277 prohibitione,
1132 1216 1206 1276 prr·
1256 1214 1385 1258 summa
1406 1191 1572 1257 interdum
1589 1192 1742 1259 Christus
1765 1203 1798 1259 ct
1819 1197 1955 1280 apostoli
1977 1198 2118 1279 priorem
2137 1197 2234 1262 tabu·

228 1306 319 1349 verso
339 1285 467 1348 sectione
487 1283 568 1363 quood
590 1304 688 1347 urium
708 1288 776 1347 erat
791 1284 937 1360 lacerare,
954 1280 1096 1363 punicus
1116 1280 1206 1344 lector
1228 1290 1231 1395 )
1256 1279 1321 1343 lam
1344 1280 1623 1361 praetennittunt,
1647 1302 1685 1344 ea
1707 1281 1743 1343 in
1766 1304 1801 1346 re
1821 1283 1955 1363 plurimi
1979 1282 2233 1362 hallucinantur,

229 1392 278 1437 me
306 1375 418 1435 tecente
443 1368 601 1433 iudicabit.
646 1368 713 1433 Nec
740 1370 838 1433 obstet
862 1370 943 1450 quod
969 1367 1099 1432 serrendo
1121 1387 1205 1448 repe-
1228 1400 1232 1465 i
1256 1360 1334 1429 diim
1358 1387 1470 1428 eorum
1488 1365 1588 1429 verba
1608 1365 1650 1429 ad
1672 1374 1843 1449 utramque
1866 1369 2009 1433 tabulam
2029 1369 2159 1433 trahere
2176 1389 2234 1434 ro-

229 1458 307 1521 iitur
335 1456 475 1519 uerbum:
502 1475 562 1517 run
589 1456 782 1536 concupisces
789 1479 798 1533 ,·
826 1456 903 1535 pitin
934 1453 985 1516 ubi
1006 1455 1132 1517 demerui
1148 1474 1204 1534 pn
1228 1480 1232 1529 l
1256 1451 1339 1514 lunt.
1388 1452 1491 1514 Vocat
1523 1451 1677 1515 Christus
1719 1452 1805 1536 apud
1839 1455 2046 1519 blatthaenm
2078 1454 2149 1537 (23,
2176 1455 2233 1538 23)

229 1544 302 1619 suit,
320 1547 429 1623 prutes
450 1540 518 1603 eius
538 1545 704 1620 erriemerct,
728 1541 768 1605 ab
790 1562 887 1605 ierom
906 1540 1066 1619 incipiens.
1119 1538 1205 1603 Unde
1229 1538 1231 1603 l
1256 1538 1431 1687 precipua
1457 1537 1540 1619 legis
1575 1538 1846 1617 misericordiam,
1880 1540 2037 1605 iudicium
2063 1548 2096 1603 et
2124 1539 2233 1605 tidem.

228 1628 320 1693 clare.
329 1632 429 1706 poich
451 1647 514 1690 urio
536 1632 688 1706 cruciatu,
716 1628 796 1706 qirod
817 1632 895 1691 rcetc
916 1625 1052 1688 Hebraei
1073 1614 1233 1705 fodient!
1284 1621 1330 1685 ub
1361 1622 1437 1687 fidei
1467 1623 1624 1687 vocabulo
1652 1624 1734 1687 mihi
1762 1648 1829 1689 non
1858 1634 1909 1690 est
1936 1626 2128 1707 ambiguum
2155 1628 2235 1708 quin

229 1714 389 1797 leperidum
415 1733 498 1789 mse,
531 1732 569 1774 ue
601 1712 705 1776 Deum
739 1714 772 1775 iu
799 1732 924 1776 sicuuua
944 1712 1139 1791 prumipnre,
1173 1715 1205 1773 ut
1229 1738 1232 1811 Ι
1257 1709 1429 1773 veritatem
1451 1729 1531 1791 erga
1552 1708 1701 1774 homines
1719 1710 1876 1794 designet.
1911 1713 2021 1794 Atqui,
2044 1720 2081 1775 ιιι
2101 1723 2235 1777 sentcn-

228 1799 309 1883 qaod
325 1799 464 1879 possidet
485 1798 623 1878 picisque
645 1804 769 1862 niarieut
781 1799 904 1862 scierim
922 1803 949 1861 ei
967 1798 1124 1873 iictori-uin,
1145 1816 1205 1859 non
1229 1816 1232 1827 ·
1257 1795 1303 1858 tia
1325 1795 1359 1858 in
1378 1802 1480 1858 totam
1492 1794 1603 1877 legem
1616 1794 1839 1876 protendatur,
1860 1798 1992 1880 quidam
2005 1818 2065 1881 pro
2077 1799 2235 1881 religione

228 1885 317 1950 modo
338 1884 377 1947 ab
396 1885 521 1947 iniuria
541 1889 596 1947 ιιιιι
613 1884 743 1948 libidine
758 1884 944 1965 {recideruli
964 1883 1018 1948 scil
1034 1904 1055 1946 a
1072 1883 1206 1946 minima
1257 1901 1337 1963 erga
1358 1879 1462 1943 lleum
1486 1881 1658 1961 accipiunt.
1694 1882 1835 1946 Frustra
1856 1894 1958 1963 certe3
1981 1906 2056 1948 nam
2080 1883 2235 1949 Christus

228 1972 323 2035 diurn
343 1970 513 2051 eupiditate
533 1990 613 2049 price
632 1971 755 2033 arrianos
774 1971 924 2034 sollicitet.
1257 1964 1297 2028 de
1320 1965 1372 2029 his
1394 1966 1546 2049 operibus
1568 1966 1698 2030 disserit
1719 1968 1837 2050 quibus
1861 1970 1957 2033 homo
1979 1992 2014 2035 se
2037 1971 2159 2035 iustum
2176 1992 2235 2054 ap·

317 2059 366 2118 51.
413 2053 578 2135 Quorsum
606 2077 684 2119 vero
711 2064 835 2139 spectet
859 2056 912 2119 lex
942 2055 1110 2131 universa,
1138 2076 1205 2117 non
1229 2072 1232 2143 j
1256 2053 1395 2134 probare
1423 2050 1526 2115 debet
1572 2052 1669 2115 Hanc
1690 2055 1852 2118 unionem
1873 2056 1902 2120 si
1924 2056 2148 2133 observemus,
2178 2056 2235 2121 de-

229 2142 293 2205 crit
314 2162 403 2204 nunc
426 2139 558 2204 difficile
577 2140 741 2218 iudicium,
765 2163 882 2223 nempe
903 2143 938 2205 in
957 2141 1099 2204 iustitiae
1117 2161 1205 2204 eom·
1229 2158 1232 2203 i
1257 2138 1403 2202 sinemus
1426 2139 1525 2201 ctiam
1552 2138 1664 2201 mirari
1691 2160 1749 2203 cur
1771 2139 1847 2203 alibi
1870 2143 2000 2225 roganti
2023 2141 2233 2220 adulescenti,

228 2227 446 2310 plementum:
475 2232 512 2288 ut
539 2226 680 2291 hominis
703 2229 805 2291 vitam
832 2227 874 2291 ad
900 2226 1031 2291 divinae
1054 2227 1205 2307 puritatis
1258 2245 1340 2307 quae
1368 2224 1435 2286 sint
1462 2222 1619 2287 mandata
1649 2246 1788 2305 quorum
1816 2226 2042 2292 observatione
2069 2227 2112 2292 ad
2131 2229 2235 2293 vitam

123 2392 128 2399 Ι
230 2311 399 2393 exemplar
428 2312 552 2375 formet.
597 2313 650 2375 Ita
676 2314 763 2377 enim
792 2336 888 2378 suum
919 2313 1086 2396 ingenium
1112 2310 1205 2375 Deus
1257 2307 1475 2392 ingredimur,
1504 2310 2233 2397 haecsolarespondeatilliatth.19,18.):

230 2398 297 2463 illic
315 2396 499 2475 delineavit,
522 2406 568 2474 ut,
592 2399 713 2481 siquis
737 2400 830 2464 lactis
850 2397 1007 2481 quidquid
1027 2397 1093 2460 illie
1111 2418 1205 2479 prae·
1229 2402 1233 2479 )
1257 2415 1323 2458 non
1351 2394 1490 2471 occides,
1519 2417 1585 2459 non
1613 2396 1848 2476 moechaberis,
1879 2421 1945 2464 non
1966 2401 2141 2479 furaberis,
2169 2423 2234 2465 uon

230 2484 351 2567 cipitur
383 2491 619 2564 repraesentet,
659 2485 835 2565 imaginem
868 2486 931 2549 Dei
969 2482 1205 2565 quodammodo
1230 2488 1232 2535 l
1257 2481 1378 2545 falsum
1396 2482 1619 2545 testimonium
1638 2481 1733 2560 dices,
1754 2484 1877 2548 honora
1894 2495 2234 2567 patronietmatrem;

231 2570 275 2635 sit
301 2570 336 2633 in
358 2569 427 2634 vita
448 2591 669 2651 expressurus.
715 2564 937 2651 Quamobrem
959 2571 1069 2635 Moses
1091 2568 1203 2651 (Dent.
1230 2542 1233 2659 l
1259 2566 1359 2650 dilige
1390 2568 1578 2649 proximum
1608 2579 1700 2631 tuum
1728 2571 1812 2633 sicut
1839 2577 1871 2635 te
1898 2572 2014 2653 ipsum.
2064 2570 2235 2654 Siquidem

234 2660 282 2733 10,
306 2654 375 2739 12),
397 2677 497 2737 quum
519 2678 681 2720 summam
703 2657 791 2721 illius
814 2658 969 2722 reducere
991 2655 1152 2720 Israelitis
1172 2656 1207 2719 in
1230 2664 1233 2743 ξ
1258 2653 1376 2735 prioris
1397 2653 1527 2717 tabulae
1548 2652 1732 2719 obedientia
1754 2657 1867 2720 autin
1889 2657 1996 2722 cordis
2018 2658 2152 2735 affectu,
2177 2667 2235 2722 aut

230 2741 421 2807 memoriam
443 2741 557 2819 vellet,
580 2749 613 2806 ct
634 2763 721 2806 nunc
742 2744 846 2808 Israel
869 2742 1005 2828 (aiebat)
1027 2740 1104 2823 quid
1126 2742 1207 2823 petit
1230 2788 1233 2815 ,
1258 2740 1294 2803 ιιι
1316 2740 1527 2803 caeremoniis
1550 2739 1616 2803 fere
1638 2750 1717 2804 erat
1752 2740 1869 2806 Oordis
1889 2744 2025 2809 affectus
2046 2766 2112 2807 uon
2133 2764 2234 2825 appa·

230 2828 289 2893 abs
316 2835 347 2891 te
369 2826 534 2891 Dominus
562 2828 654 2893 Deus
682 2837 773 2906 tuus,
797 2831 859 2894 nisi
887 2836 925 2892 ut
949 2829 1064 2892 tuneas
1091 2827 1206 2891 Domi·
1230 2822 1234 2925 Ι
1259 2825 1366 2904 rebat,
1391 2825 1604 2891 caeremoniis
1627 2825 1816 2910 hypocritae
1838 2828 1967 2893 assidue
1987 2829 2233 2909 incumbebant;

230 2935 325 2992 num,
355 2923 388 2977 ot
415 2913 561 2977 ambules
584 2915 617 2977 in
639 2915 701 2979 viis
725 2916 809 2993 eius;
835 2915 952 2997 diligas
979 2935 1055 2979 eum
1078 2935 1115 2978 ao
1138 2935 1206 2977 ser·
1260 2920 1294 2975 at
1326 2932 1424 2993 opera
1457 2912 1603 2976 cantatis
1631 2912 1712 2976 talia
1739 2922 1817 2977 sunt
1847 2922 1886 2978 ut
1912 2915 2048 2980 solidam
2076 2917 2235 2980 iustitiam

230 3000 302 3065 vias
323 3000 353 3062 ci
375 2999 411 3061 in
433 2999 624 3077 totocorde,
647 3000 736 3063 etin
753 3007 823 3065 tata
840 3003 958 3079 anima,
981 2999 1207 3081 custodiasque
1258 3019 1317 3080 per
1345 3019 1384 3062 oa
1410 3006 1576 3061 testemur.
1623 2997 1690 3061 Hoc
1719 3020 1789 3062 eruo
1821 3001 1866 3064 iic
1886 3003 2013 3082 passim
2041 3003 2173 3065 emicuit
2201 3004 2236 3065 in

230 3085 387 3149 mandata
413 3084 503 3147 eius?
549 3084 618 3148 Nec
644 3086 791 3150 cessabat
822 3085 936 3151 eadem
962 3088 1109 3151 occinere
1141 3085 1206 3149 illis
1230 3083 1428 3165 ipropbetis,
1460 3089 1495 3147 ιιι
1525 3083 1627 3147 lectori
1653 3085 1845 3149 ruaiioeriter
1875 3089 2039 3153 exercitulo
2068 3088 2235 3169 ferrulicre

231 3170 356 3253 quoties
384 3169 579 3234 indicandus
606 3179 678 3235 erat
703 3171 786 3254 legis
814 3194 937 3254 scopus.
983 3172 1060 3237 Huc
1081 3172 1127 3236 iic
1154 3194 1206 3237 re-
1231 3172 1233 3187 '
1258 3188 1323 3233 esse
1345 3169 1457 3234 debeat.
1502 3168 1589 3233 Nera
1608 3169 1674 3251 fere
1693 3172 1812 3251 qrioties
1832 3172 1994 3237 hortaretur
2018 3173 2062 3237 rui
2076 3174 2236 3252 poeniteu-

230 3256 328 3339 spicit
353 3255 435 3337 logis
464 3253 624 3335 doctrina,
660 3265 696 3320 ut
724 3257 889 3323 hominem
920 3262 1005 3325 ritae
1034 3259 1206 3323 sanctitate
1231 3304 1233 3339 ,
1258 3257 1345 3334 ticet,
1368 3257 1484 3319 eurissc
1495 3256 1606 3336 priore
1622 3255 1737 3334 tabula,
1756 3258 1858 3337 lidan,
1883 3259 2043 3337 iudicium,
2061 3259 2236 3323 misericor-

230 3363 306 3407 cum
328 3342 400 3405 Deo
432 3361 490 3404 suo
523 3343 713 3425 coniungat,
748 3352 781 3406 et
808 3343 1096 3429 (quemadmodum
1130 3344 1206 3408 alibi
1231 3346 1234 3429 i
1257 3342 1346 3406 diam
1377 3345 1405 3405 et
1437 3342 1621 3422 aeqrritatem
1651 3347 1767 3424 arpent.
1814 3344 1920 3425 Neque
1951 3345 2005 3409 boe
2032 3346 2120 3409 niodo
2142 3366 2236 3426 prce

230 3427 341 3493 Moses
360 3427 519 3507 loquitur)
542 3428 716 3492 cohaerere
733 3430 839 3494 faciat
874 3431 977 3495 Porro
995 3432 1066 3494 eius
1085 3430 1206 3495 sancti·
1231 3446 1234 3495 ;
1258 3432 1374 3491 mean
1395 3426 1460 3490 Dei
1487 3427 1640 3506 urrerem,
1671 3429 1725 3492 sed
1753 3429 1822 3494 eius
1843 3431 1960 3494 sericus
1979 3430 2192 3513 probationem
2215 3453 2235 3495 α

162 3578 170 3591 ,
230 3513 308 3577 tatis
328 3512 482 3594 perfectio
509 3513 543 3575 in
564 3512 688 3581 duobus
710 3516 776 3579 iam
797 3518 943 3581 recitatis
964 3517 1123 3598 capitibus
1144 3517 1207 3580 sita
1231 3500 1234 3541 ²
1258 3513 1361 3597 siprtis
1386 3513 1520 3594 exieriut.
1565 3512 1633 3576 Hoc
1654 3514 1785 3594 ¹quidem
1813 3520 1917 3580 nuum
1939 3523 1997 3596 est,
2026 3518 2079 3581 ubi
2100 3518 2138 3581 de
2159 3517 2236 3601 lepis

121 5112 209 5480 ι

231 3604 295 3676 est,
328 3606 366 3661 ut
399 3597 574 3680 diligamus
594 3600 776 3664 Dominum
798 3602 908 3667 Deum
934 3624 975 3667 cx
1004 3610 1072 3667 toto
1101 3601 1206 3679 corde,
1231 3602 1234 3635 ³
1258 3591 1464 3663 οιιινιιιιιοιιι
1484 3598 1656 3677 dissereret,
1675 3600 1859 3681 plerumque
1880 3603 2025 3667 insistere
2045 3606 2081 3667 in
2101 3604 2236 3668 serenda

230 3691 300 3749 tota
320 3683 443 3762 anima,
476 3685 552 3748 totis
580 3684 718 3764 viribus,
747 3694 780 3750 et
800 3689 1002 3770 proximum,
1036 3690 1119 3753 sicut
1148 3709 1208 3752 uos
1258 3684 1380 3763 tabula,
1408 3684 1484 3764 piria
1509 3684 1575 3748 illic
1599 3687 1736 3750 marture
1761 3689 1954 3769 perspicitur
1977 3691 2115 3753 iustitiae
2139 3693 2165 3752 et
2187 3690 2236 3751 in

230 3770 328 3855 ipsos.
373 3770 423 3834 Ac
456 3770 600 3851 primum
633 3771 763 3854 quidem
797 3781 846 3838 est
878 3783 915 3837 ιιι
942 3775 1006 3839 Dei
1035 3774 1207 3839 dilectione
1258 3772 1411 3854 tepritutis
1442 3770 1589 3833 siricium.
1640 3770 1747 3851 Neque
1776 3792 1853 3854 epus
1885 3780 1930 3838 est
1961 3794 2115 3840 recensere
2145 3775 2234 3852 locos,

231 3857 342 3921 anima
362 3862 474 3919 nostra
495 3857 585 3920 omni
605 3879 647 3921 ex
669 3868 762 3940 parte
781 3859 964 3942 impleatur.
996 3861 1050 3924 Ex
1073 3883 1112 3925 ea
1133 3881 1207 3942 pro-
1259 3858 1336 3938 quic
1351 3878 1412 3938 per
1433 3877 1465 3920 se
1487 3858 1617 3938 picisque
1634 3857 1728 3938 siwrle
1747 3860 1971 3925 arrianadccrtet
1992 3861 2074 3941 quui
2092 3861 2167 3924 ilico.

230 3942 320 4005 tinus
352 3940 438 4005 ultro
470 3942 551 4006 lluet
582 3945 723 4025 proximi
756 3943 894 4010 dileetio.
940 3945 1036 4026 Quod
1065 3946 1208 4010 ostendit
1348 3947 1397 4006 53.
1448 3942 1594 4025 Ergone,
1628 3942 1770 4024 inquies,
1805 3945 1908 4027 pluris
1941 3956 1991 4011 est
2019 3947 2061 4012 ad
2091 3946 2234 4011 iustitiae

231 4026 400 4110 apostolus
418 4026 450 4109 (l
467 4028 551 4092 Tim.
574 4029 665 4113 1,5),
689 4029 767 4093 dum
790 4031 901 4096 scribit
922 4034 1023 4097 finem
1044 4034 1207 4114 praecepti
1260 4050 1436 4103 summam,
1463 4049 1537 4092 cum
1560 4027 1748 4095 hominibus
1768 4030 1959 4097 innocenter
1982 4033 2107 4109 virere,
2136 4053 2235 4116 quam

231 4134 302 4177 esse
332 4113 503 4177 caritatem
532 4134 570 4177 ea
596 4116 793 4181 conscientia
820 4139 904 4199 pura
931 4126 966 4182 ct
988 4118 1053 4182 fido
1075 4140 1140 4182 non
1164 4119 1208 4181 si·
1259 4115 1379 4199 pietate
1411 4115 1521 4177 Deum
1553 4114 1738 4178 honorare?
1784 4118 1937 4196 Minime,
1971 4118 2028 4183 scd
2061 4119 2137 4203 quia
2169 4140 2236 4182 non

230 4198 363 4263 mulcta.
396 4197 500 4263 Vides
521 4206 676 4283 tanquam
697 4203 733 4265 in
751 4203 856 4286 capito
874 4204 1023 4269 collocari
1042 4205 1208 4270 conscien·
1260 4208 1382 4265 temere
1403 4201 1476 4282 quis
1497 4201 1665 4265 caritatem
1688 4204 1878 4283 peremnia
1899 4204 2054 4284 custodit,
2082 4205 2146 4269 nisi
2168 4205 2236 4268 De·

231 4285 312 4349 tiam
340 4292 374 4347 et
394 4283 493 4348 fidem
515 4306 581 4349 nou
603 4286 790 4351 simulatam
797 4313 804 4367 ;
835 4289 897 4355 hoc
919 4299 983 4368 est,
1010 4311 1077 4354 uno
1096 4291 1206 4367 verbo,
1261 4309 1316 4350 um
1344 4288 1427 4351 serio
1456 4288 1595 4367 timeat,¹
1617 4286 1694 4350 indc
1725 4309 1851 4370 quoque
1882 4291 2012 4371 pietatis
2045 4291 2235 4373 approbatio

230 4391 344 4435 veram
376 4369 546 4452 pietatem3
579 4372 656 4437 inde
687 4374 869 4439 caritatem*
892 4375 1016 4441 deduci.
1067 4376 1209 4440 Fallitur
1261 4374 1409 4437 sumitur.
1454 4372 1530 4437 Huc
1552 4372 1690 4454 accedit,
1719 4374 1806 4457 quod
1829 4376 1991 4441 Dominus
2013 4398 2113 4459 quum
2136 4376 2237 4459 probe

230 4477 324 4541 ergo,
351 4456 379 4520 si
406 4456 479 4537 quis
507 4466 657 4523 autumat
682 4459 868 4525 rudimenta
895 4462 1054 4544 quaedam
1082 4470 1116 4527 et
1141 4463 1208 4545 pri-
1260 4460 1389 4525 noverit
1414 4458 1496 4522 nihil
1520 4458 1752 4525 beneficentiae
1778 4482 1798 4524 a
1820 4462 1913 4527 nobis
1935 4464 2107 4545 pervenire
2135 4462 2177 4529 ad
2200 4484 2237 4526 se

230 4541 357 4607 mordia
382 4542 524 4606 iustitiae
545 4543 706 4609 duntaxat
732 4547 767 4608 in
789 4546 861 4630 lege
883 4548 982 4626 tradi,
1010 4549 1127 4632 quibus
1149 4549 1208 4612 ho-
1260 4546 1368 4628 ipsum
1389 4567 1492 4628 posse,
1514 4544 1600 4628 quod
1622 4556 1655 4609 et
1675 4566 1734 4627 per
1755 4548 1947 4629 prophetam
1970 4557 2110 4614 testatur
2131 4547 2234 4630 (Psal.

231 4629 336 4693 mines
358 4626 400 4693 ad
422 4629 609 4694 tirocinium
630 4630 837 4711 inchoentur,
860 4655 925 4697 non
947 4634 1045 4699 etiam
1064 4634 1209 4718 dirigan-
1265 4636 1312 4710 lc,
1332 4636 1376 4717 2),
1399 4632 1545 4697 nonsibi
1564 4632 1966 4716 officianostradeposcit,
1989 4635 2047 4700 sed
2064 4656 2143 4718 erga
2160 4654 2235 4715 pro-

231 4720 287 4777 tur
317 4712 359 4776 ad
392 4722 515 4778 rectam
547 4716 706 4781 bonorum
740 4738 876 4801 operum
909 4729 1043 4784 metam:
1078 4719 1208 4803 qua-ndo
1232 4756 1235 4789 ι
1260 4718 1387 4783 fimum
1408 4719 1502 4783 bonis
1523 4717 1674 4800 operibus
1696 4737 1756 4781 nos
1774 4727 1914 4785 exercet.
1947 4720 2063 4804 Itaque
2079 4741 2144 4784 non
2163 4719 2235 4782 sine

232 4799 321 4863 ultra
342 4796 433 4860 illam
454 4799 557 4865 Mesia
579 4810 612 4865 et
633 4802 719 4867 hauc
740 4803 836 4868 Pauli
859 4806 1064 4884 sentent-iam,
1090 4806 1131 4870 ad
1153 4827 1208 4870 su·
1260 4826 1359 4870 causa
1380 4805 1544 4888 apostolus
1565 4800 1666 4886 (Eph.
1686 4806 1714 4879 3,
1738 4803 1791 4887 19)
1819 4814 1921 4870 totam
1947 4815 2132 4872 sanctorum
2159 4826 2235 4887 per-

232 4902 382 4981 premam
402 4883 647 4965 perfectionem,
669 4888 753 4952 nihil
775 4889 959 4957 desiderare
980 4913 1087 4976 queas.
1133 4890 1207 4971 Quo
1259 4890 1431 4957 lechonem
1448 4893 1484 4955 in
1501 4888 1638 4955 caritate
1655 4889 1791 4970 reponit
1823 4890 1893 4956 Nec
1910 4893 2014 4974 ipsam
2034 4891 2108 4958 alibi
2140 4891 2234 4955 Rom.

233 4988 337 5045 emm,
360 4986 495 5049 quaeso,
517 4971 691 5052 procedere
708 4974 811 5053 volet,
840 4978 897 5060 qui
918 4980 983 5044 ista
1004 4977 1208 5043 institutione
1264 4981 1311 5055 13,
1331 4977 1367 5063 8)
1394 4974 1533 5043 absurde
1558 4981 1653 5038 vocat
1681 4973 1763 5057 legis
1785 4978 2059 5060 complementum
2065 5003 2074 5059 ;
2145 4977 2235 5057 dens,

233 5058 405 5151 contentus
426 5073 492 5116 non
514 5057 590 5134 erit,
620 5080 684 5140 qua
705 5058 802 5125 homo
825 5063 867 5128 ad
888 5065 1038 5129 timorem
1060 5063 1140 5144 Dei,
1166 5064 1207 5129 ad
1260 5063 1366 5149 legem
1387 5061 1574 5146 perfecisse,
1597 5059 1653 5141 qui
1675 5058 1783 5144 diligit
1802 5064 1997 5145 proxunum.
2039 5065 2125 5129 Item
2144 5063 2235 5138 (Gal

232 5138 436 5223 spiritualem
457 5139 590 5239 cultum,
613 5141 655 5206 ad
672 5144 900 5212 mandatorum
918 5148 1143 5229 obedientiam,
1166 5150 1208 5215 ad
1262 5156 1291 5231 5,
1314 5150 1381 5229 14):
1405 5156 1506 5213 totam
1528 5145 1634 5229 legem
1655 5166 1721 5211 uno
1742 5149 1842 5213 verbo
1865 5150 2113 5233 comprehendi,
2137 5151 2236 5235 dilige

229 5223 432 5335 paquendam
464 5248 537 5293 viae
557 5228 694 5293 Domini
720 5231 964 5315 rectitiidinem,
998 5236 1138 5320 denique
1167 5236 1209 5302 ad
1259 5236 1446 5321 proximum
1475 5233 1618 5298 sicutte
1644 5231 1761 5315 ipsum.
1805 5234 1882 5300 Non
1908 5238 1998 5301 enim
2023 5236 2114 5302 aliud
2144 5237 2239 5303 docet
