4672 5842
130 307 191 387 ιιι-1
368 323 459 389 ΙιΙΒ.
480 323 544 388 ΠΙ.
589 325 654 391 DE
675 322 813 393 MODO
834 325 1185 393 Puaoffmivnsu
1208 325 1397 392 CHRISTI
1419 327 1637 392 enimus.
1679 327 1778 394 OAP.
1802 328 1900 398 XIX.
2077 339 2139 401 622

130 511 223 591 iecit3
246 513 401 577 attactus
418 512 617 577 estIudaeis
634 513 727 596 quasi
744 511 896 591 Iudaeus,
915 520 953 576 ut
970 511 1108 578 Iudaeos
1159 514 1275 579 ιιιιιιιι
1295 514 1420 596 papalis
1448 517 1557 594 missa,
1585 537 1628 579 an
1658 517 1879 594 sacrificasset,
1910 518 1950 582 ad
1980 522 2140 602 praeben.

130 596 349 675 lucrifaceret3
371 598 412 662 iis
434 597 490 679 qui
512 597 667 682 sublege
688 606 798 676 erant,
826 599 919 681 quasi
941 608 1026 663 ιιιιι
1047 600 1108 664 ιιι
1161 598 1239 662 dum
1260 601 1340 682 ipsis
1358 600 1452 665 laetis
1469 601 1602 683 poium?
1642 600 1789 666 Minius:
1810 622 1885 666 uum
1903 603 1953 669 lac
1975 628 2141 674 venenum

131 683 219 766 lege,
248 692 288 747 ιιι
309 703 364 748 ιιι
385 683 442 765 qui
464 684 524 749 sub
546 684 618 766 legs
640 695 734 748 eraut
754 685 960 749 lucrifaceret
966 708 974 763 ;
1002 684 1108 748 omni-
1161 706 1227 750 ιιοιι
1249 692 1307 750 est.
1340 687 1546 750 Mentiuntur
1565 708 1642 770 ergo
1660 708 1695 751 se
1713 687 1810 764 alere,
1828 709 1910 770 quos
1928 691 1988 755 sub
2011 691 2140 758 blandi-

131 767 192 834 bus
221 770 346 847 omnia,
373 776 411 832 nt
438 769 559 851 multos
586 778 734 835 servaret
760 771 792 851 (l
815 769 889 834 Cor.
911 775 939 847 9,
970 775 1016 832 le.
1041 771 1107 855 22),
1160 771 1284 835 tiarum
1313 773 1419 854 specie
1445 772 1623 836 crudeliter
1652 782 1780 838 necant.
1824 776 1934 856 Atque
1961 784 2000 840 ut
2026 778 2140 846 demus

131 853 409 936 quemadmodum
432 855 509 920 alibi
531 856 657 921 scribit:
677 851 847 921 Habemus
868 857 990 920 iustam
1011 855 1109 945 liber·
1161 856 1363 939 probandam
1391 857 1433 921 ad
1465 866 1594 939 tempus
1626 858 1810 923 istiusmodi
1838 859 2138 945 dissimulationem,

129 942 208 1006 tatis
229 940 498 1017 moderationem,
521 942 549 1006 si
569 963 646 1017 cum
662 942 771 1007 fructu
790 941 897 1023 aliquo
919 941 1108 1006 indifferen·
1161 963 1329 1024 quousque
1346 943 1479 1008 tandem
1497 965 1614 1026 pueros
1633 966 1707 1009 suos
1725 945 1839 1009 eodem
1856 946 2017 1028 potabunt
2032 950 2138 1016 lacte?

130 1034 182 1090 ter
202 1026 363 1092 contineri
389 1027 499 1109 possit.
545 1025 636 1108 Quid
662 1028 845 1111 respexerit
872 1048 974 1109 quum
997 1028 1109 1091 Titum
1161 1029 1248 1092 Nam
1266 1031 1294 1092 si
1311 1051 1480 1110 nunquam
1497 1027 1727 1112 grandescunt,
1749 1040 1788 1095 ut
1805 1031 1856 1096 vsl
1874 1039 2008 1098 tenuem
2024 1036 2139 1101 saltem

131 1112 363 1178 circumcidere
381 1112 514 1176 fortiter
533 1112 656 1195 abnuit,
685 1115 754 1196 ipse
778 1121 928 1191 testatur,
958 1114 1005 1179 sic
1029 1113 1108 1177 scri-
1162 1114 1304 1196 aliquem
1329 1114 1437 1180 cibmn
1464 1117 1550 1179 ferre
1577 1116 1717 1197 possint,
1746 1138 1806 1181 nec
1833 1118 1919 1182 lacte
1947 1120 2048 1185 fiiisse
2076 1143 2138 1186 un-

132 1199 224 1264 bens:
248 1197 307 1263 sed
326 1218 433 1279 neque
452 1199 556 1276 Titne,
577 1200 634 1281 qui
651 1221 779 1264 mecum
797 1208 876 1277 erat,
900 1219 1000 1280 quum
1025 1205 1110 1264 esset
1162 1221 1261 1282 quam
1289 1199 1441 1265 educatos
1469 1208 1595 1266 certum
1622 1210 1679 1266 est.
1733 1199 1799 1265 Gur
1826 1223 1908 1267 uuiic
1934 1207 2043 1270 acrius
2069 1227 2140 1272 cum

130 1283 293 1360 Graecus,
319 1284 505 1366 compulsus
532 1285 595 1348 fuit
621 1283 821 1364 circumcidi3
850 1292 983 1367 propter
1005 1283 1111 1348 obiter
1161 1286 1230 1349 iliis
1255 1307 1315 1350 uon
1342 1287 1538 1368 congredior,
1570 1287 1652 1352 duae
1680 1288 1817 1351 rasurus
1843 1290 2032 1370 impediunt:
2062 1293 2139 1375 quio

128 1371 295 1453 ingressos
321 1370 420 1435 falsos
448 1371 581 1448 fratres,
615 1372 669 1453 qui
700 1372 958 1436 subintroierant
983 1369 1025 1434 ad
1051 1390 1109 1434 ex·
1161 1372 1216 1435 oin
1238 1373 1352 1455 diquoe
1369 1379 1442 1435 aurit
1459 1393 1566 1436 eorum
1582 1373 1718 1453 ineptiae
1739 1393 1818 1453 quoe
1839 1376 2021 1455 scrutarier,
2043 1399 2139 1458 qutun

129 1455 325 1538 plorandum
353 1454 539 1521 libertatem
567 1466 723 1535 nostram,
757 1477 855 1540 quam
884 1456 1044 1520 habemus
1075 1456 1110 1519 in
1161 1458 1248 1539 apud
1267 1478 1369 1522 omues
1390 1478 1485 1523 sanos
1506 1458 1613 1522 uieriio
1635 1459 1793 1536 sordeant,¹
1813 1459 1931 1539 deiude
1952 1464 2029 1541 quio
2046 1485 2139 1543 pecte-

131 1540 264 1607 Ghristo
285 1542 372 1620 Iesu,
396 1563 460 1623 quo
482 1564 542 1607 nos
564 1543 599 1606 in
621 1543 813 1608 servitutem
837 1542 889 1606 adi
914 1551 1015 1619 erent,
1037 1541 1109 1624 qui-
1162 1543 1299 1608 liovibus
1324 1544 1448 1624 emptis
1470 1543 1493 1627 ¹)
1520 1543 1574 1607 hoc
1602 1543 1721 1608 ιιιιιᾱι
1749 1546 1909 1625 praestiti,
1942 1548 2012 1612 iulo
2037 1555 2138 1616 actum

130 1627 190 1692 bus
202 1648 244 1692 ne
259 1626 300 1691 sd
318 1635 448 1710 tempus
466 1626 598 1710 quidem
614 1631 771 1694 cessimus
788 1649 847 1711 per
864 1563 1108 1703 adiectionem,
1162 1650 1260 1710 ogere.
1307 1630 1442 1693 Tauium
1481 1629 1534 1693 boc
1571 1632 1692 1693 ιιιιιιιι
1729 1630 1866 1708 lectores,
1906 1633 2138 1717 quibuscunque

130 1720 168 1777 ut
196 1713 357 1797 evangelii
387 1715 510 1778 veritas
536 1725 685 1779 maneret
711 1714 800 1797 apud
827 1736 894 1779 vos.
939 1713 1110 1778 Habemus
1161 1715 1321 1779 scandulis
1348 1720 1439 1778 ιαιιιιι
1466 1720 1493 1778 et
1518 1715 1655 1779 muudus
1681 1720 1817 1779 ιιινιινι
1843 1737 1898 1780 iios
1925 1719 2096 1784 miicmur
2116 1743 2138 1786 a

130 1808 165 1863 st
181 1800 410 1864 necessitatem
429 1799 643 1865 vindicandae
660 1800 830 1878 libertatis,
853 1801 881 1864 si
902 1821 962 1881 per
979 1800 1110 1881 iniquas
1162 1799 1226 1864 Dei
1249 1801 1388 1881 placitis,
1417 1801 1463 1864 uel
1490 1821 1545 1865 ιιι
1572 1802 1706 1879 amram,
1734 1822 1772 1864 ue
1793 1821 1962 1882 sequamur
1982 1806 2065 1885 quod
2085 1805 2139 1879 ulie

131 1887 315 1950 exactiones
343 1885 700 1968 pseudoapostolorum,
734 1908 773 1951 sa
799 1887 941 1951 infirmis
969 1886 1004 1948 in
1032 1905 1109 1951 con-
1157 1887 1355 1967 proescridit,
1374 1885 1714 1952 urmueuihiiovuiuus
1724 1888 1919 1969 perpetium
1930 1909 2010 1970 essa·
2027 1892 2139 1958 saw

131 1971 275 2035 scientiis
293 1971 509 2054 periclitatur.
554 1972 682 2054 Ubique
700 1971 898 2036 studendum
917 1972 1055 2049 caritati,
1077 1978 1110 2034 ιι
1161 1973 1315 2052 quidquid
1336 1972 1555 2036 discriminum
1576 1973 1765 2055 imgrertdeqt,
1794 1993 1854 2036 nou
1881 1979 1984 2038 tumea
2007 1975 2139 2043 liberum

130 2057 309 2138 spectanda
334 2058 474 2139 proximi
502 2057 691 2122 aedificatio.
737 2056 873 2136 Omnia,
900 2058 1006 2139 inquit
1032 2056 1110 2122 alibi
1161 2079 1227 2122 esse
1247 2058 1295 2122 oei
1316 2059 1415 2122 lutum
1436 2077 1569 2140 uuquam
1589 2059 1741 2138 ἀιιιιιινι
1769 2058 1807 2122 ab
1835 2059 1973 2124 eiusdem
1995 2060 2058 2127 Dei
2079 2064 2138 2128 ius

130 2143 259 2292 dicor·
283 2148 330 2221 10,
358 2143 429 2224 23),
458 2143 541 2206 mihi
573 2143 686 2220 licent,
716 2151 751 2206 at
777 2165 844 2207 non
870 2144 981 2207 omnia
1010 2164 1108 2225 expe-
1156 2145 1261 2225 perio,
1291 2165 1344 2208 uec
1372 2143 1437 2208 uilo
1459 2148 1624 2224 pauetcuu
1651 2145 1705 2225 fus
1732 2163 1796 2208 esee
1823 2146 1995 2226 quidquam
2019 2154 2138 2216 tantm

155 2229 238 2307 'unt;
266 2229 376 2293 omnia
396 2228 480 2293 mihi
502 2229 618 2307 licent,
643 2237 677 2293 ut
698 2250 764 2293 non
786 2231 897 2294 omnia
918 2229 1106 2295 aedificant:
1160 2231 1227 2294 uisi
1253 2230 1335 2310 quod
1357 2231 1519 2310 permittit.

130 2336 225 2378 nemo
254 2312 341 2396 quod
368 2336 466 2380 suum
494 2324 545 2380 ιιι
572 2323 723 2396 quaerat,
757 2314 816 2379 sed
847 2314 934 2397 quod
962 2314 1105 2378 ιιιιιιιιι.
1250 2319 1297 2378 14.
1348 2315 1421 2379 Iam
1450 2336 1529 2378 vero
1557 2337 1659 2399 quum
1687 2316 1747 2380 hac
1774 2316 1934 2382 libertatis
1962 2340 2041 2401 pras
2171 2382 2173 2387 ,

129 2400 223 2463 Nihil
255 2401 321 2464 iam
354 2401 415 2466 hac
443 2400 558 2484 regula
585 2399 783 2483 expeditius,
817 2422 914 2483 quam
946 2399 1107 2465 utendum
1160 2400 1244 2479 tiva,
1277 2400 1407 2482 qualem
1440 2410 1538 2465 antea
1571 2400 1817 2484 descripsimus,
1852 2401 1991 2468 donatae
2023 2405 2136 2473 fideus

57 2566 61 2570 Ι
130 2484 280 2550 libertate
302 2494 428 2565 nostra,
451 2489 479 2552 si
501 2487 700 2568 inproximi
723 2489 825 2551 nostri
848 2486 1107 2551 aedificationem
1159 2487 1375 2552 conscientiae
1402 2484 1437 2549 id
1464 2485 1591 2552 Christi
1623 2488 1778 2553 beneficio
1810 2498 2030 2571 consequutus
2059 2492 2134 2573 sint,

129 2570 238 2651 oedat3
267 2573 319 2636 sin
344 2573 393 2637 ita
420 2574 571 2655 proximo
592 2594 660 2637 non
682 2572 849 2656 expediat,
871 2594 910 2637 sa
931 2580 1011 2637 tunc
1033 2572 1106 2637 abs·
1159 2593 1201 2636 ne
1229 2572 1305 2637 ullis
1332 2573 1595 2638 observationum
1622 2573 1747 2656 laqueis
1774 2576 1809 2638 in
1836 2575 1876 2640 iis
1904 2576 2002 2641 rebus
2027 2578 2136 2661 impli-

129 2655 309 2722 tinendum.
359 2656 449 2723 Sunt
475 2659 529 2742 qui
559 2658 727 2740 paulinam
761 2658 966 2740 prudentiam
1004 2659 1106 2722 simu-
1158 2668 1283 2737 centur,
1312 2659 1346 2721 in
1375 2658 1492 2741 quibus
1522 2681 1577 2724 eas
1605 2680 1675 2724 esse
1696 2659 1816 2724 liberas
1837 2661 2002 2728 Dominus
2023 2665 2134 2744 voluit,

128 2742 199 2808 lant
225 2744 482 2810 inabstinentia
509 2745 686 2823 libertatis,
713 2745 798 2809 nihil
820 2746 930 2809 minus
951 2765 1050 2827 quam
1071 2745 1106 2807 in
1159 2744 1307 2808 omnium
1335 2745 1507 2809 hominum
1535 2738 1694 2828 potestate
1721 2757 1890 2830 exemptas
1918 2770 1987 2813 osse
2014 2749 2134 2814 ιιιιιιι-

129 2830 234 2895 officia
256 2831 402 2895 caritatis
429 2851 503 2895 eam
529 2831 740 2896 conferentes.
786 2828 875 2896 Suae
896 2831 986 2894 enim
1006 2831 1108 2912 quieti
1159 2831 1291 2895 tuimus.
1336 2831 1399 2895 Est
1425 2831 1513 2894 enim
1542 2830 1715 2915 indignum
1745 2839 1804 2896 aut
1832 2833 1964 2898 Christo
1993 2836 2136 2917 gratiam

130 2925 169 2978 ut
186 2917 375 2995 consulant,
398 2937 530 2982 omnem
548 2916 709 2982 libertatis
726 2916 926 2981 mentionem
944 2915 1107 2999 sepultam
1159 2924 1270 2980 tantae
1293 2938 1371 2981 suae
1393 2917 1597 2981 liberalitatis
1617 2919 1724 3000 perire
1747 2925 1804 2982 aut
1825 2920 2033 2984 conscientiis
2055 2921 2135 3004 ipsis

127 3009 254 3083 optant;
270 3024 374 3084 quum
392 3024 458 3067 non
475 3004 585 3068 minus
602 3003 734 3067 intersit
752 3004 988 3084 proximorum,
1009 3001 1107 3066 liber-
1158 3002 1312 3068 fructum.
1357 3003 1473 3084 Neque
1495 3025 1548 3068 res
1569 3003 1711 3068 levicula
1728 3004 1946 3069 existimanda
1963 3006 2057 3071 nobis
2074 3014 2132 3087 est,

128 3095 228 3153 tatem
258 3090 292 3152 in
320 3109 434 3153 eorum
462 3089 584 3154 bonum
606 3098 640 3153 ιι
659 3088 920 3154 aedificationem
940 3087 1107 3152 interdum
1158 3109 1257 3170 quam
1274 3089 1424 3154 videmus
1442 3090 1526 3153 tanti
1544 3087 1677 3153 Christo
1695 3090 1887 3166 constitisse,
1907 3098 2019 3172 utpote
2035 3113 2135 3173 quam

128 3195 303 3257 usurpare,
331 3196 429 3256 quam
458 3196 518 3256 pro
546 3173 693 3257 ipsorum
721 3173 904 3253 commodo,
935 3195 1008 3239 eam
1035 3173 1106 3240 loco
1158 3195 1226 3238 non
1247 3195 1327 3240 auro
1349 3183 1407 3239 aut
1427 3182 1578 3259 argento,
1607 3174 1665 3239 sed
1690 3176 1822 3258 proprio
1848 3177 2009 3259 sangnine
2037 3178 2134 3243 aesti-

128 3260 300 3323 modsrari.
345 3261 399 3324 Pii
421 3271 531 3326 autem
553 3261 695 3326 hominis
716 3270 767 3326 est
787 3262 947 3344 cogitare,
976 3261 1038 3326 sibi
1065 3259 1105 3324 li·
1157 3262 1275 3340 mavit,
1306 3271 1344 3325 ut
1364 3261 1491 3327 Paulus
1511 3283 1577 3326 non
1604 3261 1731 3326 dubitet
1758 3260 1879 3341 dicere,
1907 3262 2033 3326 irritam
2061 3264 2134 3330 fiori

128 3346 240 3408 beram
254 3345 297 3408 -in
324 3346 422 3410 rebus
448 3347 594 3412 externis
619 3355 814 3431 potestatem
840 3346 913 3412 ideo
935 3368 1005 3411 esse
1027 3366 1105 3410 con·
1157 3347 1227 3410 eius
1247 3353 1401 3426 mortem,
1430 3349 1457 3411 si
1480 3347 1608 3412 animas
1634 3354 1764 3412 nostras
1787 3347 1974 3412 hominibus
1996 3349 2032 3413 in
2057 3350 2133 3416 sub·

128 3451 265 3508 cossam,
289 3433 412 3512 quosit
435 3431 604 3497 adomnia
622 3433 893 3499 canutisoffioia
914 3432 1104 3516 expeditior.
1156 3433 1328 3499 iectionem
1361 3433 1520 3498 tradimus
1553 3433 1641 3516 (Gal.
1668 3440 1696 3511 5,
1725 3438 1750 3497 1.
1777 3433 1821 3517 4).
1859 3432 2038 3516 ’Βιιιιιιιιιιιι
2065 3457 2133 3502 non

219 3519 266 3579 13.
311 3514 479 3598 Quidquid
514 3528 624 3582 autem
652 3518 692 3584 de
719 3519 872 3585 cavendis
900 3518 1104 3583 offendiculis
1156 3516 1246 3582 aliud
1278 3520 1347 3601 agit
1378 3519 1501 3601 aliquot
1529 3518 1688 3601 capitibus
1722 3518 1878 3601 epistolae
1911 3519 1952 3584 ad
1985 3520 2132 3602 Galatas,

126 3601 237 3679 docui,
267 3600 309 3665 ad
335 3622 388 3666 res
415 3601 539 3668 medias
567 3614 600 3667 et
625 3603 851 3670 indifferentes
877 3605 991 3670 referri
1020 3605 1102 3668 volo.
1156 3625 1254 3687 quam
1276 3603 1447 3669 Christum
1470 3604 1562 3670 nobis
1585 3603 1763 3683 obscurari,
1792 3605 1845 3670 vel
1873 3609 1980 3688 potins
2008 3609 2132 3672 exstin-

124 3688 214 3751 Nam
235 3707 319 3770 quae
341 3689 525 3753 necessaria
546 3698 626 3754 sunt
646 3691 741 3768 ιιιιιι,
769 3691 893 3755 nullius
914 3689 1104 3756 offendiculi
1156 3691 1222 3773 gui,
1245 3690 1309 3754 nisi
1330 3691 1365 3754 in
1386 3712 1446 3755 sua
1468 3690 1617 3755 libertate
1638 3699 1725 3755 stent
1746 3691 1962 3756 conscientiae
1983 3699 2129 3757 nostrae:

125 3775 242 3838 timore
264 3772 445 3838 omittenda
467 3784 553 3839 sunt.
599 3772 883 3857 Quemadmodum
910 3777 999 3840 enim
1020 3776 1104 3840 cari·
1156 3797 1263 3858 aqua
1280 3783 1366 3841 certe
1385 3776 1588 3853 exciderunt,
1610 3778 1792 3859 sipossunt
1809 3777 1979 3840 hominum
1997 3775 2131 3842 arbitrio

126 3861 187 3924 tati
216 3858 415 3925 subiicienda
449 3870 499 3924 est
530 3870 644 3928 nostra
674 3861 824 3941 libertas,
855 3864 901 3925 ita
933 3861 994 3926 sub
1025 3860 1104 3926 fidei
1155 3861 1265 3945 legum
1283 3882 1320 3928 ac
1338 3863 1608 3927 constitutionum
1625 3861 1766 3927 vinculis
1783 3861 1962 3944 illaqueari.
1992 3861 2129 3943 Verum,

126 3948 269 4028 puritate
287 3944 454 4011 subsidere
475 3947 618 4012 vicissim
635 3950 754 4013 caritas
770 3947 963 4031 ipsa'debet.
1000 3948 1103 4031 Equi·
1156 3955 1192 4011 ut
1212 3969 1265 4012 res
1286 3955 1336 4013 est
1357 3949 1490 4032 cognitu
1512 3947 1715 4029 dignissima,
1737 3947 1783 4010 ita
1803 3947 1943 4029 longiori
1961 3947 2131 4032 magisque

126 4032 201 4096 dem
234 4040 268 4097 et
296 4031 349 4098 hic
382 4034 527 4097 caritatis
560 4036 721 4100 rationem
753 4034 868 4100 haberi
900 4033 1006 4111 decet,
1046 4034 1102 4098 ssd
1154 4034 1327 4116 perspicua
1348 4034 1565 4116 explicatione
1587 4032 1722 4116 indiget.
1768 4030 1890 4096 Statim
1918 4033 2006 4097 enim
2035 4042 2131 4119 atque

125 4138 231 4201 usque
262 4117 304 4181 ad
331 4138 418 4198 aras;
452 4118 515 4184 hoc
548 4131 614 4198 est,
647 4143 690 4186 ne
720 4122 756 4184 in
788 4121 929 4204 gratiam
960 4120 1104 4202 proximi
1155 4118 1195 4183 de
1217 4119 1437 4184 humanarum
1464 4119 1734 4183 constitutionum
1760 4118 1970 4202 abrogatione
1991 4122 2131 4186 verbum

125 4204 235 4268 Deum
264 4203 477 4269 offendamus.
523 4205 599 4269 Non
632 4218 682 4270 est
712 4205 879 4289 probanda
911 4226 1025 4270 eorum
1051 4206 1103 4269 in·
1154 4205 1277 4269 factum
1297 4214 1355 4282 est,
1378 4205 1530 4287 ingentes
1552 4202 1668 4268 turbae
1689 4205 1810 4286 partim
1828 4226 1848 4269 a
1865 4204 2036 4284 seditiosis,
2054 4227 2130 4288 per·

125 4290 308 4373 temperies,
330 4291 387 4371 qui
409 4290 495 4353 nihil
516 4291 580 4355 nisi
603 4291 830 4358 tumultuando
852 4299 965 4375 agunt,
988 4300 1021 4355 et
1047 4292 1103 4373 qui
1154 4291 1214 4354 tim
1233 4312 1252 4355 a
1269 4289 1559 4356 calumniatoribus
1577 4298 1836 4371 commoventur,
1860 4292 1954 4374 quasi
1975 4292 2131 4356 universa

125 4396 336 4458 perrumpere
362 4377 474 4440 omnia
499 4376 630 4440 malunt
655 4397 754 4459 quam
774 4377 927 4443 dissuere.
973 4379 1020 4442 At
1041 4399 1103 4443 nec
1154 4376 1253 4441 simul
1274 4376 1407 4441 tollatur
1426 4396 1464 4440 ao
1486 4373 1696 4442 subvertatur
1716 4376 1887 4441 hominum
1907 4375 2101 4442 obedientia.

126 4460 279 4526 audiendi
307 4468 386 4525 sunt
410 4462 467 4544 qui
490 4483 592 4545 quum
613 4463 650 4526 in
671 4463 760 4528 mille
781 4464 959 4547 impictatis
981 4464 1102 4540 formas
1243 4466 1290 4526 15.
1335 4461 1390 4526 Ad
1416 4484 1492 4526 enm
1516 4482 1593 4545 ergo
1620 4460 1763 4544 lapidem
1790 4484 1831 4527 ne
1859 4462 1932 4544 quis
1958 4461 2129 4544 impingat,

126 4546 225 4612 duces
246 4569 281 4612 se
303 4546 471 4630 praebent,
494 4548 541 4613 sia
559 4548 620 4613 sibi
637 4548 802 4633 agendum
820 4551 950 4632 fingunt
966 4571 1009 4612 ne
1026 4571 1101 4632 pro-
1153 4547 1296 4630 primum
1314 4548 1614 4614 animadvertamus
1632 4547 1754 4630 duplex
1776 4569 1846 4613 esse
1867 4549 1902 4610 in
1924 4547 2056 4610 homine
2077 4568 2129 4612 re·

125 4633 223 4696 rimis
246 4635 313 4698 sint
333 4633 542 4709 offendiculo;
570 4636 664 4717 quasi
689 4654 756 4699 non
781 4636 912 4700 interim
936 4635 1102 4717 proximo·
1153 4634 1279 4716 gimen:
1309 4632 1449 4698 alterum
1476 4634 1660 4717 spirituale,
1689 4655 1753 4716 quo
1779 4633 1977 4698 conscientia
1998 4630 2040 4695 ad
2060 4633 2129 4715 pic·

126 4738 201 4782 rum
227 4720 441 4786 conscientias
469 4720 504 4783 iu
532 4720 658 4785 malum
688 4720 874 4800 aedificent,
908 4722 1101 4804 praesertim
1153 4725 1256 4784 tatem
1277 4726 1311 4783 et
1332 4718 1374 4783 ad
1395 4721 1521 4786 cultum
1542 4720 1606 4784 Dei
1632 4720 1830 4799 instituitur,
1859 4718 1998 4783 altorum
2019 4717 2128 4800 politi·

125 4804 181 4868 ubi
200 4804 292 4869 nulla
312 4825 369 4888 spe
391 4806 500 4870 exitus
519 4806 555 4870 in
577 4806 690 4871 eodem
712 4827 841 4890 semper
862 4807 999 4872 haerent
1020 4807 1099 4871 luto.
1153 4825 1243 4884 cum,
1271 4825 1336 4887 quo
1358 4804 1400 4870 ad
1421 4805 1636 4870 humanitatis
1657 4814 1690 4870 et
1711 4805 1877 4870 civilitatis
1898 4804 2017 4883 officia,
2045 4824 2128 4887 quae

125 4889 173 4953 Et
192 4910 310 4955 suaves
331 4890 489 4971 homines,
512 4913 571 4957 seu
590 4891 745 4971 doctrina,
770 4915 829 4958 ιιιι
845 4894 933 4959 vitae
950 4892 1101 4975 exemplo
1153 4891 1240 4956 inter
1257 4891 1405 4957 homines
1423 4890 1584 4956 servanda
1601 4899 1686 4968 sunt,
1710 4890 1807 4954 homo
1825 4891 1982 4956 eruditur.
2018 4889 2129 4976 Vulgo

125 4975 170 5040 sit
196 4976 418 5043 instituendus
445 4978 632 5060 proximus,
661 4979 757 5043 aiunt
787 4979 871 5043 laets
902 4978 1102 5061 pascendum

125 5081 205 5136 osse,
232 5083 328 5145 quem
355 5062 506 5144 pessimis
532 5063 781 5148 exitialibusqus
806 5064 1013 5146 opinionibus
1039 5063 1101 5127 im-

125 5147 239 5212 buunt.
300 5148 413 5213 ιιοιι
468 5155 526 5212 oa
553 5169 590 5214 a
615 5147 1102 5215 amnemamnem
1154 5181 1189 5236 ιθ
1211 5113 1379 5237 3523,ss
1392 5112 2127 5251 fffflffifflfflffltfflffl:

124 5239 357 5298 commemorat
379 5233 412 5317 (1
447 5252 510 5299 «or.
535 5237 566 5313 ι,
590 5233 641 5319 2);
674 5235 731 5302 sed
763 5235 793 5300 si
823 5241 896 5300 tum
926 5234 1014 5298 inter
1043 5253 1101 5300 eos
1153 5251 1272 5305 nunna
1289 5250 1535 5322 superstitionibus.
