4672 5842
109 321 172 381 481
369 315 460 382 ΙιΙΒ.
480 316 543 381 ΠΙ.
587 317 651 382 DE
674 315 809 383 MODO
832 314 1182 384 PERCIPIENDAE
1205 317 1394 386 oflfflssrl
1418 319 1637 387 earm.
1681 320 1780 388 CAP.
1802 323 1864 390 IV.
2051 327 2113 390 482

109 508 259 588 quiretur
285 504 441 585 iniquitas
470 504 584 583 Iacob,
618 513 652 569 et
682 526 749 569 non
776 506 979 583 invenietur;
1011 525 1086 586 pec-
1138 507 1267 588 pressit.
1312 506 1463 587 Omnem,
1486 509 1593 591 inquit
1615 508 1687 595 (04.
1709 512 1822 595 14,3),
1845 513 1939 578 101104
1960 514 2114 597 iniquita-

108 601 220 657 catum
257 589 428 669 Iehudah,
468 599 502 654 et
540 612 607 654 non
646 592 727 655 erit:
774 591 851 673 quia
888 591 1087 672 propitiabor
1138 600 1206 656 tem
1239 614 1258 656 0
1286 593 1391 658 Deus:
1425 615 1467 658 en
1494 604 1702 677 peccatorum
1734 599 1896 678 remissio;
1929 609 1963 663 et
1994 600 2114 666 vitulos

108 677 255 759 reliquiis
298 697 379 758 quas
423 698 606 742 servavero.
673 677 735 741 Vis
775 678 920 742 breviter
964 684 1085 753 tenere,
1138 676 1300 743 labiorum
1321 679 1558 761 persolvemus:
1588 703 1630 746 en
1653 684 1838 748 satisfactio.
1884 682 1959 749 Seio
1981 685 2115 767 quidem

108 764 182 846 quis
209 764 252 828 sit
273 759 448 828 verborum
474 764 612 827 istorum
639 761 777 827 sensus?
822 761 983 845 Expende
1008 761 1086 844 quid
1138 765 1289 830 subtilius
1322 765 1429 831 adhuc
1460 768 1548 849 ipsos
1580 768 1680 846 elabi,
1716 768 1795 833 dum
1826 771 1913 834 inter
1946 779 2114 836 aeternam

107 869 307 914 econverso
337 848 399 913 sibi
426 847 530 912 velint
555 849 759 930 loquutiones
785 849 874 913 illae:
904 848 1085 912 Dominum
1137 871 1277 931 poenam
1299 859 1332 915 et
1352 853 1546 934 temporales
1563 853 1776 936 distinguunt.
1822 853 1890 920 Sed
1910 878 2010 939 quum
2032 866 2115 922 tem·

107 936 144 1000 in
166 935 293 1001 sacculo
315 935 505 1016 iniquitates
528 935 695 1017 colligare,
723 935 759 998 in
781 934 973 999 fasciculum
995 934 1086 1000 00111-
1138 936 1283 1017 poralem
1311 957 1449 1019 poenam
1482 938 1619 1020 quodvis
1647 941 1843 1022 supplicium
1871 964 1942 1008 esse
1970 943 2113 1022 tradant,

108 1043 187 1105 gere
217 1031 251 1085 et
281 1019 471 1098 recondere,
505 1021 580 1084 stilo
612 1021 717 1084 ferreo
745 1042 882 1085 exarare
915 1021 951 1083 in
977 1019 1086 1103 lapide
1137 1020 1224 1103 quod
1253 1028 1321 1086 tam
1350 1023 1390 1086 de
1419 1045 1551 1106 0044040
1579 1046 1678 1107 quam
1699 1026 1740 1090 de
1763 1029 1873 1092 anima
1892 1030 1992 1093 sumit
2011 1030 2113 1106 Deus,

108 1107 319 1171 adamantino
354 1106 436 1189 (Iob.
465 1112 518 1184 14,
544 1111 579 1168 17
587 1130 595 1184 ;
626 1104 682 1170 Os.
711 1110 766 1185 13,
794 1111 848 1185 12;
875 1105 939 1170 144.
968 1106 1084 1189 17,1).
1138 1115 1274 1194 excepta
1300 1108 1396 1172 modo
1423 1118 1557 1175 aeterna
1584 1118 1702 1189 morte,
1736 1120 1855 1195 parum
1883 1136 1937 1179 eos
1965 1115 2115 1180 sublevat

48 1192 50 1195 ’
106 1194 234 1274 Nempe
262 1194 289 1258 si
312 1191 493 1257 vindictam
518 1213 693 1274 repensum
716 1193 757 1256 iri
780 1192 967 1275 significant
985 1191 1086 1275 (quod
1138 1193 1219 1258 haec
1231 1195 1402 1259 restrictio.
1437 1195 1523 1260 Nam
1536 1198 1722 1279 superiores
1738 1198 1810 1277 loci,
1833 1220 1914 1279 quos
1931 1201 2115 1280 citavimus,

106 1286 202 1343 extra
236 1278 371 1343 dubium
405 1280 469 1358 est)
509 1299 614 1360 neque
646 1279 747 1343 etiam
778 1277 995 1343 dubitandum
1026 1285 1084 1357 est,
1139 1279 1201 1344 hoo
1223 1281 1418 1344 nominatim
1440 1281 1568 1360 volunt,
1597 1282 1659 1348 hac
1683 1305 1742 1348 nos
1764 1283 1950 1349 conditione
1973 1287 2073 1369 recipi
2095 1309 2116 1352 a

106 1365 189 1447 quin
221 1365 392 1429 contrariis
418 1363 588 1428 sententiis
616 1385 748 1428 omnem
775 1363 936 1428 vindictae
969 1385 1085 1446 repen·
1138 1365 1210 1429 Deo
1232 1367 1266 1429 in
1290 1367 1445 1449 gratiam,
1474 1375 1512 1430 ut
1532 1367 1689 1450 quidquid
1711 1390 1841 1434 eramus
1862 1392 1984 1453 poenae
2007 1374 2116 1437 meriti

107 1452 231 1515 sionem
258 1450 422 1515 Dominus
455 1472 489 1515 se
517 1451 684 1514 remittere
712 1450 861 1513 affirmet.
907 1450 972 1514 Hie
1003 1449 1088 1514 mihi
1138 1451 1293 1529 remittat,
1316 1451 1446 1533 eulpam
1463 1454 1671 1536 ignoscendo.
1710 1456 1757 1519 Et
1778 1457 1904 1536 quoties
1925 1457 2036 1522 David
2059 1466 2117 1522 aut

107 1534 292 1603 obtestandi
313 1543 392 1600 sunt
412 1535 557 1613 lectores,
580 1557 647 1600 non
669 1543 706 1599 ut
723 1536 839 1619 glossis
856 1535 1085 1627 meis-auscul-
1138 1536 1195 1599 4111
1226 1538 1406 1621 prophetae
1438 1546 1645 1620 peccatorum
1677 1542 1809 1605 veniam
1847 1551 1980 1624 petunt,
2019 1544 2116 1608 simul

108 1629 194 1700 tent,
223 1619 281 1687 sed
303 1627 433 1687 tantum
456 1629 495 1685 ut
514 1620 613 1687 verbo
634 1622 699 1686 Dei
721 1622 830 1687 locum
852 1622 992 1703 aliquem
1014 1642 1085 1687 esse
1138 1644 1276 1703 poenam
1297 1623 1520 1705 deprecantur.
1560 1625 1632 1690 Imo
1654 1624 1758 1691 divini
1780 1626 1891 1692 iudicii
1914 1650 2029 1694 sensus
2052 1630 2116 1695 hue

108 1708 228 1772 sinant
1139 1729 1194 1773 eos
1215 1709 1362 1791 impellit.
1407 1710 1572 1789 Rursum,
1601 1732 1703 1793 quum
1725 1734 1745 1776 4
1765 1713 1909 1778 Domino
1930 1708 2116 1779 misericor-

196 1797 247 1857 30.
292 1789 395 1874 Quid,
417 1814 551 1875 quaeso,
574 1793 666 1858 nobis
683 1793 901 1876 praestitisset
922 1792 1085 1872 Christus,
1139 1793 1227 1858 diam
1249 1796 1454 1876 promittunt,
1476 1816 1604 1878 semper
1625 1797 1693 1862 fere
1716 1820 1757 1862 ex
1778 1801 1922 1880 professo
1945 1799 1985 1863 de
2002 1801 2116 1882 poenis

108 1881 136 1944 si
158 1878 266 1945 adhuc
282 1899 342 1961 pro
359 1880 500 1961 40004114
515 1900 622 1962 40044
639 1878 846 1963 exigeretur?
879 1879 966 1944 Nam
984 1900 1086 1961 quum
1138 1901 1315 1962 earumque
1354 1881 1546 1946 remissione
1585 1884 1826 1949 concionantur.
1885 1884 1982 1950 Certe
2015 1908 2116 1968 quum
2219 1885 2222 1890 ’

109 1965 248 2031 dicimus
269 1986 346 2030 eum
362 1966 535 2046 pertulisse
552 1967 662 2029 omnia
679 1973 813 2048 peecata
833 1973 946 2031 nostra
963 1966 998 2028 in
1015 1986 1086 2031 cor·
1137 1967 1301 2031 Dominus
1322 1966 1410 2049 apud
1426 1968 1632 2033 Ezechielem
1655 1968 1721 2052 (36,
1741 1973 1780 2033 22
1800 1970 1906 2055 0132)
1928 1973 2118 2053 4404441141

108 2072 189 2134 4040
216 2072 275 2116 440
302 2071 402 2133 44404
426 2050 553 2134 lignum
583 2051 615 2133 (1
636 2052 726 2116 Ρο14.
746 2057 781 2130 2,
800 2052 874 2137 24),
901 2072 968 2116 404
995 2049 1086 2114 aliud
1137 2051 1239 2116 finem
1259 2075 1294 2118 se
1316 2053 1545 2134 impositurum
1559 2054 1748 2138 babylonico
1762 2057 1886 2136 exsilio,
1909 2057 2006 2140 idque
2019 2079 2117 2141 prop·

109 2138 332 2220 significamus
349 2158 448 2219 quam
465 2137 655 2203 defunctum
672 2158 776 2219 poena
786 2145 819 2201 01
829 2137 982 2215 vindicta,
1002 2158 1086 2219 quae
1138 2146 1189 2202 ter
1211 2159 1245 2202 se
1267 2160 1335 2202 non
1357 2146 1490 2221 propter
1511 2139 1665 2217 Iudaeos,
1690 2143 1872 2224 gratuitum
1894 2165 1965 2208 esse
1987 2151 2115 2208 utrum·

108 2224 250 2306 peooatis
275 2223 396 2288 nostris
418 2223 605 2288 debebatur.
649 2222 689 2287 Id
717 2224 827 2306 ipsum
847 2223 1086 2307 significantius
1138 2245 1200 2306 que
1222 2225 1302 2289 satis
1325 2223 1533 2289 demonstrat
1568 2225 1719 2309 Denique
1740 2228 1767 2291 41
1790 2237 1921 2293 440414
1937 2228 2117 2295 liberamur

109 2309 289 2376 declaravit
309 2309 441 2388 Iesaias,
466 2331 567 2391 quum
585 2308 663 2373 dicit
681 2309 747 2393 (53,
768 2310 816 2393 5);
839 2310 1087 2394 castigationem
1138 2331 1196 2391 per
1224 2310 1407 2388 Christum,
1440 2332 1562 2393 poenas
1589 2333 1672 2394 quae
1705 2313 1782 2379 inde
1816 2315 2015 2397 proveniunt
2046 2337 2116 2381 ces·

125 2397 194 2459 sive
217 2397 463 2479 0044001104044)
488 2396 577 2477 pacis
605 2402 736 2460 nostrae
758 2395 857 2460 fuisse
880 2417 1084 2478 supereum.
1139 2417 1212 2461 sare
1235 2403 1369 2479 oportet.

145 2480 201 2545 uid
229 2502 307 2547 vero
335 2489 385 2547 est
412 2481 568 2546 correctio
590 2481 680 2564 paeis
707 2489 853 2558 nostrae,
886 2483 949 2546 nisi
981 2502 1087 2564 poena
1227 2487 1276 2545 31.
1331 2483 1458 2546 Verum
1491 2480 1621 2564 quando
1654 2493 1687 2547 et
1718 2485 1782 2566 ipsi
1811 2487 1993 2568 scripturae
2025 2486 2117 2552 testi-

110 2567 254 2650 peccatis
281 2566 404 2646 debita,
436 2574 469 2631 et
496 2589 516 2632 a
541 2565 634 2632 nobis
655 2566 884 2649 persolvenda,
912 2575 1088 2651 antequam
1139 2568 1257 2632 moniis
1280 2589 1350 2632 sese
1372 2576 1511 2646 armant,
1531 2568 1701 2635 videamus
1722 2572 1831 2651 qualia
1852 2574 1927 2651 sint,
1950 2594 2032 2656 quae
2054 2573 2117 2656 ipsi

109 2654 183 2718 Deo
205 2653 408 2718 reconeiliari
428 2674 611 2735 possemus,
644 2653 709 2718 nisi
736 2653 825 2719 vices
856 2661 985 2718 nostras
1017 2655 1087 2738 ipse
1139 2653 1322 2719 obtendunt
1338 2660 1539 2737 argumenta.
1573 2654 1693 2735 David,
1715 2657 1876 2739 inquiunt,
1899 2659 1939 2723 de
1957 2658 2117 2724 adulterio

111 2738 283 2806 subiisset?
334 2741 388 2804 En
418 2740 505 2805 clare
538 2738 644 2817 vides,
678 2738 848 2804 Christum
881 2749 1087 2822 peccaterum
1141 2751 1174 2804 et
1195 2739 1370 2805 homicidio
1393 2761 1412 2804 a
1432 2739 1593 2821 propheta
1609 2740 1744 2807 Nathan
1762 2742 1961 2827 obiurgatus,
1984 2745 2117 2810 veniam

111 2847 233 2908 poenas
260 2827 469 2903 sustinuisse,
503 2832 540 2889 ut
572 2846 647 2891 4404
673 2824 804 2890 abillis
831 2825 998 2890 eximeret.
1042 2827 1089 2891 Et
1140 2826 1264 2908 peceati
1287 2825 1412 2907 accipit,
1436 2832 1600 2891 ettamen
1620 2835 1725 2892 morte
1745 2829 1814 2906 filii,
1839 2851 1937 2912 quem
1959 2852 2001 2895 ex
2022 2829 2117 2895 adul-

112 2912 238 2993 quoties
261 2911 300 2977 de
318 2912 543 2995 redemptione
564 2932 718 2993 pereum
735 2912 821 2976 14014
839 2912 989 2976 meminit
999 2912 1088 2977 Pau·
1141 2911 1222 2976 torio
1251 2911 1442 2989 sustulerat,
1475 2920 1587 2993 postea
1613 2913 1766 2994 plectitur
1793 2914 1827 2998 (2
1852 2914 1942 2981 Sam.
1969 2920 2023 2992 12,
2051 2914 2116 3000 13).

113 2997 180 3075 lus,
207 3019 323 3064 vocare
351 2998 433 3065 solet
461 2994 671 3081 ἀπολύτρωσιν
699 2996 809 3083 (Rom.
836 3001 871 3076 3,
895 3002 936 3061 24
943 3022 951 3077 ;
977 3003 989 3061 l
1013 2997 1086 3063 Cor.
1141 2996 1238 3062 Tales
1259 3017 1396 3078 poenas,
1421 3017 1504 3078 quae
1531 3006 1606 3079 post
1633 2999 1749 3082 culpae
1771 3003 1870 3066 etiam
1891 3003 2117 3067 remissionem

117 3088 149 3161 1,
170 3087 225 3163 30;
248 3085 333 3167 Ε41ι.
356 3091 389 3164 1,
413 3088 446 3162 1;
474 3082 543 3148 Col.
567 3082 690 3168 1,14),
720 3104 784 3165 quo
806 3104 876 3147 non
897 3084 1089 3166 simpliciter
1139 3080 1337 3166 infligendae
1348 3089 1466 3162 essent,
1485 3084 1761 3150 satisfactionibus
1773 3086 1934 3152 redimere
1952 3088 2116 3153 doeemur.

111 3169 370 3252 redemptionem
402 3169 542 3248 indicat,
576 3168 716 3251 qualiter
746 3169 845 3252 vulgo
877 3169 1089 3253 intelligitur;
1140 3169 1346 3234 Hortabatur
1367 3169 1456 3233 onim
1476 3169 1597 3234 Daniel
1619 3169 1897 3238 Nebuehadneaer
1918 3182 1956 3238 ut
1977 3172 2117 3238 eleemo-

112 3255 170 3321 sed
198 3257 340 3338 pretium
365 3257 473 3338 ipsum
505 3263 539 3320 et
562 3255 815 3321 satisfactionem
842 3255 1086 3339 redemptionis.
1140 3255 1232 3340 synis
1261 3262 1395 3337 peecata
1423 3253 1598 3320 redimeret
1625 3255 1725 3340 (Dan.
1745 3264 1780 3337 4,
1800 3259 1866 3344 24).
1917 3261 1963 3324 Et
1984 3257 2117 3324 Solomo

111 3339 187 3421 Qua
208 3340 335 3407 ratione
356 3352 390 3406 et
411 3340 583 3407 Christum
608 3343 716 3424 ipsum
743 3363 778 3407 se
806 3363 865 3424 pro
892 3340 1087 3407 4011441441-
1140 3341 1267 3421 scribit,
1294 3348 1428 3423 propter
1455 3341 1651 3423 aequitatem
1672 3349 1707 3407 et
1726 3343 1883 3426 pietatem
1911 3346 2033 3410 remitti
2053 3345 2116 3408 ini·

108 3432 212 3509 λυτρον
244 3424 371 3491 dedisse
404 3426 517 3491 scribit
550 3426 582 3511 (1
604 3428 687 3491 uim.
713 3432 748 3507 2,
774 3427 818 3512 6).
873 3427 969 3509 Quae
1000 3428 1088 3511 apud
1139 3427 1289 3510 quitates.
1333 3426 1424 3492 Alibi
1445 3427 1553 3506 etiam,
1576 3428 1710 3493 caritate
1732 3431 1851 3513 operiri
1873 3431 2118 3495 multitudinem

108 3510 293 3575 Dominum
314 3512 500 3595 propitiatio
522 3520 587 3591 est,
609 3514 717 3596 inquit
738 3515 961 3597 Augustinus,
976 3515 1001 3598 ¹)
1023 3515 1088 3580 nisi
1139 3520 1348 3596 peecatorum
1370 3514 1482 3598 (Prov.
1507 3518 1553 3591 16,
1576 3518 1594 3576 6
1617 3520 1651 3579 01
1675 3518 1723 3593 10,
1747 3514 1809 3601 12).
1852 3514 2118 3596 (1444404104-

110 3595 328 3664 sacrificium?
362 3599 408 3662 Et
427 3597 513 3680 quod
535 3606 585 3663 est
605 3600 813 3678 sacrificium,
836 3600 901 3666 nisi
922 3600 1008 3683 quod
1028 3621 1087 3684 pro
1140 3601 1220 3664 tiam
1243 3600 1415 3665 confirmat
1435 3607 1470 3663 et
1489 3599 1612 3664 Petrus
1630 3600 1662 3750 (1
1683 3601 1773 3666 Ρο14.
1792 3609 1822 3681 4,
1842 3602 1886 3687 8).
1921 3603 2008 3668 Item
2030 3601 2118 3685 apud

110 3681 206 3748 nobis
223 3680 369 3747 oblatum
387 3691 438 3748 est
460 3684 494 3747 in
516 3691 621 3750 morte
634 3684 779 3752 Christi?
810 3685 1088 3752 Validumautem
1139 3688 1268 3752 Lucam
1290 3688 1340 3768 (7,
1359 3683 1415 3769 47)
1442 3685 1606 3751 Dominus
1657 3708 1675 3750 e
1703 3687 1840 3753 muliere
1860 3690 2039 3770 peceatrice
2062 3689 2117 3768 ait,

111 3771 146 3834 in
168 3768 284 3852 primis
309 3770 444 3834 arietem
461 3771 555 3836 nobis
572 3772 768 3854 suppeditat,
791 3772 877 3856 quod
896 3773 935 3838 de
953 3774 1088 3855 044144-
1140 3772 1278 3838 remissa
1299 3792 1371 3836 esse
1392 3769 1441 3835 illi
1461 3779 1595 3853 4000414
1614 3772 1732 3851 multa,
1761 3775 1838 3856 quia
1859 3771 2011 3837 dilexerit
2031 3773 2117 3837 mul-

112 3855 391 3938 (11440004104444
413 3856 508 3920 noxis
530 3858 567 3920 in
586 3858 660 3941 lege
681 3860 825 3926 mosaica
844 3859 1087 3942 praescribitur.
1140 3866 1221 3924 tum.
1262 3857 1310 3924 Ut
1335 3877 1489 3941 perverse
1511 3878 1639 3940 semper
1661 3867 1694 3923 et
1714 3867 1922 3942 praepostere
1944 3859 2031 3923 14014
2052 3857 2118 3923 Dei

112 3942 229 4029 Neque
257 3943 346 4006 enim
372 3941 441 4007 illic
462 3941 624 4008 Dominus
650 3943 737 4009 hanc
765 3954 824 4010 aut
848 3946 941 4011 illam
961 3946 1089 4012 satisfa-
1141 3943 1329 4011 aestimanti
1373 3944 1421 4008 At
1447 3944 1476 4008 si
1497 3942 1723 4011 observassent
1745 3944 1846 4028 (quod
1867 3945 2002 4009 minime
2023 3964 2118 4027 4440-

113 4027 219 4094 ciendi
231 4029 391 4093 rationem
403 4029 581 4108 constituit,
593 4029 650 4094 sed
662 4037 765 4096 totam
776 4033 813 4096 in
822 4032 989 4098 sacrifieiis
1001 4053 1089 4099 oem-
1141 4030 1337 4096 tereundum
1351 4030 1447 4181 0441)),
1470 4030 1533 4094 duo
1547 4051 1617 4094 esse
1631 4029 1734 4095 divini
1748 4031 1858 4095 iudicii
1871 4052 2002 4113 genera,
2021 4031 2119 4116 longe

113 4114 489 4197 pensationemrequirit.
509 4116 698 4181 Ubitamen
709 4117 830 4201 ahoqui
841 4117 1090 4202 diligentissime
1141 4118 1240 4183 aliam
1267 4117 1302 4181 in
1331 4116 1394 4182 hao
1450 4113 1554 4182 avidis
1583 4117 1785 4197 correptione
1810 4114 1970 4182 vidissent
1995 4138 2119 4200 400440

114 4208 210 4282 atque
239 4202 446 4266 exactissimo
474 4201 588 4267 ordine
611 4223 724 4266 omnes
750 4203 906 4287 expiandi
926 4206 1011 4271 ritus
1032 4226 1090 4269 ex·
1141 4204 1296 4281 formam,
1324 4223 1422 4284 quam
1450 4222 1533 4283 quae
1560 4200 1601 4264 ad
1628 4201 1786 4265 ultionem
1812 4201 1945 4268 tendere
1972 4201 2119 4285 putanda

115 4287 269 4368 sequitur.
314 4285 382 4367 Qui
407 4288 580 4352 litantem
602 4295 640 4351 ut
661 4287 760 4354 nullis
781 4311 917 4373 prorsus
939 4290 1090 4374 operibus
1142 4291 1194 4356 sit
1249 4287 1415 4369 Quoniam
1442 4295 1552 4352 autem
1579 4295 1692 4351 nostra
1718 4288 1864 4351 omnium
1896 4310 1964 4353 non
1995 4288 2118 4352 medio·

115 4371 258 4438 admissa
278 4371 398 4439 delicta
417 4395 593 4457 procurare
609 4373 730 4452 iubeat,
751 4376 809 4439 sed
830 4375 901 4441 4014
920 4378 956 4441 14
978 4378 1091 4460 expia·
1142 4378 1241 4442 criter
1262 4376 1363 4439 refert
1382 4371 1566 4456 intelligere
1593 4394 1748 4455 quorsum
1772 4375 1957 4455 pertineant
1978 4372 2042 4436 Dei
2064 4393 2118 4438 04

116 4459 240 4522 tionem
262 4460 422 4526 sacrificia
442 4461 600 4543 requirat,
623 4460 688 4524 nisi
710 4460 795 4541 quod
816 4461 864 4526 ita
885 4464 998 4527 testari
1018 4461 1093 4530 vult
1143 4461 1347 4546 stigationes,
1375 4460 1492 4542 quibus
1519 4459 1554 4523 in
1579 4468 1713 4541 4000414
1738 4467 1852 4524 404144
1880 4457 2122 4539 animadvertit,

115 4545 249 4609 unicum
271 4566 342 4610 esse
363 4545 594 4613 satisfactionis
611 4566 723 4629 genus,
746 4567 809 4629 quo
826 4546 983 4614 iudicium
995 4568 1093 4614 suum
1144 4559 1178 4613 01
1199 4553 1358 4629 quantum
1385 4546 1425 4611 ab
1454 4545 1612 4627 exemplis
1637 4545 1791 4610 differant
1812 4545 1928 4628 quibus
1950 4544 2067 4626 impios
2088 4550 2123 4608 et

116 4629 284 4713 placatur?
307 4627 521 4716 ‘Numquae
539 4641 609 4698 tum
631 4631 847 4697 immolabant
867 4634 1025 4699 sacrificia
1042 4633 1093 4699 Is·
1145 4632 1298 4716 reprobos
1326 4654 1402 4698 oum
1427 4631 1652 4715 indignatione
1679 4633 1896 4715 persequitur,
1932 4629 2122 4694 summatim

116 4717 260 4797 44011140,
279 4739 346 4782 404
363 4719 533 4784 hominum
551 4740 651 4805 opera
668 4718 899 4798 censebantur3
921 4719 979 4784 sed
997 4741 1017 4784 4
1034 4740 1095 4787 sua
1144 4719 1366 4804 perstringere
1388 4740 1454 4783 non
1477 4719 1535 4783 abs
1556 4739 1607 4796 re,
1630 4717 1785 4796 arbitror,
1808 4716 1914 4781 fuerit
1957 4714 2121 4780 Iudicium

117 4804 264 4883 veritate,
287 4803 1094 4884 1000414410001414114404111010,4041144144-
1145 4828 1266 4885 nnum,
1287 4803 1424 4870 docendi
1446 4823 1560 4882 eausa,
1583 4824 1738 4869 vocemus
1759 4801 1938 4881 vindictae;
1970 4802 2121 4883 alterum,

119 4897 181 4952 tur.
226 4888 366 4970 Qualem
399 4901 508 4957 autem
541 4892 840 4977 compensationem
875 4892 1094 4958 44011440-
1146 4891 1377 4975 castigationis.
1415 4891 1520 4956 Porro
1541 4888 1660 4955 iudicio
1680 4884 1844 4955 vindictae
1866 4889 1913 4954 sic
1933 4888 2121 4973 intelligen·
2179 4917 2183 4929 ·

118 4975 217 5057 cipiat
235 4976 413 5056 Dominus,
442 4979 554 5059 paucis
576 4979 685 5045 verbis
714 4978 882 5062 eleganter
911 4976 1014 5044 Oseas
1036 4999 1093 5043 ex·
1147 4977 1208 5045 dus
1229 4977 1382 5044 estDeus
1398 4975 1546 5040 inimicos
1563 4997 1639 5041 suos
1656 4974 1778 5054 ulcisci,
1798 4982 1836 5040 ut
1856 4975 1942 5041 iram
1964 4975 2122 5041 adversus

1146 5065 1220 5130 illos
1242 5085 1337 5129 suam
1357 5069 1515 5139 exerceat,
1539 5061 1726 5141 oonfundat,
1749 5061 1894 5146 dissipet,
1921 5061 1957 5126 in
1979 5061 2122 5127 nihilum

1146 5149 1282 5234 redigat.
1316 5148 1357 5212 Id
1378 5167 1457 5233 ergo
1476 5148 1520 5213 sit
1540 5147 1635 5212 nobis
1657 5150 1786 5232 proprie
1803 5149 1868 5214 Dei
1890 5146 2043 5229 vindicta,
2064 5146 2121 5213 ubi

188 5249 217 5316 1)
234 5250 268 5303 14
286 5250 358 5304 Psal.
376 5248 434 5304 129.
452 5267 474 5305 0.
491 5248 517 5305 3.
1145 5236 1271 5319 punitio
1289 5255 1364 5300 oum
1380 5235 1452 5300 eius
1467 5232 1694 5319 indignatione
1709 5236 1882 5300 eoniunota
1897 5241 1957 5299 est
1996 5232 2122 5299 Iudicio

226 5335 336 5389 Caluini
351 5353 442 5405 opera.
483 5337 540 5391 Vot.
558 5336 601 5391 11.
1390 5338 1395 5346 ’
1880 5334 1915 5390 sl
