4672 5842
161 308 226 368 819
804 290 1072 362 ῙΝΒΤΙΤΠΤΙΟ
1096 295 1203 360 111111.
1225 293 1407 360 ΟΗΒΙΒΤ.
1433 298 1524 359 1559.
2113 297 2181 357 820

165 491 391 559 ministerium,
410 496 444 551 et
462 487 636 569 tmicuique
653 484 787 549 modtun
805 483 1045 566 particularem
1075 484 1147 549 Cur
1170 500 1174 561 ξ
1197 503 1282 566 quae
1303 492 1415 566 postea
1434 484 1567 548 iubente
1588 484 1732 548 Domino
1754 483 1818 548 huc
1840 483 2001 563 translata
2018 498 2078 548 est
2123 481 2181 549 etc

163 577 198 642 in
227 576 284 639 illa
310 573 591 638 commendatione
625 572 776 649 unitatis,
811 578 983 654 postquam
1017 570 1147 635 dixerat
1199 571 1396 635 antiochena
1418 570 1563 644 ecclesia,
1587 590 1670 651 quae
1690 570 1768 634 olim
1791 570 2000 652 primaerat,
2023 589 2184 635 romanae

161 662 262 746 (Ilpb.
282 660 374 741 11)
407 680 512 723 unum
542 679 672 741 corpus,
706 679 812 722 unum
843 657 1010 739 spiritum,
1044 678 1145 721 unam
1199 659 1298 722 cessit·
1320 655 1397 721 sedi.
1426 657 1553 719 Verum
1576 677 1640 738 quo
1663 656 1793 721 oraculo
1817 653 1977 719 habuerat
1998 657 2106 720 bonus
2126 655 2183 721 ille

162 768 253 832 spent
282 747 478 814 teredonis.
502 767 606 810 unum
628 743 753 821 Deum,
781 764 883 808 unam
905 742 1018 818 fidem,
1042 765 1146 806 unum
1169 800 1173 823 ,
1198 744 1258 813 vir.
1281 743 1465 807 Dominum
1486 743 1532 806 sic
1554 741 1707 807 iussisse?
1742 742 1828 805 Nam
1850 743 1879 804 si
1900 742 1971 805 iure
1993 740 2183 806 definienda

161 832 339 916 baptisma,
367 854 435 895 non
458 833 558 896 etiam
581 832 734 895 continuo
762 828 901 905 addidit,
929 851 1033 893 unum
1055 850 1145 892 sum·
1170 846 1173 877 ¹
1198 830 1241 894 sit
1275 827 1355 893 baec
1383 850 1497 904 causa,
1529 850 1661 893 necesse
1688 844 1736 891 111
1767 827 2001 909 respondeant,
2034 827 2183 893 velintne

162 940 254 983 mum
277 919 541 1000 pontificemqui
563 917 732 982 ecclesiam
753 917 790 979 in
808 917 935 979 imitate
953 913 1143 979 contineat?
1170 936 1173 963 ¹
1197 915 1407 998 privilegium
1434 914 1606 996 personale
1634 935 1719 983 esse.
1751 935 1794 978 an
1822 913 1924 989 reale,
1955 936 1998 978 an
2027 915 2182 977 mixtum

161 1005 254 1069 Nihil
285 1004 374 1069 euim
403 1005 510 1086 aptius
538 1003 601 1066 dici
628 1011 769 1084 potentt,
803 1001 830 1063 si
858 1000 991 1082 quidem
1019 1003 1066 1063 ita
1093 1023 1145 1064 res
1170 1028 1173 1041 ·
1197 1000 1311 1064 Unum
1334 1002 1421 1064 enim
1442 1023 1484 1064 ex
1506 1000 1558 1064 his
1581 999 1688 1063 tribus
1710 1021 1781 1064 esse
1803 1008 1937 1081 oportet
1975 997 2014 1064 Si
2036 999 2183 1064 dixerint-

163 1090 307 1155 baberet
353 1088 571 1172 Expeudatur
593 1087 769 1171 diligenter
791 1086 881 1151 locus
903 1087 971 1151 ille:
995 1108 1062 1150 non
1085 1087 1145 1150 du-
1170 1112 1174 1177 1
1199 1087 1377 1168 personale,
1400 1087 1484 1149 nihil
1506 1086 1608 1168 igitur
1630 1085 1671 1150 ad
1689 1085 1812 1163 locum:
1834 1085 1887 1148 sin
1908 1086 2004 1151 reale.
2029 1107 2108 1169 ergo
2127 1085 2184 1149 ubi

163 1176 254 1241 bium
281 1178 361 1258 quin
395 1184 639 1258 repraesentare
668 1174 735 1238 illic
762 1174 895 1255 penitus
924 1174 1063 1236 voluerit
1093 1194 1145 1236 sa·
1170 1184 1174 1255 l
1198 1172 1299 1236 semel
1332 1171 1445 1236 datum
1478 1185 1528 1234 est
1556 1172 1643 1246 loco,
1671 1191 1737 1235 non
1765 1171 1924 1235 adimitur
1950 1187 2087 1253 propter
2107 1194 2183 1254 per·

163 1283 257 1328 erum
287 1273 320 1325 et
347 1261 515 1343 spirituale
543 1260 697 1326 ccclesiae
725 1261 887 1342 regimen.
916 1258 1001 1340 quod
1023 1260 1145 1340 posteri
1170 1288 1174 1327 ε
1199 1279 1299 1323 sonae
1326 1259 1379 1321 rel
1400 1272 1554 1326 mortem.
1584 1258 1635 1322 vel
1659 1257 1846 1322 discessum.
1892 1256 2050 1340 Superest
2080 1258 2185 1341 igitur

165 1348 383 1412 hierarchiam
406 1347 570 1412 dixerunt.
615 1346 844 1410 Monarchiatn
868 1346 955 1409 iuter
977 1346 1145 1408 ministros
1199 1356 1237 1408 ut
1257 1345 1399 1407 mixtum
1418 1365 1489 1408 esse
1506 1343 1626 1414 dicant
1649 1358 1728 1408 tunc
1746 1356 1858 1407 antem
1876 1365 1942 1408 non
1960 1344 2102 1425 simplex
2119 1346 2184 1408 erit

164 1455 231 1499 non
256 1432 351 1497 modo
379 1433 504 1496 nullam
531 1433 639 1514 ponit.
668 1431 846 1496 sedetiam
874 1429 997 1496 indicat
1020 1430 1146 1494 nullam
1171 1466 1173 1471 ·
1199 1430 1261 1495 loei
1280 1429 1505 1507 consideratio,
1529 1432 1593 1493 nisi
1611 1450 1750 1512 persona
1768 1429 1866 1494 simul
1884 1428 2088 1512 respondeat.
2110 1430 2184 1493 Eli·

164 1542 243 1585 esse.
288 1519 362 1582 Non
383 1518 518 1582 dubium
541 1535 591 1582 est
612 1519 712 1580 etiam
734 1518 813 1599 quin
836 1516 970 1580 modum
992 1517 1145 1580 coniunc-
1171 1508 1174 1527 '
1199 1530 1279 1600 gant
1313 1516 1471 1597 quidquid
1504 1515 1629 1583 volent.
1657 1517 1811 1597 protinns
1838 1517 1991 1585 inferam.
2025 1534 2060 1580 et
2089 1517 2184 1580 facile

163 1607 261 1670 donis
290 1606 473 1686 exprimere
496 1603 651 1674 voluerit,
681 1624 744 1684 quo
772 1601 884 1666 fideles
913 1623 987 1665 cum
1012 1602 1145 1666 Christo
1199 1604 1364 1677 etincam,
1399 1602 1541 1665 Romam
1565 1602 1658 1666 nulla
1686 1604 1814 1666 ratione
1842 1603 2022 1684 primatum
2044 1600 2106 1666 sibi
2129 1624 2184 1666 ar-

163 1693 268 1773 capite
299 1691 484 1755 cohaerent.
530 1688 603 1754 Illic
632 1710 699 1752 non
727 1686 823 1751 modo
845 1687 974 1752 nullum
996 1687 1146 1751 ministe-
1170 1702 1174 1717 ³
1199 1708 1324 1771 rogare.

163 1777 243 1841 riale
271 1791 370 1858 caput
398 1790 646 1844 commemorat.
675 1774 733 1838 sed
756 1776 979 1855 operationem
1007 1774 1173 1855 singulis5
1288 1778 1335 1835 13.
1382 1774 1464 1837 Esto
1494 1789 1616 1837 tamen:
1645 1774 1824 1838 translatus
1852 1774 1966 1845 fuerit,
1996 1790 2032 1835 ut
2053 1795 2184 1856 nugan-

161 1863 318 1927 membris
346 1861 580 1943 particularem
605 1860 769 1935 attribuit,
803 1881 863 1942 pro
890 1858 987 1922 modo
1020 1861 1146 1941 gratiae
1199 1868 1270 1927 tur.
1298 1860 1458 1942 primatus
1481 1860 1656 1925 Antiochia
1685 1861 1835 1923 Romani.
1881 1858 1952 1923 Cur
1980 1874 2093 1923 tamen
2114 1880 2184 1924 non
2211 1921 2214 1926 .

162 1949 338 2030 unicuique.
365 1947 565 2011 distributae.
617 1947 685 2010 Nec
708 1958 756 2010 est
785 1945 870 2027 quod
905 1945 945 2010 de
978 1966 1160 2027 compara·
1199 1947 1336 2008 retinuit
1357 1946 1537 2010 Antiochia
1565 1946 1746 2010 secundum
1774 1945 1902 2010 locum?
1948 1945 2037 2009 Nam
2058 1948 2086 2009 si
2109 1946 2184 2010 ideo

163 2035 251 2098 tione
284 2033 433 2097 coelestis
471 2048 504 2096 et
545 2052 695 2096 terrenae
736 2031 940 2096 hierarchiae
980 2031 1146 2095 subtiliter
1170 2060 1173 2103 ;
1198 2031 1322 2111 primas
1345 2031 1782 2113 habetRoma.quodilhc
1804 2031 1971 2113 usquead
1993 2048 2184 2096 extremum

161 2120 444 2203 philosophentur.
495 2117 581 2180 Nam
611 2140 669 2181 nec
699 2118 739 2181 de
766 2117 823 2181 illa
847 2133 956 2181 tutum
986 2130 1036 2180 est
1059 2118 1146 2180 ultra
1170 2142 1173 2193 ;
1198 2118 1285 2179 vitae
1318 2116 1403 2180 sedit
1431 2118 1564 2182 Petrus:
1599 2120 1651 2182 cui
1680 2117 1842 2182 secundae
1875 2117 1984 2198 potius
2017 2117 2185 2182 dabuntur

162 2205 299 2270 modum
326 2225 455 2286 sapere:
484 2219 515 2267 et
544 2206 578 2266 in
607 2204 669 2268 bac
691 2203 922 2267 constituenda
950 2225 1016 2266 non
1043 2203 1146 2266 alium
1198 2223 1296 2284 quatu
1317 2203 1373 2267 ubi
1396 2204 1506 2268 sedem
1527 2205 1668 2286 primam
1692 2203 1873 2268 habuerat?
1902 2202 1969 2282 Qui
1991 2204 2117 2268 iactum
2134 2222 2186 2269 est

163 2302 280 2372 tvptun
303 2291 394 2371 sequi
415 2305 544 2372 oportet·
563 2310 661 2370 quant
686 2288 847 2353 Dominus
874 2291 943 2371 ipse
965 2310 1023 2353 suo
1046 2290 1146 2353 verbo
1198 2289 1301 2371 igitur
1322 2305 1357 2352 ut
1381 2290 1593 2354 Antiochiam
1615 2289 1821 2354 Alexandria
1842 2288 2072 2371 praecederet?
2114 2288 2184 2369 Qui

164 2360 350 2440 dehnearit.
1198 2377 1353 2438 convenit
1379 2375 1460 2440 disci
1485 2376 1530 2439 uli
1558 2379 1657 2440 unius
1685 2376 1855 2440 ecelesiam
1878 2377 2082 2457 superiorem
2109 2398 2180 2440 esse

254 2467 301 2524 ll.
353 2462 424 2525 laur
453 2474 488 2524 ut
516 2461 657 2524 alterum
687 2461 752 2523 illis
783 2461 922 2544 largiar.
945 2460 1032 2542 quod
1061 2483 1145 2525 nun·
1198 2459 1274 2524 sede
1296 2461 1410 2525 Petri?
1457 2463 1493 2526 si
1518 2464 1635 2545 cuique
1663 2462 1818 2527 ecelesiae
1841 2483 1900 2544 pro
1922 2461 2108 2526 fundatoris
2130 2465 2183 2527 sui

162 2569 262 2631 quam
284 2546 371 2629 apud
393 2567 491 2611 sanes
515 2547 662 2611 homines
684 2545 891 2618 obtinebunt.
920 2548 966 2611 sic
988 2549 1147 2612 constitu·
1198 2544 1358 2628 dignitate
1377 2547 1482 2611 honor
1502 2547 1648 2617 debetur.
1667 2547 1745 2629 quid
1758 2547 1799 2611 de
1814 2548 1950 2629 reliquis
1966 2550 2065 2611 etiam
2077 2550 2183 2613 eccle·

163 2642 234 2698 tum
253 2635 286 2696 in
310 2634 410 2697 Petro
432 2633 588 2697 ecelesiae
605 2635 799 2714 primatum.
831 2646 868 2695 nt
890 2648 1048 2715 perpetua
1071 2655 1146 2698 suc·
1198 2632 1256 2695 siis
1282 2631 1449 2697 dicemus?
1493 2634 1621 2699 Paulus
1641 2633 1732 2716 (Gal.
1752 2638 1781 2707 2,
1801 2636 1837 2709 91
1861 2635 2007 2697 nominat
2034 2646 2102 2697 tres
2123 2638 2184 2716 qni

162 2721 307 2786 cessione
330 2740 458 2801 semper
480 2732 642 2782 manemt:
667 2718 754 2782 unde
776 2732 888 2782 tamen
909 2720 1070 2788 evincent,
1094 2741 1145 2783 se-
1198 2716 1394 2782 videbantnr
1411 2720 1582 2784 columnae
1601 2741 1681 2788 esse.
1701 2719 1866 2796 Iacobum,
1879 2720 2013 2785 Petrum
2029 2736 2063 2780 et
2076 2719 2183 2782 Ioan-

162 2804 237 2871 dem
262 2806 387 2868 Romae
414 2807 458 2867 itu
486 2804 695 2876 collocatam,
725 2806 968 2887 etquicunque
989 2806 1032 2868 sit
1054 2804 1145 2868 urbis
1170 2802 1173 2807 ’
1199 2823 1284 2866 nem.
1314 2802 1353 2868 Si
1376 2806 1591 2870 inhonorem
1613 2807 1705 2871 Petri
1728 2825 1884 2870 romanae
1901 2803 1968 2869 sedi
1984 2806 2111 2886 primus
2129 2805 2182 2870 lo-

162 2891 250 2955 illius
272 2893 450 2973 episcopus.
474 2891 545 2954 orbi
568 2893 723 2955 universo
740 2890 946 2972 praesideat?
980 2889 1055 2970 Quo
1073 2893 1145 2955 iure
1197 2911 1255 2954 cus
1278 2891 1443 2968 tribuitur,
1466 2913 1575 2957 nonne
1597 2894 1784 2974 proximum
1807 2908 1841 2955 et
1858 2893 1992 2956 tertium
2008 2906 2184 2957 merentnr

162 2977 249 3042 hanc
277 2977 347 3040 loeo
366 2977 561 3060 dignitatern
583 2977 736 3059 alligant.
765 2996 849 3058 qnae
873 2978 944 3040 sine
967 2976 1028 3040 loci
1051 2998 1145 3040 men·
1169 3054 1172 3059 Ι
1197 2975 1355 3057 ephesina
1385 2994 1418 3042 et
1446 2978 1751 3061 hierosolymitana,
1780 2979 1834 3042 ubi
1860 2977 2018 3042 sederunt
2037 2976 2183 3044 Ioannes

161 3063 251 3126 tione
278 3060 354 3125 data
376 3062 449 3126 est'?
495 3063 629 3139 Petrus,
658 3063 827 3144 inquiunt.
856 3063 982 3126 Romae
1004 3064 1089 3126 vixit
1111 3080 1142 3126 et
1170 3105 1172 3115 ·
1197 3076 1230 3124 et
1251 3061 1410 3127 Iacobus?
1439 3064 1540 3146 Atqui
1558 3066 1648 3128 inter
1664 3064 1881 3146 patriarchiae
1897 3064 2055 3128 ultimum
2073 3063 2182 3130 loetun

162 3161 312 3212 mortuus
339 3166 398 3211 est.
450 3147 538 3227 Quid
560 3147 716 3212 Christus
737 3147 828 3230 ipse?
858 3170 966 3212 nonne
989 3149 1145 3213 Hieroso·
1197 3146 1312 3211 habuit
1330 3149 1410 3212 olim
1421 3150 1660 3233 Hierosolyma.
1679 3152 1833 3232 Ephesis
1850 3172 1893 3213 ne
1910 3150 2027 3214 ultimo
2046 3149 2182 3231 quidem

160 3233 261 3317 lymis
283 3234 415 3297 11111111
432 3251 484 3297 est·
504 3235 692 3315 episcopatu
711 3233 790 3298 dum
808 3235 901 3311 vixit,
924 3248 957 3299 et
975 3234 1143 3299 moriendo
1168 3292 1172 3321 ,
1197 3234 1318 3316 angtrlo
1354 3235 1490 3300 haerere
1531 3238 1644 3318 potnit.
1695 3237 1900 3301 Praeteritae
1929 3252 2009 3300 sunt
2034 3252 2071 3299 et
2096 3237 2180 3302 aliae

161 3319 334 3386 sacerdotii
345 3341 468 3383 munus
482 3318 652 3401 implerit?
687 3320 847 3402 Princeps
859 3335 1039 3402 pastomm,
1052 3342 1143 3385 sum·
1167 3340 1171 3363 ²
1196 3319 1365 3387 eeclesiae.
1403 3338 1474 3385 tum
1507 3343 1719 3404 quascunque
1752 3322 1902 3387 undavit
1935 3321 2078 3395 Paulus.
2107 3340 2179 3387 tum

161 3426 237 3469 mus
258 3406 439 3487 episcopus.
461 3422 562 3486 caput·
582 3404 746 3474 ecclesiae.
770 3428 835 3470 non
857 3408 962 3489 potnit
985 3406 1144 3472 honorem
1195 3404 1313 3490 quibus
1340 3407 1396 3470 alii
1424 3409 1561 3488 apostoli
1588 3410 1811 3490 praefuerunt
1855 3407 1959 3473 Sedes
1981 3409 2099 3484 Marci,
2120 3414 2178 3491 qui

161 3490 232 3555 looo
258 3493 440 3573 acquirere:
474 3491 595 3555 Petrus
623 3491 719 3575 longe
748 3494 819 3575 ipee
847 3494 984 3556 inferior
1011 3493 1141 3575 potuit?
1195 3513 1282 3556 unus
1304 3506 1433 3557 tantum
1456 3515 1496 3557 ex
1521 3495 1689 3577 decipulis
1706 3497 1776 3563 thit.
1800 3494 1959 3559 honorem
1979 3493 2099 3577 adepta
2115 3515 2176 3560 est.

161 3576 280 3641 Nonne
313 3592 393 3640 sunt·
421 3579 562 3658 ineptiae
595 3579 679 3642 istae
706 3580 812 3662 magis
845 3600 945 3661 qnam
977 3579 1141 3662 pueriles?
1196 3580 1265 3642 Aut
1292 3598 1541 3662 praeposterum
1570 3581 1664 3645 illum
1689 3582 1837 3645 ordinem
1866 3583 2033 3645 fateantur
2065 3583 2181 3649 titisse:

161 3661 317 3729 Christus
340 3663 500 3727 honorem
527 3665 688 3745 primatus
719 3666 856 3730 contulit
879 3666 993 3733 Petro:
1020 3666 1144 3729 Petrus
1196 3680 1254 3728 aut
1282 3664 1375 3730 nobis
1403 3667 1599 3733 concedant.
1630 3689 1694 3730 non
1717 3690 1788 3732 esse
1816 3667 1877 3731 boc
1900 3684 2112 3751 perpetuum.
2143 3686 2180 3731 ut

160 3749 288 3814 Boutae
310 3748 407 3813 sedit:
436 3770 515 3832 ergo
543 3750 609 3813 illic
635 3751 807 3815 collocavit
832 3751 943 3815 sedem
971 3753 1143 3833 primatus.
1168 3810 1172 3821 ,
1196 3751 1313 3831 cuique
1333 3752 1488 3817 ecelesiae
1505 3753 1664 3818 debeatur
1682 3754 1817 3817 honoris
1834 3753 1958 3837 gradus
1975 3776 2073 3836 quern
2089 3755 2179 3835 quis-

160 3835 288 3917 Nempe
309 3836 371 3900 hac
395 3837 522 3900 11111111
543 3835 654 3900 sedem
682 3838 844 3920 primatus
866 3837 1048 3901 debuertmt
1066 3838 1145 3901 olim
1196 3858 1259 3918 que
1280 3837 1436 3903 tundator
1458 3838 1582 3903 habuit.

160 3920 331 3985 Israelitae
352 3923 550 3987 cotudtuere
571 3925 606 3985 in
628 3923 766 3988 deserto.
789 3924 846 3986 ubi
864 3923 975 3987 Moses
996 3945 1145 3988 summus
1287 3928 1334 3988 14.
1379 3923 1577 4008 Quanquam
1598 3925 1684 4007 quod
1714 3925 1755 3990 de
1783 3927 1927 3990 sessione
1947 3926 2038 3991 Petri
2066 3926 2099 3987 in
2121 3945 2178 3988 ro-

160 4005 274 4071 doctor
295 4026 327 4070 et
351 4010 503 4089 princeps
525 4009 761 4091 prophetarum
779 4010 961 4073 ministerio
980 4010 1145 4073 111111111-
1197 4029 1294 4073 ruane
1317 4011 1453 4075 eeclesia
1474 4013 1630 4079 refertmt.
1653 4033 1722 4075 non
1744 4011 1839 4075 rideo
1860 4013 1941 4093 quid
1962 4012 2037 4076 tidei
2054 4011 2180 4076 babere

160 4108 216 4157 tus
237 4106 310 4156 erat·
330 4109 362 4157 et
385 4109 545 4158 mortuus.
1197 4094 1320 4159 debeat
1364 4096 1463 4161 Certe
1485 4096 1573 4178 quod
1594 4116 1643 4162 est
1665 4097 1754 4179 apud
1775 4099 1973 4173 Eusebium,
1996 4098 2182 4181 praefuisse

251 4183 299 4241 12.
345 4179 527 4244 Videamus
554 4196 666 4245 tamen
687 4200 787 4261 quam
816 4180 987 4263 eleganter
1014 4182 1145 4244 mtioci·
1196 4180 1263 4244 illic
1285 4183 1403 4263 tiginti
1425 4185 1569 4264 quinque
1591 4206 1712 4253 annes.
1747 4185 1837 4248 nullo
1857 4187 1990 4268 negotio
2005 4184 2182 4251 refellitur.

160 4282 289 4331 nentur.
335 4266 466 4333 Petrus.
488 4267 650 4347 inquiunt.
680 4268 901 4349 principatum
923 4267 1036 4330 habuit
1058 4268 1146 4331 inter
1197 4265 1336 4331 Constat
1360 4271 1448 4332 enim
1470 4292 1513 4334 ex
1535 4272 1641 4352 primo
1663 4287 1695 4335 et
1717 4270 1860 4335 meando
1881 4273 1991 4352 capite
2011 4269 2053 4333 ad
2076 4270 2181 4335 Gala·
2241 4308 2245 4315 ·

160 4351 332 4436 apoeteles.
377 4352 468 4434 Ergo
489 4353 624 4416 ecclesia
646 4354 680 4415 in
703 4373 767 4433 qua
790 4352 872 4415 sedit
898 4353 959 4416 hoc
980 4354 1145 4437 pritilegii
1197 4368 1263 4420 tas.
1297 4355 1428 4420 circiter
1449 4357 1569 4440 viginti
1602 4378 1706 4421 annos
1738 4378 1757 4420 a
1786 4356 1912 4421 Phristi
1939 4355 2047 4420 irione
2078 4359 2181 4420 fuisse

160 4437 282 4503 habere
300 4437 405 4502 debet.
436 4437 500 4504 l'bi
518 4455 628 4502 autem
645 4439 790 4520 primum
801 4437 907 4502 sedit?
936 4439 1144 4507 Antiochiae.
1197 4439 1448 4525 Hierosolymis.
1467 4444 1597 4508 venisse
1615 4442 1971 4515 deinchntiochiam;
1989 4443 2046 4508 nbi
2064 4463 2181 4525 quam·

159 4525 322 4606 inquiunt.
368 4525 460 4607 Ergo
490 4525 686 4589 antiochena
711 4524 847 4589 ealesia
876 4526 1056 4607 primatum
1081 4525 1144 4590 sibi
1197 4526 1254 4590 diu
1279 4528 1377 4591 t'uerit
1404 4530 1568 4594 incertum
1600 4546 1660 4594 est.
1704 4530 1890 4613 Gregorius
1908 4544 2051 4612 septem.
2074 4530 2181 4593 Euse-

159 4611 230 4675 1111
259 4609 421 4674 vendicat.
474 4610 638 4674 Fateatur
666 4612 765 4675 fuisse
793 4611 873 4674 olim
900 4611 1055 4693 primam:
1087 4612 1145 4676 sed
1170 4672 1173 4679 .
1196 4613 1271 4677 bins
1293 4631 1405 4679 autem
1426 4616 1548 4699 viginti
1575 4619 1718 4699 quinque
1744 4637 1850 4680 annos
1871 4632 2033 4680 numerat
2078 4617 2180 4696 Atqui

159 4696 299 4761 Petrum
327 4696 404 4760 inde
435 4696 608 4779 migrando
633 4697 775 4760 Romam
807 4697 1014 4763 transmlisse
1046 4718 1145 4779 quem
1169 4720 1216 4769 ,a
1249 4717 1355 4765 morte
1381 4700 1509 4767 Christi
1542 4725 1645 4786 usque
1672 4703 1716 4766 ad
1747 4705 1848 4766 finem
1880 4703 2011 4784 imperii
2038 4702 2181 4766 Neronis

159 4803 271 4848 sectun
289 4783 447 4846 honorem
470 4783 634 4848 attulerat.
674 4784 796 4847 Exstat
817 4785 907 4848 enim
928 4784 990 4848 sub
1011 4785 1145 4848 nomine
1169 4800 1173 4835 ἔ
1197 4786 1274 4869 (sub
1294 4808 1358 4870 quo
1379 4789 1489 4871 ipsum
1510 4810 1643 4855 caesum
1665 4790 1766 4853 luisse
1787 4790 1987 4861 memorant)
2014 4789 2181 4870 reperieri-

160 4868 310 4934 111111111
332 4889 438 4950 papae
462 4869 504 4934 ad
532 4870 741 4953 presbyteros
762 4869 977 4935 antiochenos
997 4870 1144 4952 epistola,
1169 4906 1173 4955 ς
1196 4884 1253 4935 tur
1272 4888 1403 4938 11111111
1421 4876 1557 4959 triginta
1584 4891 1712 4958 septem
1738 4878 1827 4939 anni.
1870 4876 1997 4940 Passus
2016 4877 2108 4939 enim
2130 4890 2180 4939 est

160 4954 218 5018 nbi
239 4956 285 5019 sic
307 4954 468 5035 loquitur:
488 4957 513 5036 ¹)
546 4956 636 5020 Petri
658 4954 752 5021 sedes
773 4958 868 5021 initio
889 4953 977 5039 apud
996 4978 1055 5022 ros
1072 4958 1144 5025 fuit.
1168 4970 1173 5031 l
1195 4958 1359 5024 Dominus
1390 4959 1453 5024 sub
1486 4962 1632 5039 Tiberio,
1665 4983 1754 5026 anno
1786 4963 1916 5044 imperii
1948 4963 2020 5026 eins
2052 4960 2181 5027 decimo

1168 5040 1173 5117 l
1195 5054 1319 5110 ottavo.
1369 5043 1409 5110 Si
1429 5046 1550 5129 viginti
1577 5069 1681 5113 annos
1701 5047 1850 5119 decidas,
1871 5048 1991 5130 quibus
2013 5047 2182 5112 habitasse

628 5162 638 5180 ·
1169 5130 1336 5196 ÷Pstmm
1363 5132 1603 5217 Hierosolymis
1633 5136 1728 5200 testis
1759 5152 1809 5200 est
1836 5134 1977 5203 Paulus.
2007 5135 2182 5199 restabunt

232 5225 263 5293 1)
279 5228 348 5280 Dist.
368 5227 409 5281 12.
427 5242 532 5296 qnater.
552 5229 576 5280 t
594 5246 634 5282 ea
652 5231 797 5299 Quum
1168 5242 1173 5253 ·
1196 5217 1430 5300 septemdecim
1461 5217 1505 5282 ad
1536 5241 1720 5299 summum:
1753 5243 1837 5304 quos
1868 5242 1958 5287 nunc
1983 5221 2074 5285 inter
2096 5220 2180 5284 duos
