4672 5842
229 314 294 379 807
806 298 824 351 -’
878 304 1145 372 INSTITUTIO
1167 307 1272 372 Rea.
1296 303 1477 371 CHRIST.
1502 309 1594 371 1559.
1702 345 1708 356 ·
2173 306 2239 368 808

231 502 310 566 mali
331 499 457 563 semina
474 497 648 573 exstitisse,
667 496 924 560 utecclesianmr
945 505 1086 560 rectores
1103 496 1209 579 negli-
1262 494 1424 560 vastitatis
1455 493 1592 575 plenum
1626 493 1725 556 chaos
1759 495 1977 567 somniarent,
2011 491 2067 555 ubi
2095 491 2242 573 episcopi

232 587 397 671 gentiores
426 585 458 646 in
487 582 632 647 docendo
659 601 729 646 esse
757 581 953 662 inciperent,
982 583 1058 663 quia
1079 581 1112 645 id
1135 604 1209 665 gra-
1261 580 1315 645 vel
1347 578 1455 656 rudes,
1479 592 1517 642 ut
1539 579 1730 661 plurimum,
1760 580 1844 641 asini
1872 589 1958 655 sunt,
1982 579 2038 660 qui
2067 601 2109 642 ne
2132 579 2243 658 prima

233 672 318 736 viter
340 668 459 733 rdierrbi
478 669 694 749 conqueritur.
715 668 738 749 ¹)
783 666 938 743 Mundus,
962 668 1078 749 inquit,
1102 690 1209 733 sacer-
1262 665 1393 748 quidem
1422 675 1456 729 et
1482 666 1609 747 plebeia
1637 664 1712 728 fidei
1744 665 1930 728 rudimenta
1957 674 2085 739 tenent,
2109 675 2168 727 aut
2189 664 2243 725 in·
2326 733 2328 739 ¹

233 755 364 820 dotibus
386 755 505 836 plenus
527 764 592 825 est:
623 753 680 817 sed
708 765 818 815 armen
847 753 882 815 in
911 774 1017 817 messe
1044 775 1137 818 rarus
1160 757 1209 817 in·
1263 752 1392 817 terdum
1421 753 1515 833 pueri
1542 772 1561 814 a
1590 751 1719 815 nutrice
1746 750 1853 815 adhuc
1881 764 2045 824 recentes;
2072 763 2105 814 et
2133 749 2242 831 siqui

233 843 366 908 venitur
394 850 557 922 operator:
587 840 663 921 quia
690 839 832 903 officium
854 838 986 919 quidem
1009 840 1209 904 sacerdotale
1263 837 1423 902 doctiores
1450 848 1542 911 sunt,
1572 836 1659 918 quod
1688 847 1798 899 tamen
1828 858 1940 900 rarrmr
1963 850 2013 900 est
2041 836 2242 917 exemplum,

233 928 443 1008 suscipimus,
466 924 523 990 sed
552 947 633 1007 epus
660 924 756 988 officii
784 945 852 987 non
881 924 1064 1006 implemus.
1110 926 1208 989 Item:
1234 858 1238 999 i
1263 925 1487 1005 episcopatum
1516 923 1600 986 nihil
1634 921 1722 985 aliud
1750 944 1821 987 esse
1848 934 1965 1005 putant
1998 944 2096 1003 quam
2129 922 2243 1004 splen-

234 1016 312 1096 quia
341 1012 486 1078 caritatis
520 1012 645 1076 viscera
677 1031 742 1074 non
777 1009 914 1085 habent,
950 1010 1073 1074 domini
1107 1011 1211 1075 videri
1235 1022 1238 1093 l
1263 1009 1351 1074 doris
1369 1021 1403 1072 et
1419 1009 1682 1092 magnificentiae
1700 1008 1834 1072 titulum
1841 1032 1849 1086 ;
1867 1007 1924 1072 ubi
1942 1008 2153 1073 eeclesiarum
2171 1029 2244 1071 ree-

235 1100 364 1165 volunt:
389 1108 499 1180 patres
522 1119 555 1160 sc
578 1097 713 1159 minime
735 1107 985 1179 recognoseunt;
1016 1097 1210 1161 humilitatis
1263 1106 1351 1159 tores
1373 1116 1440 1158 non
1466 1095 1572 1177 magis
1594 1092 1634 1157 de
1662 1092 1824 1175 pascendo
1846 1116 1945 1177 grege
1974 1097 2119 1177 cogitant
2142 1116 2244 1176 quam

235 1184 343 1250 locum
362 1184 396 1247 in
419 1183 591 1247 elationem
610 1181 840 1245 dominationis
858 1192 995 1245 mutant
1031 1183 1129 1246 Item:
1154 1183 1211 1247 sed
1235 1206 1238 1277 j
1264 1192 1355 1246 sutor
1376 1181 1416 1244 de
1444 1179 1581 1259 arando;
1611 1178 1668 1242 ubi
1690 1181 1801 1244 omnia
1823 1182 1897 1263 plus
1924 1203 2023 1262 quam
2047 1180 2245 1262 babylonica

236 1292 305 1339 nos,
329 1291 347 1333 o
369 1281 522 1351 pretores.
545 1267 622 1348 quid
645 1268 787 1350 Quane,
809 1269 863 1348 qui
887 1268 1071 1332 mercedem
1098 1290 1211 1333 conse-
1235 1288 1238 1383 ¹
1264 1265 1474 1348 dissipatione
1504 1267 1551 1331 sic
1578 1266 1713 1331 coniima
1740 1278 1832 1340 sunt,
1860 1276 1898 1330 ut
1920 1267 2048 1330 nullum
2074 1267 2245 1349 integrum

258 1358 376 1431 uirtrur,
395 1370 429 1417 et
444 1354 584 1436 operarii
603 1375 669 1416 non
687 1353 822 1432 sarnus?
843 1353 884 1417 ad
902 1356 1065 1418 exteriora
1081 1357 1212 1437 negotia
1235 1388 1239 1451 ¹
1264 1354 1440 1436 vestigium
1468 1364 1624 1434 paternae
1652 1351 1739 1415 illius
1773 1351 1988 1416 ordinationis
2016 1353 2157 1433 amplius
2184 1372 2244 1434 ap-

236 1378 362 1522 delapsi
386 1462 514 1511 smnus,
545 1450 579 1502 et
602 1438 690 1503 aliud
714 1440 923 1520 suscipimus.
954 1440 1043 1503 aliud
1066 1452 1211 1523 praesta-
1235 1458 1239 1563 q
1264 1451 1385 1521 pareat.

235 1549 324 1595 mus:
347 1526 565 1589 ministerium
588 1523 837 1606 praedicationis
860 1526 1088 1606 relinquimus,
1117 1526 1211 1590 etad
1235 1568 1238 1607 ,
1354 1531 1400 1588 lt.
1446 1522 1536 1602 Quid
1559 1524 1586 1587 si
1610 1523 1651 1587 ad
1674 1545 1781 1588 mores
1808 1523 2065 1588 descendamus?
2095 1523 2151 1587 ubi
2179 1524 2244 1589 erit

287 1634 374 1675 marn
397 1624 558 1687 nostnrm,
588 1620 625 1673 ut
645 1610 755 1681 video.
785 1611 927 1693 episcopi
956 1633 1126 1690 vocamur,
1155 1614 1210 1694 qui
1235 1626 1239 1679 t
1263 1611 1321 1674 illa
1352 1611 1409 1673 lux
1442 1609 1557 1672 mundi
1590 1630 1689 1690 quam
1719 1608 1873 1674 Christus
1906 1611 2069 1691 requirit?
2104 1611 2161 1674 ubi
2194 1610 2244 1673 sal

235 1633 371 1763 linens
392 1718 521 1769 nomeu,
543 1717 611 1759 non
635 1697 775 1768 virtutis,
800 1707 959 1761 tenemus.
984 1696 1097 1777 Quum
1120 1713 1212 1763 tauta
1236 1698 1239 1747 l
1264 1696 1391 1761 terrae?
1420 1697 1476 1760 ubi
1505 1695 1562 1758 illa
1591 1696 1747 1759 sanctitas
1769 1717 1851 1776 quae
1874 1696 1964 1760 velut
1985 1708 2144 1777 perpetua
2166 1717 2244 1760 een-

236 1784 410 1849 verborunr
430 1783 605 1864 asperitate
624 1792 736 1846 utatur
755 1781 912 1847 adversus
935 1785 1062 1865 eosqui
1082 1796 1211 1849 tantum
1236 1772 1239 1803 ¹
1264 1805 1342 1847 sura
1368 1804 1439 1846 csse
1466 1780 1589 1863 possit?
1624 1781 1744 1845 Nullus
1775 1781 1871 1844 hodie
1892 1791 1942 1846 est
1972 1782 2141 1846 hominum
2162 1782 2244 1845 ordo

235 1882 329 1934 orant
364 1869 398 1931 in
431 1866 537 1931 officio
571 1869 680 1931 nrinus
718 1868 841 1931 assidui
875 1869 926 1931 vel
958 1870 1082 1942 seduli,
1122 1870 1210 1953 quid,
1264 1870 1369 1950 magis
1391 1868 1523 1931 infamis
1544 1867 1634 1942 luxu,
1657 1866 1802 1943 mollitie,
1827 1866 1963 1943 deliciis,
1987 1869 2076 1931 omni
2100 1868 2243 1949 denique

234 1975 367 2038 quaeso,
399 1953 547 2017 dicturus
575 1966 661 2018 esset
687 1955 714 2016 si
744 1953 870 2017 rideret
897 1975 938 2018 er
966 1957 1123 2037 episeopis
1145 1957 1212 2020 lere
1264 1976 1385 2038 genere
1405 1953 1594 2026 libidimrm3
1618 1952 1708 2016 nullo
1731 1975 1773 2016 ex
1789 1953 1904 2017 ordine
1920 1954 2061 2035 aptiores
2079 1968 2137 2017 aut
2156 1955 2244 2037 peri-

235 2040 379 2110 ntdlrmr.
403 2052 460 2102 aut.
481 2050 569 2104 certe
591 2041 814 2121 paucissimos,
838 2062 877 2103 ox
903 2042 1113 2122 reliquistis
1135 2064 1211 2106 cen·
1236 2058 1239 2127 Ι
1264 2041 1363 2105 tiores
1385 2040 1492 2103 omnis
1521 2040 1734 2121 imposturae.
1760 2039 1901 2116 haudh,
1929 2039 2140 2121 proditionis,
2170 2062 2244 2122 per·

235 2126 388 2190 tesinrurn
417 2147 576 2206 quemque
602 2136 793 2207 suggestum
821 2127 920 2190 semel
949 2137 1017 2190 tota
1045 2130 1113 2191 vita
1135 2149 1212 2192 eon·
1236 2140 1240 2173 ¹
1264 2126 1360 2191 fidiae
1382 2127 1547 2208 magist-ri:
1577 2145 1739 2205 nusquam
1763 2138 1891 2188 tanmm
1913 2125 1955 2188 ad
1983 2125 2166 2190 nocendum
2190 2126 2242 2190 vel

235 2209 412 2277 scandere?
464 2211 550 2274 Nam
579 2233 617 2273 co
650 2211 768 2274 throris
801 2227 936 2275 rentrmr
966 2223 1014 2277 est
1043 2227 1081 2278 ut
1112 2215 1212 2297 vulgo
1236 2204 1240 2247 ²
1265 2213 1430 2282 solertiae.
1458 2212 1509 2274 vel
1539 2211 1702 2276 audaciae.
1754 2211 1859 2276 Taceo
1882 2213 2017 2278 fastum.
2046 2213 2242 2293 snperbiam,

236 2298 444 2361 existimetur
471 2317 522 2359 res
550 2296 725 2379 episcopali
759 2296 918 2378 dignitate
947 2300 1094 2375 inferior,
1135 2322 1212 2365 con·
1237 2326 1240 2369 r
1265 2299 1491 2382 rapacitatem,
1515 2298 1693 2361 saevitum.
1740 2297 1845 2361 Taceo
1867 2296 2058 2362 dissolutam
2082 2300 2115 2360 in
2138 2300 2244 2362 omni-

237 2382 362 2448 oioaem
385 2381 427 2445 ad
449 2381 605 2463 populum
627 2381 755 2445 habere.
792 2383 952 2465 Tempore
974 2385 1138 2450 Bernardi
1161 2409 1213 2451 res
1237 2376 1241 2451 l
1265 2386 1326 2450 bus
1354 2384 1440 2447 ritae
1469 2382 1616 2465 partibus
1644 2383 1819 2447 licentiam.
1871 2381 2000 2463 Quibus
2027 2385 2171 2448 terendis
2198 2386 2246 2447 ita

237 2467 404 2550 aliquante
423 2467 527 2549 magis
546 2468 842 2550 prolapsaeemnt:
865 2470 923 2534 sed
948 2471 1096 2536 videmus
1114 2474 1213 2537 etiam
1238 2502 1241 2551 ι
1266 2471 1421 2551 mugram
1441 2482 1490 2533 est
1511 2468 1664 2540 mundus,
1687 2482 1724 2532 ut
1746 2469 1927 2532 verendum
1948 2491 2016 2533 non
2039 2471 2082 2533 sit
2103 2493 2145 2533 ne
2166 2468 2246 2552 quid

237 2575 336 2637 quam
370 2554 495 2617 acerbis
526 2554 805 2636 obiurgrttionibus
836 2556 1013 2622 invehatur
1039 2559 1074 2620 in
1107 2570 1214 2622 totum
1238 2582 1241 2617 r
1267 2557 1405 2619 nimium
1437 2575 1637 2638 exaggerans
1665 2554 1787 2618 videttr.
1838 2555 1951 2621 Unum
1981 2555 2053 2621 dieo
2078 2555 2165 2637 quod
2192 2558 2246 2619 in·

236 2639 402 2711 ordinem,
424 2660 522 2722 quem
544 2652 654 2703 tamen
677 2639 831 2704 credibile
849 2652 899 2705 est
927 2644 1025 2708 fuisse
1046 2658 1124 2709 tunc
1147 2665 1214 2707 non
1238 2636 1241 2705 Ι
1266 2641 1365 2706 fitirrn
1393 2661 1435 2704 ne
1463 2642 1525 2722 ipsi
1552 2639 1684 2722 quidem
1705 2651 1868 2722 petertmt.
1913 2642 1967 2705 Er
1989 2643 2146 2724 episeopis
2172 2643 2246 2704 fere

236 2725 334 2809 paulo
357 2726 569 2809 integriorem
591 2746 688 2806 qnam
711 2748 798 2791 nune
820 2726 871 2790 sit.
1237 2714 1241 2777 l
1267 2728 1410 2803 nullum,
1438 2748 1479 2790 cx
1501 2725 1731 2808 parochiarum
1759 2727 1931 2808 praefectis
1953 2749 2017 2791 non
2037 2749 2106 2790 esse
2127 2744 2244 2791 cente-

328 2815 373 2874 13.
426 2809 523 2890 Quod
551 2811 579 2874 si
608 2813 681 2893 quis
714 2823 815 2876 totam
849 2813 934 2879 hanc
967 2816 1214 2898 gubemationis
1237 2806 1241 2855 t
1267 2815 1386 2878 simum
1413 2833 1589 2894 quemque,
1618 2812 1710 2876 cuius
1740 2813 1767 2875 si
1800 2812 1841 2877 de
1868 2813 2012 2877 moribus
2037 2812 2171 2876 ferenda
2197 2814 2243 2876 sit

236 2897 473 2962 eeclesiamicae
500 2898 617 2961 faciem
644 2918 729 2978 quae
757 2898 854 2962 hodie
887 2901 948 2965 sub
978 2903 1125 2984 papismo
1153 2916 1212 2973 est.
1238 2960 1241 2967 .
1266 2898 1446 2965 seeundum
1475 2913 1604 2962 veteres
1637 2917 1778 2961 canones
1810 2900 1991 2975 sententia,
2023 2919 2088 2962 non
2115 2899 2158 2963 sit
2188 2900 2244 2962 rel

237 2983 300 3046 rite
334 2980 515 3063 perpendat
546 3003 582 3045 ac
616 2984 776 3053 renouant.
811 2987 954 3066 reperiet
985 2988 1114 3050 mrllmn
1142 3010 1214 3052 esse
1238 3002 1241 3073 g
1266 2982 1614 3058 excommunicandus,
1649 2983 1702 3047 vel
1735 2985 1909 3048 minimum
1936 3007 1957 3049 a
1988 3006 2123 3048 munere
2152 2984 2246 3048 abdi·

236 3067 443 3151 spoliarium,
472 3068 509 3130 in
536 3089 600 3149 quo
628 3069 830 3133 licentiosius
857 3072 928 3135 sine.
957 3071 1030 3154 lege
1057 3090 1089 3136 et
1118 3072 1214 3137 modo
1237 3086 1241 3108 ¹
1266 3070 1399 3136 candus.
1455 3069 1580 3134 Videor
1612 3068 1735 3150 aliquid
1772 3070 1964 3136 incredibile
1997 3070 2124 3146 dicere,
2164 3071 2246 3135 adeo

237 3151 381 3216 lat—rencs
414 3170 615 3234 gntssentnr.
669 3155 768 3220 Certe
801 3157 913 3220 omnia
946 3157 1013 3223 illic
1041 3179 1060 3221 a
1087 3158 1214 3224 Christi
1238 3220 1241 3229 ,
1265 3159 1376 3241 prisca
1396 3155 1453 3218 illa
1474 3155 1660 3238 disciplina.
1683 3176 1768 3236 qnae
1789 3158 1988 3221 exactiorem
2008 3178 2183 3222 censuram
2205 3155 2246 3221 de

238 3238 449 3303 institutione
476 3237 557 3301 adeo
585 3239 754 3304 rhesinulirt
781 3259 875 3311 sunt.
905 3244 972 3306 imo
994 3245 1110 3315 rdiena.
1133 3245 1214 3309 adeo
1237 3256 1242 3315 ἕ
1265 3244 1412 3308 moribus
1433 3242 1511 3305 cleri
1534 3243 1607 3305 lieri
1632 3241 1867 3323 praecipiebat,
1895 3241 2068 3320 obsolevit;
2096 3243 2154 3307 sed
2176 3264 2245 3305 om-

238 3323 281 3387 ab
307 3325 452 3405 antiquis
481 3325 635 3389 ecclesiae
657 3325 819 3390 institutis
845 3349 883 3391 ae
905 3329 1052 3395 moribus
1073 3331 1214 3414 degene-
1238 3352 1242 3407 ς
1266 3331 1345 3393 nino
1373 3330 1417 3391 ita
1446 3348 1499 3391 res
1527 3327 1636 3391 habet.
1685 3327 1775 3390 Eant
1802 3349 1891 3393 nunc
1919 3330 1975 3410 qui
2001 3330 2063 3392 snb
2093 3349 2246 3393 maranae

239 3426 371 3476 ranmt.
404 3408 486 3473 adeo
514 3430 589 3474 cum
618 3428 738 3474 natura
764 3428 798 3476 et
826 3416 954 3478 radone
982 3432 1147 3499 pugnant.
1176 3430 1215 3480 ut
1266 3415 1353 3481 sedis
1373 3413 1504 3477 vexillis
1525 3430 1558 3477 et
1581 3414 1736 3495 auspiciis
1757 3414 1911 3489 militant,
1934 3430 1967 3478 et
1989 3413 2031 3478 de
2053 3415 2246 3480 sacerdotali

239 3495 333 3558 nulla
355 3496 460 3558 nraior
483 3495 619 3559 Christo
642 3498 712 3559 fieri
741 3499 862 3563 iniuria
884 3503 988 3582 pomit
1013 3524 1113 3584 quam
1135 3503 1214 3568 dum
1266 3500 1354 3584 apud
1375 3522 1411 3564 se
1430 3499 1545 3563 ordine
1567 3500 1757 3583 glorientur.
1796 3499 1895 3564 Certe
1912 3522 2010 3583 quem
2032 3501 2166 3575 habent,
2188 3523 2247 3564 ne·

239 3581 311 3645 eius
329 3601 448 3644 nonreu
467 3581 508 3644 ad
526 3581 749 3646 defensionem
767 3598 834 3648 tarn
853 3587 1033 3651 inordinati
1045 3591 1214 3671 regiminis
1266 3608 1331 3669 que
1352 3608 1373 3649 a
1393 3585 1535 3656 Christo,
1558 3607 1663 3668 neque
1684 3585 1726 3647 ab
1747 3586 1817 3648 eius
1838 3586 2001 3668 apostolis,
2024 3609 2132 3670 neque
2150 3609 2169 3651 a
2188 3609 2247 3669 pa·

239 3665 431 3732 obtendunt.
477 3667 561 3737 Nos.
585 3668 755 3750 inquiunt,
778 3693 892 3736 sumus
913 3674 1068 3739 eclesiae
1089 3677 1214 3740 eolrun-
1266 3672 1381 3745 tribus,
1404 3694 1509 3754 neque
1530 3671 1572 3735 ab
1593 3672 1729 3737 ecelesia
1751 3673 1852 3735 reteri
1874 3694 1946 3737 esse
1965 3690 2103 3738 constat.

237 3773 314 3822 nae,
344 3753 513 3837 religionis
539 3755 718 3825 antistites.
752 3756 878 3821 Christi
906 3760 1033 3827 nuni.
1067 3760 1215 3825 fidelium
1356 3763 1404 3823 15.
1449 3757 1616 3823 Prodeant
1633 3779 1720 3822 nunc
1739 3758 1776 3819 in
1797 3758 1942 3821 medium
1961 3758 2105 3827 diacom.
2132 3774 2165 3822 et
2185 3758 2245 3821 illa

238 3840 361 3921 capita,
393 3840 471 3920 quia
504 3856 648 3922 potestte
681 3843 858 3924 apostoliea
886 3864 945 3925 per
976 3848 1215 3911 successionem
1239 3851 1243 3931 j
1267 3846 1469 3912 sanctimima
1497 3866 1595 3926 quam
1619 3843 1740 3907 habent
1769 3844 1928 3907 bonorum
1952 3846 2245 3910 ecelesiasticorum

238 3922 291 4021 ad¹
309 3946 369 4021 nos
402 3925 561 4006 pertenit.
614 3925 719 4006 Quasi
749 3928 838 4010 apud
865 3930 995 4012 stipites
1028 3931 1213 4013 loquantur.
1238 3954 1244 3981 ι
1268 3931 1462 3996 distributio
1507 3929 1705 4011 Quanquam
1732 3928 1886 3993 dmeonos
1913 3952 1989 3995 suos
2012 3930 2054 3994 ad
2078 3950 2149 3994 earn
2169 3950 2245 3993 rem

239 4023 312 4073 rsus
346 4013 476 4093 rneptiis
509 4028 666 4095 perpetuo
704 4014 908 4096 superbiunt.
964 4014 1105 4095 Quoties
1137 4039 1215 4081 vero
1239 4030 1243 4041 “
1267 4018 1402 4081 minime
1424 4019 1488 4081 iam
1511 4034 1633 4080 creant.
1678 4015 1772 4079 Nihil
1799 4016 1888 4078 enim
1915 4016 2005 4081 aliud
2031 4016 2108 4098 ipsis
2128 4015 2246 4077 iniun-

237 4095 322 4159 istuc
352 4096 531 4165 irutabunt.
560 4120 715 4180 quaerum
743 4099 785 4162 ab
812 4101 852 4165 iis
880 4102 1024 4166 vicissim
1053 4102 1133 4184 quid
1156 4104 1215 4167 ha·
1238 4126 1243 4141 ·
1267 4120 1350 4187 gunt
1373 4103 1437 4166 nisi
1459 4120 1497 4166 ut
1518 4104 1707 4166 ministrent
1731 4100 1772 4165 ad
1794 4102 1907 4172 altare.
1933 4102 2135 4187 evangelium
2158 4104 2248 4165 reci-

238 4180 334 4246 bcaut
358 4202 434 4245 etun
455 4184 612 4264 apostolis
633 4187 829 4249 eonnnune?
863 4187 939 4251 Non
961 4189 1051 4252 enim
1073 4189 1114 4254 de
1137 4190 1215 4254 hae-
1266 4204 1336 4254 tent
1359 4205 1566 4265 auteauant,
1588 4205 1620 4251 et
1642 4188 1855 4269 nescioquas
1875 4204 1975 4272 agant
1997 4209 2109 4272 nugas
2149 4188 2247 4251 Nihil

237 4267 393 4332 militarie
425 4269 535 4350 aliquo
569 4270 692 4334 honore
725 4274 851 4354 agitur.
886 4274 942 4355 qui
977 4274 1242 4340 dormientibus:
1267 4275 1308 4339 de
1334 4275 1566 4357 eleemosynis.
1595 4274 1678 4337 nihil
1706 4271 1747 4337 dc
1773 4295 1852 4338 cura
1879 4296 2075 4357 pauperum.
2097 4274 2183 4338 nihil
2206 4274 2248 4338 de

237 4351 356 4419 deferri
384 4372 495 4435 qutun:
524 4354 580 4419 sed
609 4355 650 4419 de
671 4356 922 4437 paredicationis
944 4381 1098 4429 mamere.
1128 4362 1214 4443 quod
1266 4374 1333 4425 tota
1362 4360 1417 4424 illa
1445 4361 1611 4425 lunatione
1638 4381 1736 4441 quam
1763 4360 1842 4423 olim
1876 4362 2042 4442 gerebant,
2091 4362 2145 4425 De
2173 4363 2248 4442 ipsa

236 4440 301 4523 ipsi
323 4457 497 4521 tantopere
518 4440 702 4524 defugiunt.
748 4442 918 4511 Similiter.
942 4468 1045 4527 quum
1068 4449 1214 4529 ipsorum
1239 4496 1242 4500 -
1266 4447 1472 4512 instimtione
1494 4447 1624 4529 loquor;
1646 4467 1723 4511 uam
1745 4446 1773 4509 si
1797 4462 1983 4527 spectemus
2003 4446 2092 4530 quod
2109 4448 2246 4517 famum,

235 4546 377 4608 regnnm
400 4526 609 4610 tyndaridem
631 4529 817 4594 antichristi
835 4551 907 4594 case
928 4534 1114 4608 sessurum,
1136 4556 1214 4599 eon·
1238 4564 1241 4569 ·
1266 4555 1302 4598 re
1329 4535 1399 4616 ipsa
1426 4553 1491 4595 non
1519 4556 1640 4597 munus
1667 4532 1733 4597 illis
1754 4548 1820 4607 est,
1850 4531 1908 4595 sed
1930 4533 2052 4615 gradus
2079 4532 2246 4597 dunaxat

237 4611 330 4676 finito
362 4612 547 4694 excipiunt.
582 4635 655 4677 esse
686 4615 906 4680 venerabilem
940 4618 1030 4682 illam
1064 4621 1161 4685 toties
1194 4619 1306 4684 a:ad
1329 4620 1581 4703 presbyterium.
1626 4619 1701 4684 [Tua
1723 4619 1759 4681 in
1782 4638 1827 4683 re.
1850 4620 1906 4699 qui
1929 4619 2038 4683 locum
2057 4619 2185 4684 dmeoni
2208 4621 2245 4680 in

235 4699 366 4781 magnis
383 4700 557 4793 statuetis
575 4700 655 4763 viris
672 4700 839 4765 laudatam
857 4703 1084 4769 hierarchiam.
1108 4704 1214 4785 Quasi
1237 4766 1241 4777 ,
1265 4707 1364 4771 missa
1383 4721 1507 4775 tenent.
1530 4708 1628 4770 inane
1649 4704 1865 4769 simulacrum
1887 4706 2091 4787 antiquitatis
2112 4726 2246 4787 reprae-

236 4803 315 4846 seru
333 4802 438 4881 amco
456 4802 578 4881 patres
600 4807 703 4867 quum
720 4787 972 4854 ecclesiasticam
994 4791 1214 4855 hierarchiam
1237 4790 1241 4811 ²
1265 4806 1405 4856 sentam.
1450 4792 1627 4875 Recipiunt
1656 4793 1745 4854 enim
1769 4790 1951 4855 oblationes
1970 4808 2048 4855 ante
2073 4812 2247 4856 eonsecra-

236 4869 488 4967 autspintuale
511 4892 667 4953 regimen.
691 4891 728 4936 ut
751 4875 830 4956 ipsis
851 4897 912 4957 per
932 4898 1051 4940 manus
1071 4875 1113 4938 ab
1134 4896 1214 4958 apo-
1266 4879 1399 4942 tionem
1444 4879 1527 4942 Fuit
1547 4895 1657 4943 autem
1680 4876 1714 4941 id
1741 4877 1867 4957 antiqui
1889 4878 1990 4941 moris
2011 4892 2048 4941 ut
2069 4894 2149 4942 ante
2170 4898 2246 4942 eoe-

235 4953 328 5019 stohs
350 4954 511 5020 traditura
533 4974 614 5033 crat,
636 4959 913 5039 commendarent,
936 4963 998 5028 hoc
1019 4960 1165 5027 deforme
1181 4971 1215 5027 et
1236 4964 1241 5043 ξ
1265 4985 1328 5029 nae
1349 4966 1612 5028 communionem
1633 4985 1669 5028 se
1690 4978 1807 5028 mntno
1829 4962 2056 5027 oscularentur
2076 4962 2193 5028 tideloe
2212 4978 2246 5027 et

1236 5062 1242 5113 i
1265 5050 1490 5133 eleemosynas
1515 5050 1557 5113 ad
1578 5051 1682 5114 altare
1703 5049 1877 5127 offerrent,
1898 5050 1945 5125 ita
1967 5049 2116 5132 symbolo
2140 5051 2244 5132 prius

1237 5134 1242 5209 J
1265 5135 1384 5200 deinde
1404 5138 1475 5216 ipsa
1492 5136 1706 5200 beneficentia
1722 5134 1893 5198 mritaoem
1910 5157 2005 5199 suam
2021 5134 2246 5200 declarabant.

306 5229 333 5286 tr
354 5228 433 5282 Ηοι
453 5230 492 5282 ιῖ.
1236 5220 1242 5269 ¹
1264 5222 1442 5300 Diaconos,
1464 5223 1521 5304 qni
1541 5241 1737 5287 oeconomus
1757 5238 1828 5286 erat
1848 5241 2040 5306 pauperum,
2065 5222 2247 5305 reeipiew
