4672 5842
228 300 291 361 523
598 228 605 247 *
875 290 1142 359 INSTITUTIO
1166 293 1270 359 REL.
1294 287 1475 356 OHRIS'P.
1498 296 1592 362 1559.
2173 293 2239 357 524

190 478 262 553 ⁴in
284 507 395 559 cruce,
424 482 566 546 nattuali
592 479 779 546 acerbitatis
801 501 915 560 sensu,
948 490 1079 544 tantum
1106 481 1203 562 spiri-
1229 507 1231 539 ;
1257 479 1343 543 Tum
1372 499 1449 557 crgo
1473 478 1605 545 demmn
1627 481 1689 544 rite
1713 481 1900 562 proficimus
1924 480 2030 544 crucis
2053 478 2236 561 disciplina,

224 574 308 639 tuali
329 569 454 635 laetitia
475 567 710 632 diffimdautur.
746 564 842 630 Unde
865 576 898 629 et
920 567 1102 650 gratiarmn
1119 567 1204 632 aetio
1229 558 1231 573 '
1256 564 1313 629 ubi
1342 563 1497 629 discimus
1526 566 1611 631 hano
1633 567 1751 643 vittam,
1782 588 1886 648 quum
1914 566 1949 628 in
1978 587 2012 630 se
2034 566 2237 645 aestimatur,

225 659 379 741 sequitur,
403 677 484 737 quac
507 655 598 718 nulla
620 654 691 717 sinc
713 650 832 734 gaudio
856 673 926 716 esse
948 661 1064 733 potest.
1107 651 1205 732 Quod
1229 640 1232 715 l
1257 649 1451 732 inquietam,
1476 652 1715 730 turbulentam,
1739 652 1922 716 innumeris
1944 649 2049 715 modis
2071 651 2237 730 miseram,

224 745 345 812 silaus
368 741 520 811 Domini.
551 749 583 802 et
606 739 788 821 gratiarum
809 738 893 801 actio
915 759 982 801 non
1004 739 1069 801 nisi
1091 737 1130 800 ab
1154 739 1204 802 hi·
1229 744 1231 755 '
1256 736 1348 800 nulla
1370 750 1522 817 exparte
1541 737 1878 820 planeheatamesse;
1901 737 2010 801 onmia
2032 758 2117 818 quae
2139 738 2237 802 ameti-

223 831 285 896 lari
318 831 466 908 laetoque
494 836 622 908 pectere
650 845 802 886 emanare
825 832 948 906 potest,
983 824 1063 887 nihil
1094 836 1204 888 autem
1228 797 1232 913 l
1256 834 1390 885 mantm·
1413 823 1482 886 eius
1504 823 1605 899 bona,
1629 824 1768 897 incerta,
1792 822 1906 900 fluida,
1930 844 2029 899 vana,
2059 822 2239 905 multisque

224 914 382 998 estquod
405 934 477 975 cam
499 911 707 993 interpellare
729 910 764 971 in
786 907 878 972 nobis
899 908 1023 986 debeat,
1048 910 1124 975 hinc
1147 931 1204 993 ap·
1229 920 1231 977 ἰ
1256 907 1411 971 adunatis
1433 909 1528 973 malis
1546 910 1662 972 vitiata
1683 931 1768 988 essc3
1797 922 1894 991 atquc
1918 930 1960 972 ex
1983 930 2020 971 eo
2043 909 2141 972 sinml
2160 930 2238 973 con·

223 1018 316 1086 paret
351 1020 448 1081 quam
477 997 695 1061 necessarium
723 996 780 1065 sit,
816 995 921 1059 erucis
951 995 1204 1059 anuuitudincm
1228 990 1232 1093 l
1257 993 1439 1071 stituimus,
1480 995 1563 1057 nihil
1601 996 1654 1060 hio
1688 994 1911 1077 quaerendrmi
1950 1003 2007 1058 siut
2038 995 2240 1076 sperandum

225 1086 388 1171 spirituali
410 1083 529 1167 gaudio
552 1082 735 1164 temperari.
1257 1100 1356 1161 quam
1383 1086 1564 1158 certamem
1592 1080 1789 1145 tttmlleudos
1816 1081 1852 1144 in
1878 1080 2005 1145 eoelmu
2028 1081 2150 1159 oculos,
2182 1081 2240 1145 ubi

592 1188 594 1192 ’
1257 1161 1297 1227 dc
1320 1186 1438 1229 corona
1460 1167 1648 1248 cergitamus.
1684 1166 1741 1231 Sic
1764 1168 1853 1230 enim
1872 1166 2129 1245 habcndrmrest,
2152 1189 2238 1230 nun·

1229 1306 1232 1353 Ι
1257 1272 1356 1333 quam
1378 1251 1462 1314 serio
1491 1250 1532 1314 ad
1560 1254 1690 1317 futurae
1712 1253 1799 1317 vitae
1822 1252 2020 1316 desiderium
2042 1275 2079 1316 ac
2101 1250 2238 1316 medita-

1229 1358 1232 1461 q
1256 1336 1380 1399 tionem
1399 1337 1481 1418 erigi
1499 1338 1656 1417 animum,
1681 1340 1745 1404 nisi
1757 1340 1940 1421 praesentis
1953 1346 2146 1420 contemptu
2161 1354 2239 1402 ante

1258 1421 1403 1486 imbutus
1424 1424 1531 1486 litent.

627 1584 634 1598 ι
982 1581 990 1597 .
1344 1512 1371 1570 2.
1419 1506 1591 1590 Siquidem
1615 1513 1702 1574 inter
1726 1511 1788 1573 ista
1811 1509 1875 1574 duo
1899 1510 1983 1574 nihil
2006 1508 2151 1573 medium
2173 1522 2239 1574 est:

346 1587 412 1668 De
444 1584 718 1665 medibatlone
750 1583 919 1663 futurae
952 1593 1074 1662 vlbae.
1260 1602 1315 1657 aut
1350 1592 1486 1657 vilescat
1518 1594 1612 1659 nobis
1646 1605 1733 1659 term
1759 1605 1900 1678 oportet,
1935 1605 1992 1659 aaut
2021 1596 2241 1676 intemperato

1257 1700 1366 1742 artiore
1400 1678 1451 1743 sui
1484 1682 1609 1745 vinctos
1641 1704 1701 1747 nos
1728 1681 1880 1746 detineat.
1925 1680 2085 1757 Proinde,
2120 1681 2149 1745 si
2176 1702 2241 1763 qua

315 1776 340 1833 l.
387 1769 589 1850 Quocunque
613 1776 722 1831 autem
747 1765 964 1830 tribulationis
988 1767 1107 1848 gesnero
1130 1787 1204 1848 pre·
1258 1766 1462 1829 aeternitatis
1492 1787 1570 1829 cum
1597 1782 1661 1841 est,
1693 1769 1758 1832 huc
1786 1768 1960 1852 diligenter
1985 1766 2240 1831 incumbendum

225 1879 368 1934 mamur,
404 1852 625 1937 respiciendus
652 1875 781 1935 semper
809 1864 859 1915 est
888 1852 941 1916 hic
968 1852 1060 1930 finis,
1088 1860 1126 1916 ut
1153 1852 1232 1916 aas?
1281 1850 1415 1914 tmalis
1444 1851 1516 1915 istis
1543 1853 1752 1935 compedibus
1781 1877 1840 1918 nos
1869 1853 2078 1935 explicemus.
2124 1854 2238 1930 Porro,

227 1964 413 2010 sueseamus
436 1941 476 2004 ad
499 1940 680 2022 praesentis
702 1940 789 2004 vitae
808 1947 1041 2019 contemptum,
1064 1938 1204 2020 indeque
1257 1938 1411 2019 quoniam
1444 1938 1601 2017 plurirmts
1636 1939 1810 2004 blanditias
1845 1939 1943 2003 habet
1981 1960 2137 2021 praesens
2169 1939 2240 2003 vita

226 2030 267 2094 ad
290 2032 418 2093 litturae
441 2025 686 2090 meditationem
705 2025 893 2088 excitemur.
929 2023 1094 2104 Quoniam
1116 2025 1204 2086 enim
1229 2060 1232 2113 p
1257 2022 1374 2104 quibus
1402 2045 1460 2086 uos
1490 2024 1647 2105 pelliciat,
1682 2026 1822 2089 inultam
1849 2026 2072 2101 amoenitatis,
2103 2025 2239 2107 gratiae,

227 2116 348 2198 optime
371 2113 463 2177 novit¹
485 2112 577 2176 Deus
599 2126 798 2193 quantopere
826 2112 862 2172 in
885 2109 1068 2172 belluinmn
1089 2108 1204 2173 mundi
1229 2160 1233 2225 ι
1257 2109 1429 2173 activitatis
1456 2112 1597 2191 speciem
1629 2133 1693 2192 qua
1722 2133 1782 2176 nos
1811 2111 2007 2189 demulceat,
2040 2131 2240 2193 magnopere

226 2201 325 2265 huius
353 2221 498 2263 aruorcm
528 2198 629 2261 simus
658 2216 776 2260 ruitura
804 2196 968 2271 inclinati,
1003 2195 1205 2277 aptissimam
1257 2204 1370 2259 nostra
1393 2196 1494 2258 refert
1516 2196 1693 2260 identidem
1716 2220 1775 2261 nos
1794 2198 1931 2272 avocari,
1954 2195 2132 2261 natalibus
2149 2198 2240 2261 leno-

227 2287 390 2351 rationem
422 2282 555 2348 adhibet
583 2282 624 2346 ad
650 2304 710 2346 nos
738 2280 952 2345 retrahendos
981 2288 1014 2344 et
1041 2289 1206 2363 torporem
1230 2234 1233 2369 Ι
1258 2280 1352 2344 ciniis
1384 2282 1589 2346 firscincmur.
1646 2280 1734 2362 Quid
1763 2284 1868 2356 enim,
1903 2282 2049 2362 obsecro,
2083 2284 2179 2346 lieret
2213 2283 2241 2345 si

228 2369 476 2446 excutiendmn,
507 2392 548 2432 ne
576 2369 674 2433 niuris
710 2368 868 2432 tenaciter
896 2368 932 2431 in
960 2388 998 2430 co
1022 2389 1132 2431 amore
1154 2368 1205 2430 in-
1258 2374 1415 2448 perpetuo
1439 2366 1652 2431 honorumue
1672 2368 1837 2432 felicitatis
1860 2389 2019 2433 concursu
2043 2368 2096 2431 hie
2115 2369 2240 2432 fruere-

228 2457 463 2522 haeresoamus.
508 2456 614 2518 Nemo
636 2453 767 2536 quidem
790 2468 840 2517 ost
862 2461 1027 2531 nostrum,
1056 2455 1112 2536 qui
1139 2476 1206 2517 non
1259 2473 1341 2529 mur,
1365 2474 1465 2534 quum
1489 2453 1627 2518 assiduis
1649 2455 1810 2519 nmlortmr
1833 2455 1975 2519 stimulis
1993 2478 2059 2518 non
2077 2454 2241 2535 possimus

227 2541 332 2608 videri
355 2544 465 2623 cupiat
486 2540 711 2605 adcoelestem
730 2540 1009 2603 itmuortalitatcm
1031 2550 1100 2603 toto
1120 2540 1206 2603 vitae
1259 2538 1339 2602 satis
1374 2540 1589 2621 expergefieri
1622 2540 1663 2603 ad
1696 2540 1912 2623 reputandam
1945 2541 2015 2605 eius
2048 2540 2238 2603 miserium?

227 2628 389 2709 emricule
417 2628 560 2710 aspicire
588 2638 622 2689 et
650 2628 740 2690 eniti.
785 2625 895 2689 Pudet
922 2626 1010 2688 enim
1035 2648 1094 2689 nos
1116 2626 1207 2689 nulla
1259 2625 1373 2687 Vitam
1402 2623 1581 2688 humanam
1602 2626 1686 2690 fumi
1708 2626 1758 2691 vel
1783 2626 1916 2690 umbrae
1938 2627 2044 2690 instar
2067 2647 2150 2703 esse,
2173 2648 2240 2688 non

226 2735 263 2779 re
285 2715 480 2778 antecellere
501 2712 614 2785 brutas
637 2711 790 2794 pecudes:
819 2733 958 2793 quarum
991 2711 1133 2775 conditio
1155 2712 1206 2774 ni-
1258 2708 1354 2773 modo
1377 2708 1512 2775 eruditis
1535 2720 1649 2775 notmn
1672 2722 1736 2791 est,
1760 2711 1818 2777 scd
1841 2713 1959 2795 vulgus
1982 2733 2110 2795 quoquc
2133 2711 2241 2775 homi-

225 2800 294 2865 hilo
323 2810 436 2864 nostra
458 2798 595 2863 inferior
616 2800 727 2863 futura
749 2807 849 2874 essct,
880 2798 945 2861 nisi
967 2820 1041 2879 spes
1064 2798 1206 2862 aeterm-
1259 2817 1340 2860 num
1366 2795 1576 2878 proverbium
1605 2797 1733 2862 nullum
1762 2799 1868 2882 magis
1896 2799 2014 2863 tritum
2042 2796 2148 2862 habet.
2193 2797 2242 2860 Et

200 2887 304 2952 ·tatis
329 2897 405 2968 post
433 2897 575 2949 mortem
603 2885 696 2949 nobis
724 2884 874 2966 supersit.
920 2884 1047 2947 Verum
1074 2885 1102 2947 si
1129 2904 1207 2948 con·
1232 2944 1235 2985 Ι
1260 2881 1337 2963 quia
1363 2903 1434 2945 rem
1461 2904 1531 2946 csso
1559 2883 1715 2947 videbant
1743 2885 1779 2948 in
1804 2884 1920 2966 primis
1953 2886 2087 2967 cognitu
2113 2882 2240 2961 utilem,

226 2973 313 3049 eilia,
343 2970 467 3048 studia,
495 2972 580 3035 facta
608 2972 764 3052 cunisque
792 2971 975 3046 examines,
1006 2969 1090 3033 nihil
1119 2969 1208 3033 aliud
1232 2990 1236 3055 Ι
1259 2968 1373 3032 multis
1395 2968 1580 3051 insignibus
1601 2971 1775 3034 sententiis
1798 2971 2076 3035 mmmcndarunt.
2112 2970 2242 3033 Verum

225 3057 294 3122 illie
317 3056 443 3121 videbis
470 3078 570 3138 quam
597 3066 727 3120 terram.
773 3055 855 3119 Inde
883 3064 994 3119 antem
1023 3054 1206 3139 stupiditas,
1232 3058 1236 3163 l
1260 3054 1351 3118 nulla
1377 3055 1445 3117 fere
1474 3076 1526 3120 res
1555 3065 1604 3118 est
1631 3077 1729 3138 quam
1751 3057 1804 3121 vel
1826 3057 2048 3139 negligentius
2075 3053 2241 3136 expenda-

228 3141 315 3224 quod
342 3165 435 3206 inens
464 3152 576 3206 uestra
605 3143 731 3225 fulgore
759 3142 851 3205 inani
885 3163 998 3223 opmn,
1032 3141 1206 3223 potentiae,
1233 3186 1235 3193 -
1259 3162 1334 3204 mus
1355 3139 1408 3204 vel
1428 3141 1538 3205 minus
1559 3143 1814 3206 meminerimus.
1849 3141 1971 3205 Omnia
1985 3142 2074 3205 enim
2087 3141 2241 3204 molimur

228 3228 407 3305 honorum,
436 3228 608 3309 perstricta
636 3227 822 3306 hebetatur,
857 3249 900 3291 ne
929 3227 1057 3309 longius
1085 3236 1206 3293 cernat.
1232 3214 1235 3337 l
1259 3225 1396 3309 perinde
1425 3235 1522 3309 atque
1549 3227 1831 3291 immortalitatem
1860 3227 1953 3292 nobis
1981 3229 2018 3291 in
2047 3238 2136 3290 terra
2158 3228 2242 3291 'oon-

227 3312 295 3378 Oer
322 3314 422 3376 etiam
449 3314 599 3387 avaritia,
634 3313 823 3392 arrrbitiono,
853 3312 986 3375 libidine
1015 3323 1208 3396 occupatum
1233 3342 1235 3395 Ι
1260 3313 1443 3378 stituentes.
1489 3311 1526 3376 si
1550 3313 1685 3376 effertur
1707 3315 1805 3377 funus
1829 3312 1973 3395 aliquod,
2005 3313 2059 3379 vel
2081 3314 2169 3377 inter
2191 3333 2241 3377 se-

226 3397 434 3482 degnrvatur,
458 3420 500 3462 ne
522 3399 621 3463 altius
643 3412 801 3482 tissurgat.
836 3397 988 3480 Denique
1012 3408 1081 3463 tota
1098 3400 1208 3462 amma
1233 3410 1235 3427 '
1259 3399 1373 3481 pulcra
1395 3396 1609 3476 ambulamus,
1632 3401 1709 3481 quia
1726 3408 1804 3463 tunc
1822 3400 1924 3464 oculis
1941 3399 2136 3464 obversatur
2153 3420 2241 3462 mor·

227 3486 335 3549 carnis
357 3484 518 3549 illecebris
546 3486 687 3563 irretita,
717 3485 906 3548 felicitatem
935 3486 970 3547 in
999 3499 1086 3549 terra
1114 3506 1208 3550 suam
1233 3470 1235 3533 i
1260 3485 1303 3549 tis
1325 3483 1550 3562 simulacrum,
1579 3486 1724 3568 egregie,
1747 3487 1865 3563 fateor,
1890 3484 1930 3564 de
1952 3487 2039 3550 vitae
2063 3486 2162 3550 huius
2184 3505 2242 3551 va-

226 3570 363 3652 quacrit.
409 3570 497 3635 Huic
524 3571 609 3633 malo
631 3579 668 3634 ut
690 3578 839 3635 occurrat
860 3569 1039 3649 Dominus,
1069 3569 1207 3636 assiduis
1233 3548 1236 3675 ἓ
1260 3571 1365 3633 nitate
1397 3569 1676 3651 philosophamur.
1733 3570 1930 3654 Quanquam
1968 3593 2011 3634 ne
2043 3570 2079 3635 id
2110 3570 2242 3654 quidem

225 3655 436 3720 miseriarum
459 3654 663 3721 documentis
685 3679 761 3721 suos
784 3656 824 3719 de
843 3658 1023 3738 praesentis
1047 3658 1132 3721 vitae
1151 3678 1207 3722 va·
1233 3698 1236 3759 5
1260 3656 1397 3720 facirnm
1428 3666 1599 3737 perpetue:
1634 3657 1827 3739 plerumque
1855 3658 1945 3720 enim
1972 3658 2056 3721 nihil
2083 3680 2142 3720 nos
2171 3657 2241 3718 affi-

227 3742 332 3807 nitate
348 3741 468 3807 edocet.
504 3743 604 3823 Ergo,
627 3764 669 3805 ue
687 3743 787 3805 altmn
805 3742 866 3806 sibi
886 3751 917 3805 et
936 3764 1083 3807 securam
1094 3764 1209 3824 pacem
1233 3768 1236 3809 ι
1261 3742 1352 3806 ciunt
1372 3742 1437 3806 ista
1459 3744 1576 3806 omnia.
1622 3743 1749 3806 Verum
1772 3741 1829 3807 ubi
1853 3741 1984 3818 accidit,
2013 3756 2242 3807 momentanea

226 3827 263 3891 in
285 3849 324 3890 ea
345 3828 549 3909 pronnttant,
581 3829 632 3892 vel
654 3827 758 3905 bellis,
782 3829 836 3891 vel
858 3828 1060 3905 tumultibus,
1085 3828 1139 3892 vel
1161 3829 1208 3891 la·
1233 3814 1236 3865 ³
1261 3840 1311 3894 est
1336 3828 1558 3911 philosophia,
1588 3849 1671 3909 quae
1701 3829 1800 3892 siuml
1829 3840 1925 3911 atque
1953 3844 2048 3912 terga
2071 3827 2241 3903 vertanus,
2265 3900 2271 3910 ,

226 3914 389 3990 trasiniis,
418 3913 470 3978 vel
501 3914 573 3977 aliis
600 3914 732 3979 iniuriis
760 3915 935 3995 inquietari
957 3936 1053 3996 saepe
1075 3916 1208 3978 infesta·
1262 3914 1442 3985 evalescit,
1474 3934 1512 3975 ae
1538 3934 1580 3976 ne
1607 3915 1783 3977 minimmn
1810 3913 1943 3996 quidem
1970 3923 2043 3997 post
2070 3933 2104 3977 se
2132 3932 2242 3974 reeor-

227 3998 319 4080 rique
342 4000 513 4080 permittit.
544 4001 594 4064 Ne
613 4000 769 4064 aviditate
792 4000 895 4063 nimia
913 4001 1011 4064 fluxis
1029 4009 1062 4064 et
1079 3999 1209 4064 caducis
1234 3980 1237 4093 l
1262 4001 1402 4064 dationis
1420 4000 1594 4081 vestigium
1614 4000 1777 4082 relinquit,
1801 4002 1933 4082 datique
1951 4022 2011 4065 stoa
2032 3999 2124 4062 aliter
2141 3999 2244 4078 effluit

227 4082 353 4148 divitiis
380 4085 524 4159 inhient,
555 4094 613 4149 aut
639 4086 675 4148 in
701 4086 742 4150 iis
769 4107 849 4168 quas
873 4086 1041 4168 possident
1063 4086 1209 4168 acquies-
1261 4093 1352 4167 otqtae
1373 4086 1535 4150 tlteutrolis
1556 4086 1697 4165 plausus
1725 4087 1759 4149 iu
1781 4088 1915 4151 amando
1936 4087 2041 4166 alato
2062 4084 2244 4164 spectaculo.

227 4180 314 4246 aaut,
338 4193 426 4234 nunc
448 4171 571 4247 exsilio,
604 4194 690 4235 nunc
713 4173 886 4236 sterilitato
909 4180 1025 4249 terrae,
1048 4173 1209 4237 nuncin·
1234 4108 1237 4239 l
1262 4173 1377 4253 Neque
1400 4171 1488 4235 enim
1509 4171 1626 4235 mortis
1649 4184 1788 4249 tantmn,
1812 4172 1870 4238 scd
1887 4171 2096 4237 mortalitatis
2114 4192 2245 4252 quoque

227 4255 352 4332 cendio,
376 4279 464 4320 nunc
487 4257 559 4320 aliis
580 4257 685 4322 modis
707 4258 748 4321 ad
766 4259 910 4341 inopiam
929 4279 983 4323 eos
1002 4257 1129 4341 redigit,
1153 4266 1210 4321 aut
1235 4268 1238 4327 ἱ
1262 4259 1365 4341 ipsius
1388 4256 1494 4335 obliti,
1524 4279 1561 4320 ao
1588 4258 1616 4321 si
1638 4257 1749 4322 nullus
1774 4280 1919 4340 unquam
1946 4257 1986 4321 de
2008 4277 2047 4320 ea
2068 4278 2181 4320 rumor
2204 4256 2247 4320 ad

227 4353 316 4406 certe
338 4342 375 4405 in
397 4341 621 4406 mediocritate
649 4345 803 4408 eontinet.
849 4345 900 4408 Ne
923 4345 1063 4409 nimium
1084 4343 1209 4427 placide
1234 4330 1238 4399 l
1262 4366 1322 4408 nos
1344 4344 1557 4424 pervenisset,
1584 4344 1618 4407 in
1641 4345 1793 4426 supinam
1815 4356 1967 4408 terrenae
1988 4344 2246 4407 immortalitatis

226 4428 262 4492 in
285 4427 379 4491 bonis
402 4429 547 4511 coniugii
570 4428 780 4509 delicientur,
810 4444 867 4495 aut
889 4453 1032 4495 urorum
1054 4430 1209 4513 improbi·
1235 4422 1238 4467 ²
1263 4430 1473 4495 securitatem
1505 4430 1714 4493 revolvimur.
1770 4429 1809 4494 Si
1840 4431 1915 4512 quis
1942 4431 2079 4494 interim
2111 4451 2246 4512 prover-

227 4521 294 4578 tate
318 4516 432 4578 vexari
455 4515 540 4593 facit,
564 4528 621 4579 aut
644 4517 730 4579 mala
756 4517 913 4601 progenie
936 4517 1024 4599 ipsos
1047 4516 1208 4593 humiliat,
1235 4518 1238 4595 ζ
1261 4516 1353 4580 bium
1375 4515 1516 4592 oecinat,
1545 4516 1713 4580 hominem
1734 4516 1856 4579 animal
1878 4537 1949 4581 osse
1971 4515 2134 4599 ἐφήμερον,
2165 4517 2246 4579 fate·

227 4610 284 4664 aut
306 4601 445 4664 orbitate
467 4602 593 4684 affligit.
628 4600 726 4682 Quod
748 4604 777 4666 si
798 4604 834 4666 in
857 4603 909 4666 his
931 4601 1081 4667 omnibus
1100 4601 1210 4665 indul·
1235 4606 1237 4657 ἐ
1262 4624 1337 4666 mur
1359 4602 1394 4665 id
1415 4600 1563 4683 quidem,
1589 4601 1645 4666 sed
1668 4600 1748 4665 adeo
1772 4602 1864 4666 nulla
1885 4603 2083 4677 attentione,
2111 4616 2150 4665 ut-
2171 4622 2245 4682 per-

226 4687 357 4768 gentior
384 4687 451 4751 illis
481 4696 546 4765 est,
577 4709 619 4750 ne
647 4700 758 4752 tamen
788 4689 841 4753 vel
870 4688 971 4752 stulta
993 4688 1098 4770 gloria
1120 4689 1209 4751 intu·
1234 4662 1237 4803 ἶ
1262 4689 1432 4770 petuitatis
1447 4688 1601 4771 cogitatio
1618 4687 1834 4752 nihilominus
1852 4688 1972 4752 animis
1989 4688 2136 4753 insideat
2160 4686 2246 4765 Quis

227 4781 389 4848 mescant,
414 4772 467 4835 vcl
491 4774 688 4837 confidentia
710 4775 893 4851 exstrltcnt,
922 4773 1045 4839 morbis
1068 4784 1101 4837 ot
1123 4773 1209 4855 peri·
1263 4795 1340 4858 erge
1363 4788 1470 4856 neget,
1494 4774 1586 4838 nobis
1608 4773 1760 4837 omuibus
1782 4795 1950 4838 summum
1967 4795 2084 4857 operae
2101 4773 2248 4855 pretium

228 4859 310 4923 culis
342 4856 381 4919 ob
410 4858 519 4922 oculos
547 4860 612 4923 illis
641 4861 733 4941 ponit
763 4882 860 4942 quam
888 4860 1054 4925 instabilia
1082 4860 1208 4924 sintae
1262 4882 1348 4938 osse,
1378 4882 1445 4923 non
1475 4859 1546 4923 dico
1568 4858 1678 4923 verbis
1705 4859 1888 4935 admoneri,
1918 4859 1977 4924 sed
1998 4860 2246 4943 quibuscunque

229 4942 369 5007 evanida
391 4965 602 5027 quaecunque
628 4947 823 5010 mortalitati
852 4946 993 5011 obnoxia
1014 4955 1093 5012 sunt
1114 4944 1207 5010 bona.
1261 4948 1334 5011 fieri
1352 4954 1459 5029 potest
1477 4945 1711 5027 experimentis
1731 4946 1879 5010 convinci
1897 4944 1937 5010 de
1947 4947 2071 5012 misera
2080 4946 2248 5009 terrestris

1261 5033 1349 5098 vitae
1371 5032 1568 5096 conditione:
1598 5028 1728 5112 quando
1750 5031 1808 5096 vix
1836 5032 1976 5096 convicti
2002 5033 2102 5097 etiam
2125 5030 2247 5097 desini·

1261 5141 1335 5184 mus
1356 5138 1459 5202 prava
1480 5117 1646 5198 stultaque
1673 5117 1744 5180 eius
1767 5116 1983 5182 admiratione
2006 5119 2247 5200 obstupescere,

299 5214 785 5291 1)01imCap.XX1.§.2s-3t
1262 5225 1299 5268 ac
1332 5204 1361 5269 si
1389 5203 1539 5268 ultimam
1566 5200 1728 5266 bonorum
1760 5209 1884 5268 metam
1911 5205 1947 5268 in
1975 5227 2010 5270 se
2040 5203 2248 5269 contineret?

577 1422 729 1488 carm
751 1421 812 1486 nr.
828 1423 852 1505 1)
