4672 5842
138 376 141 382 ,
250 315 310 374 491
452 294 455 299 ’
891 303 1157 371 menstruato
1179 303 1486 376 sandrimer.
1511 307 1603 371 1559.
2183 308 2245 369 eea

250 499 480 581 indulgentiae.
520 496 607 560 Nam
628 494 714 576 quod
737 494 778 557 ad
800 493 1064 559 satisfaciendum
1085 492 1221 557 faculta-
1244 495 1248 597 )
1272 492 1525 557 satisfactionem
1552 492 1614 555 nisi
1644 492 1734 555 velut
1757 495 1933 559 arescentis
1961 504 1995 557 et
2016 494 2169 558 exhausti
2190 494 2245 559 de-

250 584 336 648 tibus
363 585 483 647 nostris
505 583 610 657 deest,
639 581 711 644 istis
736 581 840 643 suffici
862 588 1044 661 nugantur:
1078 584 1169 657 eique
1189 599 1221 642 eo
1272 579 1376 642 fectus
1410 576 1541 641 aliunde
1572 579 1762 659 suppleatur
1794 590 1827 642 et
1856 580 2060 644 sufficiatur?
2113 580 2246 645 Christe

244 671 416 753 prosiliant
446 670 592 732 insaniae
623 672 657 730 at
683 667 943 745 dispensationem
973 685 1039 728 esse
1069 665 1219 743 ‹hfiaiaat
1271 663 1326 726 lex
1348 674 1381 726 et
1402 663 1580 745 prophetae
1601 685 1723 742 omnes,
1746 666 1852 746 inquit
1869 667 1988 730 Petrus
2013 667 2101 747 (Act.
2119 672 2166 743 lo,
2179 667 2246 747 43),

248 758 430 820 meritorum
452 754 569 818 Chr-isti
590 757 617 816 et
638 758 820 832 medea-ra,
843 772 938 830 qaam
954 772 1045 831 papa
1066 752 1136 813 sais
1157 750 1221 813 tat
1272 750 1494 813 testimenium
1520 748 1709 830 perhibent,
1739 750 1825 831 qued
1851 753 2036 834 peripsum
2059 751 2248 834 accipienda

247 843 290 907 lis
305 844 453 921 partitor.
497 839 570 902 Etsi
594 843 695 901 auam
716 837 863 900 helleboro
884 839 988 917 magis
1009 857 1105 915 qaam
1127 857 1220 917 arpa-
1272 836 1315 898 sit
1341 835 1488 899 remissio
1516 848 1737 916 peecatorum:
1770 837 1995 920 indulgentiae
2021 839 2248 903 remissionem

246 928 357 991 merdis
378 926 467 1007 digai
487 930 567 995 sant,
590 929 625 986 at
641 944 702 987 aaa
723 942 872 1004 crepitum
893 943 1004 1001 operae
1020 924 1158 1001 pretium
1179 923 1220 984 sit
1271 929 1476 1002 peccatorum
1503 942 1562 1001 per
1583 921 1735 999 Petrum,
1767 923 1905 986 Paulum
1932 933 1965 987 et
1993 934 2154 1008 martyres
2182 925 2248 988 lar·

246 1019 312 1078 tam
332 1012 458 1092 frivolis
479 1009 636 1074 erroribus
659 1008 833 1087 refellendis
850 1007 1032 1084 incumbere,
1058 1008 1113 1087 qui
1136 1007 1220 1069 mul·
1272 1007 1416 1088 giunttm
1462 1004 1605 1088 Sanguis
1633 1007 1759 1071 Christi
1786 1009 1943 1072 emundat
1970 1031 2028 1073 nos
2057 1032 2077 1073 a
2103 1019 2247 1092 peccato,

246 1101 289 1162 tis
319 1097 473 1161 arietibus
508 1096 649 1177 percussi
684 1115 742 1157 sua
774 1104 887 1175 sponte
927 1113 1155 1157 consenescere
1188 1101 1221 1157 et
1271 1093 1378 1173 inquit
1406 1093 1546 1155 Ioarmes
1575 1092 1607 1173 (l
1634 1092 1748 1156 Ioann.
1778 1099 1810 1171 l,
1836 1098 1885 1177 T):
1921 1094 2143 1178 indulgentiae
2172 1117 2248 1161 san·

246 1184 489 1248 inclinationem
512 1191 656 1262 spectare
677 1180 851 1261 incipiunt,
876 1180 952 1257 qaia
973 1185 1073 1243 tamea
1095 1180 1221 1258 imperi·
1272 1179 1405 1261 guinem
1434 1187 1617 1261 martyrum
1651 1179 1776 1243 faciunt
1803 1189 2009 1262 peccatorum
2038 1183 2246 1246 ablutionem.

246 1271 288 1334 tis
319 1269 505 1349 qttibasdam
536 1267 625 1329 utilis
655 1267 713 1329 erit
738 1267 840 1328 brevis
867 1266 1026 1344 refbtatie,
1060 1285 1128 1327 eoae
1159 1286 1221 1328 rtoa
1272 1262 1433 1340 Christus,
1456 1263 1562 1344 inquit
1578 1263 1704 1328 Paulus
1721 1268 1755 1348 (2
1769 1266 1842 1329 Cor.
1864 1273 1892 1343 ὁ,
1913 1268 1978 1348 21),
2002 1269 2057 1348 qui
2079 1277 2248 1351 peecatum

246 1357 392 1419 cat-ittera.
437 1355 482 1417 Et
509 1373 587 1416 sane
615 1351 701 1434 quod
729 1351 854 1415 tamdiu
882 1351 992 1415 salvae
1014 1351 1221 1414 constiterint
1272 1371 1338 1411 non
1361 1359 1505 1427 noverat,
1536 1350 1641 1413 l'actus
1663 1371 1722 1431 pro
1746 1351 1839 1414 nobis
1862 1362 1912 1415 est
1933 1362 2105 1434 peceatmn
2127 1353 2177 1437 (id
2198 1365 2250 1418 est

246 1441 466 1522 iadalpeatioe,
495 1460 532 1502 ae
553 1440 588 1501 in
610 1450 678 1501 tam
700 1438 870 1519 impotenti
892 1448 925 1499 ct
945 1437 1068 1499 furiosa
1088 1437 1221 1499 lascivia
1272 1437 1395 1517 peccati
1428 1436 1619 1517 satisfactio)
1653 1450 1690 1498 ut
1721 1437 1847 1501 institia
1880 1438 1943 1502 Dei
1978 1441 2182 1504 efficeremur
2214 1442 2251 1504 in

248 1533 316 1590 tam
349 1525 536 1588 diuturnam
571 1525 799 1605 impunitatem
831 1522 1042 1597 retinuerint,
1077 1521 1111 1584 id
1143 1542 1220 1584 vere
1271 1520 1342 1584 illo:
1367 1520 1589 1603 indulgentiae
1611 1532 1818 1601 peccaterum
1840 1525 2092 1589 satisfactionem
2114 1527 2149 1588 in
2172 1548 2251 1590 san·

248 1611 440 1676 documento
474 1632 543 1673 esse
574 1620 680 1691 potest
713 1630 811 1690 quam
844 1609 911 1671 alta
943 1630 1091 1671 errorum
1124 1618 1220 1671 nocte
1272 1608 1370 1690 guine
1403 1622 1589 1690 martyrum
1626 1619 1797 1687 reponunt.
1854 1610 2027 1676 Clamabat
2057 1612 2183 1676 Paulus
2217 1627 2252 1676 et

247 1697 391 1760 immersi
414 1697 535 1759 fuerint
556 1695 679 1777 aliq'uot
700 1694 837 1759 saeculis
860 1694 1016 1757 homines.
1054 1692 1220 1756 Videbant
1272 1691 1454 1756 Corinthiis
1476 1693 1713 1756 testificabatur
1734 1695 1766 1777 (l
1789 1694 1863 1759 Cor.
1886 1701 1912 1772 l,
1938 1700 2001 1779 13),
2024 1697 2129 1760 solum
2149 1696 2251 1762 Chri·

247 1805 281 1847 so
300 1805 319 1845 a
337 1804 421 1863 papa
438 1783 550 1845 etsuis
567 1781 771 1865 bulligorulis
784 1781 807 1861 ¹)
820 1780 929 1861 palam
940 1801 1000 1843 nec
1012 1778 1220 1843 dissimulan-
1272 1787 1360 1842 stum
1381 1798 1440 1858 pro
1462 1778 1542 1858 ipsis
1565 1780 1758 1843 crucifixum
1783 1795 1816 1843 et
1837 1792 2006 1845 mortuum
2027 1804 2111 1848 esse:
2139 1783 2251 1848 indul·

245 1877 298 1932 ter
327 1867 465 1932 ludibrio
495 1867 623 1943 haberi3
657 1876 867 1948 quaestuosas
894 1865 1148 1939 nundinationes
1181 1864 1221 1927 de
1272 1865 1401 1947 gantiae
1418 1865 1643 1945 pronuntiant,
1666 1865 1809 1929 Paulmn
1830 1877 1863 1930 et
1881 1868 1962 1932 alios
1980 1890 2038 1949 pre
2055 1868 2149 1934 nobis
2161 1891 2251 1934 mer·

246 1956 431 2018 animarum
453 1975 587 2016 sumum
610 1952 713 2016 salute
732 1952 889 2028 exerceri;
913 1950 1060 2032 pauculis
1077 1951 1221 2013 nummis
1272 1958 1352 2013 tuos.
1381 1949 1468 2013 Alibi
1488 1950 1576 2032 (Aet.
1598 1959 1647 2026 20,
1668 1953 1724 2033 20⁴)
1742 1951 1830 2028 dicit,
1849 1952 2019 2017 Christum
2037 1956 2251 2036 acquisivisse

246 2040 361 2104 salutis
394 2040 535 2120 pretium
568 2038 691 2115 taxari;
731 2038 813 2102 nihil
846 2039 1026 2120 gratuitum
1058 2048 1220 2117 prostare;
1272 2035 1442 2100 ecelesiam
1466 2056 1525 2098 suo
1547 2036 1721 2118 sanguine:
1751 2038 1974 2120 indulgentiae
1996 2040 2084 2103 aliud
2107 2043 2250 2122 pret-ium

246 2126 308 2190 hac
331 2127 437 2207 speeie
459 2126 591 2207 emungi
614 2145 649 2187 se
671 2124 901 2201 oblationibus,
935 2143 1018 2204 quae
1045 2123 1081 2184 in
1103 2129 1219 2198 scorta,
1272 2121 1494 2202 acquisitionis
1521 2122 1555 2184 in
1578 2131 1761 2205 martyrum
1788 2126 1947 2207 sanguine
1969 2134 2128 2190 statuunt
2175 2128 2251 2193 Una

245 2212 280 2275 in
299 2212 440 2287 lenones,
464 2211 499 2272 in
521 2211 771 2287 comessationes
792 2210 931 2290 turpiter
952 2209 1219 2285 absumerentur3
1272 2206 1434 2271 oblatione
1453 2206 1605 2271 Christus
1627 2211 1866 2274 consummavit
1886 2212 1922 2273 in
1939 2225 2134 2294 perpetuum
2156 2235 2249 2279 sanc·

246 2317 390 2360 summos
412 2295 691 2379 indulgentiarum
715 2296 953 2369 buccinatores,
983 2314 1126 2357 summos
1150 2315 1220 2357 esse
1271 2294 1424 2369 tificatos,
1454 2292 1500 2354 ait
1521 2294 1686 2374 apestolus
1709 2294 1825 2377 (Hebr.
1853 2299 1994 2378 10‚14):
2023 2298 2249 2381 indulgentiae

246 2390 497 2462 contemptores;
520 2391 702 2445 monstrum
724 2380 812 2444 istud
835 2381 950 2444 maiori
974 2381 1008 2442 in
1030 2379 1098 2443 dies
1121 2379 1219 2442 licen·
1271 2379 1460 2454 reclamant,
1479 2380 1711 2462 amartyribus
1723 2382 1834 2462 perfici
1846 2384 2145 2459 sanctificationem,
2165 2407 2248 2466 quae

245 2469 293 2532 tia
326 2467 466 2549 grassari
501 2489 538 2531 ac
571 2467 744 2543 luxuriari,
778 2488 838 2531 nee
869 2468 969 2530 finem
996 2465 1102 2528 ullmn
1130 2465 1218 2542 fieri3
1271 2465 1391 2546 alioqui
1419 2484 1484 2527 non
1514 2465 1685 2530 sufficeret.
1729 2466 1871 2532 Ioannes
1898 2468 1977 2532 dicit
1999 2470 2113 2552 (Apoc.
2136 2475 2171 2548 7,
2193 2469 2247 2555 14)

246 2554 417 2637 plumbum
435 2575 564 2636 semper
579 2575 700 2617 novum
713 2554 832 2627 atl'erri,
851 2573 952 2617 novos
969 2569 1120 2615 nummos
1137 2551 1219 2616 elici.
1272 2562 1401 2615 sanctos
1429 2570 1542 2613 omnes
1565 2551 1685 2615 lavisse
1713 2552 1813 2616 stelas
1835 2555 1870 2617 in
1892 2556 2052 2638 sanguine
2074 2557 2166 2639 agni:
2195 2558 2247 2620 in·

176 2639 182 2652 ⁴
245 2639 463 2721 Exeipiebant
484 2650 595 2702 tamen
617 2661 744 2703 summa
761 2639 970 2702 veneratione
989 2636 1220 2719 indulgentias,
1272 2635 1459 2719 dulgentiae
1490 2635 1607 2701 decent
1634 2637 1746 2702 lavare
1773 2639 1873 2704 stolas
1898 2641 1933 2704 in
1962 2643 2123 2724 sanguine
2151 2664 2246 2707 sano·

246 2723 435 2799 adorabant,
459 2725 677 2803 redimebant;
706 2736 739 2788 et
760 2726 814 2805 qui
837 2725 1013 2788 cernebant
1034 2725 1120 2786 inter
1141 2723 1221 2786 alies
1272 2732 1388 2786 terum.

246 2813 383 2885 acutius,
407 2812 639 2876 existimabant
661 2821 771 2896 tamen
792 2812 864 2893 pias
886 2832 956 2874 esse
978 2809 1118 2884 fraudes,
1149 2810 1220 2890 qui·
1358 2812 1386 2872 3.
1432 2807 1604 2871 Praeclare
1626 2808 1783 2874 adversus
1809 2810 1888 2875 haec
1910 2812 2082 2895 sacrilegia
2103 2814 2173 2878 Leo
2194 2836 2248 2879 ro-

247 2898 307 2962 bus
334 2920 408 2962 cum
435 2899 543 2962 fructu
571 2897 677 2978 aliquo
704 2896 772 2960 falli
800 2904 940 2978 possent.
986 2893 1133 2958 Tandem
1164 2893 1220 2957 ubi
1271 2914 1390 2957 manus
1412 2894 1581 2975 episcopus
1601 2894 1642 2957 ad
1663 2896 1880 2961 Palaestines:
1895 2896 1918 2980 ¹)
1941 2901 2104 2979 quamvis,
2132 2902 2248 2982 inquit,

245 2983 332 3046 erbis
355 2984 558 3063 aliquantum
580 2981 642 3047 sibi
665 3003 777 3064 sapere
795 2983 951 3064 permisit,
974 2982 1095 3063 frigent
1111 2978 1220 3043 indul·
1272 2980 1449 3044 multorum
1477 2990 1667 3045 sanctorum
1693 2983 1729 3044 in
1751 3001 1925 3064 conspectu
1947 2983 2082 3049 Domini
2107 2989 2250 3068 pretiosa

246 3069 384 3150 gantiae,
403 3076 436 3132 et
453 3069 610 3151 paulatim
629 3070 728 3132 etiaun
748 3069 989 3152 congelascunt,
1007 3063 1107 3131 donec
1124 3066 1221 3147 plane
1271 3087 1359 3129 mors
1377 3066 1484 3142 fuerit,
1508 3065 1630 3130 nullius
1642 3075 1753 3130 tamen
1770 3070 1908 3133 insontis
1925 3071 2043 3135 occisio
2063 3074 2250 3154 propitiatio

246 3162 451 3218 evanescant.
1271 3152 1333 3215 fuit
1355 3150 1478 3214 mundi
1524 3152 1687 3233 Accepere
1710 3154 1803 3232 iusti,
1833 3176 1901 3219 non
1923 3155 2084 3221 dederunt
2106 3180 2249 3238 coronas,

331 3243 359 3301 2.
406 3239 530 3302 Verum
553 3241 705 3319 quomam
724 3239 867 3320 plurimi,
889 3240 945 3320 qui
967 3237 1088 3315 sordes,
1118 3237 1220 3318 impo-
1272 3250 1306 3302 et
1338 3238 1378 3301 de
1410 3237 1600 3301 fortitudine
1627 3238 1772 3303 fidelium
1802 3254 1881 3305 nata
1909 3252 1987 3308 sunt
2013 3245 2166 3327 exempla
2192 3268 2250 3328 pa·

246 3331 362 3400 sturas,
385 3325 482 3400 furta,
506 3327 698 3405 rapacitates
723 3325 857 3407 (quibus
880 3325 1030 3388 luserunt
1051 3323 1219 3400 haetenus,
1271 3324 1414 3398 fiendae,
1437 3345 1502 3385 non
1515 3322 1771 3403 denaiustitiae3
1793 3327 1976 3409 singulares
1998 3330 2120 3411 quippe
2137 3352 2265 3413 eorum,

245 3418 280 3473 et
301 3432 360 3474 nos
382 3409 540 3473 ludificati
562 3418 641 3473 sunt
661 3410 921 3492 indulgentiarii)
946 3408 1072 3486 vident,
1099 3411 1220 3472 tentem
1271 3420 1393 3473 mortes
1414 3410 1514 3485 fuere,
1538 3430 1597 3473 nec
1618 3410 1751 3475 alterius
1771 3414 1933 3494 quispiam
1951 3413 2097 3479 debitum
2112 3438 2172 3481 sue
2184 3420 2249 3482 fine

246 3496 354 3576 ipsum
382 3497 558 3575 impictatis
584 3517 651 3558 non
680 3496 896 3576 conspiciunt,
930 3516 1047 3578 operae
1080 3496 1220 3576 pretium
1271 3496 1441 3577 persolvit:
1469 3517 1570 3576 quum
1598 3518 1682 3561 unus
1710 3500 1873 3562 exstiterit
1900 3500 2063 3565 Dominus
2087 3502 2249 3580 Christus,

246 3590 296 3645 est
329 3581 473 3644 iudicare
507 3602 573 3643 non
606 3582 712 3645 solum
745 3581 858 3662 quales
890 3582 959 3644 sint
984 3580 1219 3664 indulgentiae,
1271 3583 1306 3645 in
1324 3603 1387 3663 quo
1405 3602 1517 3644 omnes
1535 3583 1690 3660 crucifixi,
1713 3603 1826 3648 omnes
1844 3587 1974 3663 mortui,
1993 3588 2124 3668 sepulti,
2147 3591 2248 3654 susei-

244 3665 302 3731 sed
324 3666 401 3747 quid
423 3668 557 3730 omnino
575 3667 650 3742 sint,
673 3668 761 3731 omni
781 3669 907 3733 macula
925 3668 1098 3732 abstersae.
1133 3667 1220 3730 The·
1272 3669 1341 3731 tati.
1386 3665 1496 3746 Quam
1518 3669 1732 3746 sententiam,
1761 3680 1798 3732 ut
1819 3677 1891 3734 erat
1912 3674 2147 3751 memorabilis,
2171 3674 2248 3738 alibi

243 3773 378 3816 starum
400 3753 554 3817 ecclesiae
576 3761 707 3831 vocant,
731 3752 855 3818 Christi
878 3771 910 3818 et
932 3762 1120 3817 sanctorum
1142 3773 1219 3834 apo·
1271 3774 1397 3837 queque
1418 3755 1594 3835 repetiit.²)
1637 3755 1731 3818 Nihil
1752 3764 1839 3820 certe
1861 3756 1981 3823 clarius
2003 3759 2045 3823 ad
2062 3759 2248 3824 confodien-

244 3839 403 3902 stolorum
427 3847 675 3923 martyrumque
697 3840 822 3904 merita.
867 3840 978 3904 Huius
1001 3840 1115 3903 horrei·
1132 3837 1220 3901 radi·
1272 3839 1351 3903 dum
1372 3840 1511 3921 impium
1535 3839 1595 3902 hoc
1617 3839 1736 3923 dogma
1757 3840 1934 3907 desiderari
1958 3854 2063 3926 queat
2108 3845 2177 3908 Nec
2197 3855 2247 3909 ta-

243 3925 347 3988 calem
368 3924 550 3989 custodiam
572 3925 621 4008 (at
643 3925 746 4009 attigi)
776 3947 910 3990 romano
938 3920 1086 4007 episeopo
1115 3923 1219 3987 tradi·
1272 3945 1349 3988 men
1374 3926 1485 3987 minus
1512 3926 1657 4006 apposite
1679 3929 1884 4010 Augustinus
1893 3929 1921 4013 ⁸)
1949 3931 1984 3994 in
2011 3929 2147 3995 eandem
2171 3952 2248 3994 sen-

243 4016 311 4073 tam
346 4012 489 4093 fingunt,
524 4032 623 4092 penes
657 4033 754 4093 quom
789 4012 834 4076 sit
867 4021 1033 4076 tantorum
1061 4011 1219 4075 bonorum
1273 4012 1423 4074 tentiam:
1452 4012 1514 4074 etsi
1535 4011 1662 4087 frah-es,
1684 4014 1801 4096 inquit,
1823 4035 1883 4096 pre
1904 4016 2059 4081 l'ratribus
2078 4017 2248 4095 morimur,

244 4093 456 4177 dispensatio,
498 4107 534 4159 ut
565 4106 599 4160 et
629 4099 699 4178 ipse
730 4119 789 4180 per
821 4120 856 4162 se
890 4098 1021 4181 elargiri
1053 4097 1154 4178 possit
1187 4104 1220 4159 et
1272 4096 1396 4159 nullius
1425 4106 1536 4160 tamen
1567 4100 1702 4180 sanguis
1729 4103 1885 4184 martyris
1913 4103 1948 4166 in
1969 4110 2176 4183 peecatorum
2197 4124 2250 4167 re-

243 4180 425 4264 elargiendi
448 4180 704 4247 iurisdictionem
727 4184 798 4248 aliis
821 4182 979 4267 delegare.
1020 4183 1109 4247 Hinc
1131 4202 1220 4245 nunc
1273 4183 1461 4247 missionem
1482 4182 1647 4261 funditur,
1676 4185 1762 4266 quod
1789 4188 1865 4252 fecit
1887 4187 2041 4253 Christus
2060 4209 2119 4270 pro
2141 4189 2250 4269 nobis;

242 4267 410 4350 plenariae
432 4267 655 4350 indulgentiae
683 4292 703 4333 a
724 4292 823 4352 papa,
853 4290 943 4332 nune
969 4280 1133 4333 certorum
1161 4287 1219 4329 an·
1272 4289 1377 4350 neque
1398 4269 1433 4331 in
1454 4269 1515 4332 hoe
1536 4270 1621 4351 quod
1643 4272 1857 4349 imitaremur,
1880 4274 1939 4338 sed
1960 4273 2046 4356 quod
2068 4276 2250 4358 gratulare-

243 4372 377 4430 norum;
406 4354 682 4431 acardinalibus,
704 4366 836 4419 eentum
859 4355 1001 4430 diernm;
1030 4354 1069 4417 ab
1098 4353 1219 4434 episce-
1272 4375 1347 4417 mur
1374 4355 1513 4419 eontulit
1533 4357 1636 4420 nobis.
1681 4359 1767 4423 Item
1789 4359 1918 4441 alibi:⁴)
1948 4362 2033 4426 siout
2054 4362 2141 4426 selus
2162 4363 2251 4426 filius

241 4439 302 4521 pis,
327 4440 551 4522 quadraginta.
592 4440 680 4505 Sunt
701 4448 811 4504 autem
832 4439 907 4503 illae
930 4441 982 4521 (ut
999 4440 1141 4523 genuine
1164 4437 1219 4503 de-
1273 4439 1338 4503 Dei
1370 4441 1476 4505 factus
1503 4453 1554 4506 est
1580 4443 1668 4508 filius
1690 4445 1846 4522 hominis,
1877 4455 1914 4509 ut
1941 4469 2000 4511 nos
2029 4468 2140 4512 secum
2166 4449 2250 4512 filios

242 4527 397 4607 scribam)
431 4527 602 4608 sanguinis
636 4525 761 4591 Christi
793 4527 989 4607 profanatio,
1022 4536 1220 4607 satanaeque
1272 4525 1338 4591 Dei
1360 4528 1496 4605 faceret,
1519 4529 1566 4593 ita
1587 4551 1646 4613 pro
1669 4532 1762 4596 nobis
1784 4531 1873 4595 solus
1895 4534 2041 4615 suscepit
2062 4535 2133 4598 sine
2156 4534 2251 4597 malis

242 4609 434 4688 ludibrium,
463 4633 526 4693 quo
554 4612 768 4676 christianum
795 4610 952 4693 populum
976 4632 996 4673 a
1016 4611 1082 4676 Dei
1103 4611 1218 4694 gratia,
1273 4613 1399 4678 meritis
1421 4635 1577 4695 poenam,
1606 4627 1644 4679 ut
1671 4639 1732 4682 nos
1759 4640 1819 4700 per
1845 4619 1954 4701 ipsum
1975 4621 2046 4684 sine
2067 4620 2160 4683 bonis
2181 4641 2250 4683 me-

242 4699 456 4780 a'vitaquae
480 4699 585 4762 estin
608 4697 741 4762 Christo
764 4697 942 4776 abducant,
971 4705 1004 4762 et
1025 4721 1045 4762 a
1067 4719 1145 4762 vera
1167 4718 1219 4761 sa-
1273 4700 1345 4764 ritis
1378 4721 1651 4783 consequeremur
1682 4704 1861 4769 indebitam
1894 4706 2043 4787 gratiam.
2088 4703 2250 4786 Equidem

241 4781 320 4847 lutis
348 4784 402 4847 via
431 4793 588 4847 avertant.
635 4781 702 4862 Qut
730 4785 819 4848 enim
845 4794 972 4866 poterat
998 4783 1122 4849 foedius
1144 4803 1219 4865 pro-
1272 4805 1374 4867 quum
1402 4795 1472 4851 tota
1499 4809 1612 4852 eorum
1634 4787 1783 4854 doctrina
1810 4811 1851 4854 ex
1877 4791 2051 4856 horrendis
2072 4791 2250 4873 sacrilegiis

242 4869 348 4933 fanari
371 4868 495 4932 Christi
519 4870 662 4953 sanguis,
688 4871 887 4954 quemdum
908 4879 1049 4955 negatur
1070 4870 1219 4934 sufficere
1273 4879 1306 4934 et
1335 4873 1545 4956 blasphemiis
1574 4884 1711 4940 consuta
1738 4877 1794 4954 sit,
1823 4876 1904 4942 haec
1932 4888 2044 4942 tamen
2072 4898 2150 4961 prae
2178 4877 2250 4942 aliis

243 4951 285 5016 ad
308 4962 515 5035 peccaterum
533 4957 766 5035 remissionem,
790 4956 832 5021 ad
849 4958 1154 5034 reconciliationem,
1178 4952 1220 5018 ad
1834 5003 1842 5015 .

1273 5045 1446 5053 ——--—-

1245 5152 1247 5225 l
1343 5162 1371 5229 l)
1388 5165 1475 5232 Epist.
1494 5163 1536 5215 81.
1618 5165 1647 5226 2)
1667 5168 1753 5235 Epist.
1773 5166 1814 5220 95.
1889 5167 1920 5228 3)
1940 5168 2027 5220 Tract.
2049 5169 2077 5220 in
2095 5170 2189 5222 Ioann
2208 5166 2249 5221 84.

312 5226 340 5290 l)
361 5228 435 5280 Edd.
455 5225 628 5280 1592-1654
645 5231 729 5282 male:
748 5231 919 5298 belligerulis.
1245 5242 1247 5265 ²
1273 5229 1304 5297 4)
1323 5233 1396 5284 Libr.
1415 5231 1440 5284 4.
1459 5232 1494 5284 ad
1511 5234 1600 5286 Bonis.
1618 5233 1683 5289 (5.4.
