4672 5842
122 1499 449 1585 PRAECIPUA
472 1505 679 1589 CAPITA
702 1507 902 1589 EORUM
923 1502 1078 1592 QUAE
1099 1502 1161 1585 IN
1185 1504 1301 1587 HOC
1322 1506 1728 1590 INSTITUTIONIS
1750 1508 2136 1597 CHRISTIANAE

828 1641 1012 1726 OPERE
1034 1642 1439 1726 CONTINENTUR.

989 1828 1103 1876 111110.
2022 1835 2136 1886 111011.

10 1924 12 1956 ÷
124 1894 159 1946 de
178 1895 368 1965 Abnegatioue
385 1901 472 1953 nostri
494 1938 973 1954 ............
1008 1896 1033 1961 3,
1088 1894 1103 1947 7
1156 1899 1189 1949 111·
1207 1899 1292 1951 idolis
1348 1941 2003 1955 ................
2021 1904 2137 1957 1.11.12

122 1980 159 2033 de
177 1981 255 2034 Adae
273 1983 350 2053 lapsu
406 2023 972 2040 ..............
1008 1981 1033 2047 2,
1087 1982 1102 2034 l
1155 1985 1188 2037 de
1207 1986 1311 2037 Ieiunia
1347 2026 2003 2041 ................
2040 1990 2064 2053 4,
2103 1988 2137 2041 12

122 2065 159 2119 dc
178 2068 291 2137 Angelis
317 2109 972 2127 ................
1010 2069 1032 2131 1,
1071 2066 1104 2119 14
1154 2071 1187 2122 de
1207 2073 1268 2123 lesu
1287 2072 1395 2124 nomine
1433 2110 1918 2126 ............
1930 2114 1962 2143 ‚.
1999 2115 2004 2126 .
2040 2074 2064 2130 2.
2102 2074 2136 2129 15

122 2152 299 2208 (ladscense
317 2156 419 2209 Christi
436 2159 466 2210 in
483 2160 587 2211 coelum
620 2195 972 2212 .........
1004 2154 1033 2219 ’2,
1070 2153 1104 2206 16
1154 2157 1187 2209 de
1206 2157 1326 2225 imagine
1345 2158 1394 2210 Dei
1431 2197 2002 2212 ..............
2042 2160 2064 2224 1,
2102 2160 2135 2215 lb

125 2238 161 2290 de
179 2240 318 2309 Baptismo
359 2281 972 2297 ...............
1008 2239 1033 2304 4,
1070 2237 1103 2291 15
1155 2243 1304 2311 Imaginem
1322 2243 1379 2296 Dea
1397 2243 1533 2312 affingere,
1552 2244 1627 2296 nefas
1647 2260 1706 2297 esse
1738 2281 2005 2299 .......
2042 2248 2064 2309 1,
2101 2246 2134 2300 11

125 2324 161 2377 de
180 2324 297 2380 (inritato
322 2331 437 2397 proximi
492 2366 972 2384 ............
1007 2326 1032 2383 2.
1086 2326 1104 2377 8
1157 2330 1189 2381 dc
1208 2330 1385 2396 impositione
1403 2347 1529 2382 manuum
1565 2369 2003 2384 ...........
2039 2331 2063 2387 4.
2102 2332 2135 2385 19

124 2410 160 2463 de
178 2410 317 2466 Coclibatu
336 2416 506 2469 sacerdotnm
534 2451 972 2469 ...........
1007 2410 1033 2475 4,
1069 2410 1103 2462 12
1155 2415 1189 2466 de
1207 2415 1386 2483 Indulgent-iis
1435 2454 2003 2470 ..............
2039 2418 2064 2484 3,
2117 2418 2135 2473 5

121 2496 159 2549 1111
177 2498 267 2551 Coena
285 2499 386 2554 Christi
405 2536 971 2556 ..............
1006 2496 1032 2559 4,
1070 2495 1102 2547 17
1154 2501 1187 2553 dc
1206 2501 1316 2553 Iudiciis
1334 2501 1485 2553 forensibus
1519 2539 1830 2553 ........
1865 2508 1873 2553 “.
1911 2541 1917 2555 .
1954 2542 1961 2555 ,
1998 2544 2004 2556 ,
2040 2503 2065 2567 4,
2100 2505 2136 2559 20

121 2583 158 2636 de
176 2584 303 2638 conciliis
321 2594 349 2639 ct
367 2605 461 2640 eorum
478 2590 625 2657 autoritate
666 2623 973 2642 ........
1008 2581 1033 2646 4,
1086 2582 1102 2633 9
1153 2587 1186 2639 de
1205 2589 1361 2640 iuramento
1389 2624 2003 2642 ...............
2040 2590 2064 2654 2,
2117 2591 2136 2645 8
2230 2574 2234 2585 ’

110 2666 707 2743 ι(11(111111εεί61101111111111011111111110110110
750 2709 971 2726 ......
1007 2668 1032 2733 3,
1085 2666 1103 2718 4
1154 2674 1188 2725 de
1206 2673 1400 2726 luctificatione
1418 2674 1480 2727 fidei
1523 2711 2005 2727 ............
2039 2675 2065 2733 3,
2102 2676 2134 2729 11

122 2755 158 2809 de
179 2754 388 2812 Continuatione
407 2762 497 2828 papali
532 2795 970 2814 ...........
1006 2753 1031 2819 4
1070 2752 1102 2804 19
1154 2760 1187 2813 de
1206 2760 1407 2812 Iustilieatiouis
1424 2760 1503 2812 initio
1522 2766 1551 2812 et
1568 2773 1714 2827 progressu
1736 2797 2002 2813 .......
2039 2760 2063 2825 3,
2101 2759 2136 2815 14

123 2841 158 2893 de
176 2840 347 2897 conscientia
406 2881 973 2900 ..............
1008 2839 1034 2909 3,
1070 2838 1103 2891 19
1153 2846 1180 2898 iu
1200 2846 1394 2898 iustificatione
1413 2863 1482 2914 quae
1501 2843 1671 2899 observanda
1692 2883 2002 2898 ........
2037 2846 2063 2911 3,
2101 2846 2136 2900 13

122 2926 248 2981 Christus
266 2931 302 2982 ad
318 2932 383 2999 quid
400 2934 498 2986 missus
532 2967 971 2986 ...........
1007 2925 1031 2987 2,
1068 2923 1102 2977 15
1154 2932 1187 2985 de
1206 2933 1278 2999 Lege
1304 2968 2002 2984 .................
2038 2932 2062 2997 2,
2117 2932 2134 2987 i

122 3013 159 3065 de
177 3014 277 3068 Christi
295 3017 439 3072 diuinitate
493 3053 972 3073 ............
1008 3012 1032 3071 2,
1069 3009 1103 3063 14
1154 3018 1188 3070 de
1205 3019 1286 3087 Legis
1303 3020 1356 3071 fine
1375 3018 1462 3070 officio
1481 3023 1509 3069 ct
1527 3033 1577 3069 usu
1609 3054 2002 3071 ...........
2051 3019 2116 3072 ibid.

123 3102 258 3167 quomodo
277 3102 379 3156 Christi
396 3122 513 3173 persona
530 3124 584 3159 una
601 3107 638 3158 sit
657 3107 686 3158 in
703 3104 807 3157 duabus
825 3100 930 3154 nataris
965 3138 971 3151 .
1007 3097 1031 3157 2,
1068 3097 1103 3149 14
1154 3106 1234 3172 Legis
1252 3104 1363 3157 moralis
1382 3103 1528 3172 explicatio
1561 3140 1827 3154 .......
1834 3088 1871 3155 “.
1910 3143 1916 3155 .
1953 3143 1959 3155 .
1996 3143 2002 3155 .
2039 3104 2063 3168 2,
2116 3102 2135 3158 8

122 3184 156 3236 de
176 3184 277 3239 Christi
295 3189 426 3243 descensu
443 3191 478 3244 ad
495 3193 597 3245 inieras
621 3225 971 3245 .........
1007 3183 1032 3247 9,
1069 3182 1103 3235 16
1154 3192 1188 3243 de
1206 3192 1323 3259 Legibus
1348 3226 2003 3243 ................
2039 3188 2064 3257 4,
2099 3188 2136 3243 20

124 3274 260 3339 quomodo
278 3275 402 3329 Christus
419 3278 553 3332 mediator
578 3311 971 3331 ..........
1007 3269 1031 3335 2,
1068 3269 1102 3321 12
1154 3277 1187 3330 de
1207 3278 1305 3329 Libero
1324 3277 1439 3329 arbitrio
1480 3313 2003 3327 .............
2041 3276 2063 3340 1,
2101 3274 2136 3331 lb

123 3356 264 3411 Christum
282 3364 359 3415 nabis
376 3365 503 3417 meritum
521 3382 581 3418 esse
599 3366 684 3417 vitam
702 3368 840 3415 aeternam
879 3398 885 3411 .
922 3397 928 3410 .
965 3396 971 3408 .
1007 3354 1032 3419 2,
1069 3354 1101 3406 17
1995 3367 2023 3414 et
2039 3360 2063 3423 2,
2082 3360 2135 3414 26

122 3443 252 3495 (1111161111
270 3449 409 3515 propheta,
427 3468 476 3504 rex
494 3458 521 3505 at
539 3451 665 3504 sacerdos
706 3483 970 3502 .......
1007 3442 1032 3506 2,
1069 3439 1102 3493 15
1153 3449 1186 3500 de
1205 3449 1346 3501 Libertate
1364 3446 1512 3499 christiam}
1564 3483 2003 3499 ···········
2040 3446 2064 3509 3,
2101 3447 2134 3502 19

122 3528 161 3581 de
181 3527 273 3581 Crucis
296 3533 438 3588 tolerantia
490 3570 971 3592 ............
1006 3528 1031 3592 9,
1084 3526 1102 3580 8
1154 3534 1187 3585 de
1206 3535 1379 3607 Matrimonia
1432 3569 2001 3585 ..............
2038 3533 2063 3591 4.
2100 3532 2134 3587 19

52 3618 87 3693 [l
119 3615 158 3668 de
176 3614 227 3666 Dei
247 3617 344 3670 notitia
363 3656 970 3678 ...............
1008 3615 1031 3679 1,
1056 3614 1099 3666 lc·
1153 3621 1186 3673 de
1205 3621 1355 3672 Mediatore
1373 3619 1482 3671 Christo
1519 3655 2001 3671 ............
2039 3619 2062 3684 2,
2100 3619 2134 3673 12
2188 3668 2193 3677 ,

10 3764 12 3777 Ι
119 3703 248 3771 cognosci
268 3703 355 3755 Deum
372 3708 530 3763 naturaliter
548 3713 581 3763 ab
599 3711 727 3763 omnibns
747 3742 969 3760 ......
1006 3700 1030 3765 1,
1083 3698 1100 3752 3
1153 3702 1193 3758 ex'
1204 3706 1329 3759 Mercede
1348 3705 1417 3757 male
1436 3704 1526 3772 colligi
1545 3719 1656 3771 operum
1679 3701 1810 3754 iustitiam
1863 3743 1869 3756 .
1905 3744 1912 3756 .
1949 3744 1955 3756 .
1992 3746 1998 3757 .
2034 3706 2059 3763 3,
2096 3706 2130 3759 18

120 3789 241 3857 cognitio
259 3790 308 3841 Dei
328 3807 456 3858 quorsum
473 3795 566 3847 tendat
616 3828 969 3849 .........
1007 3787 1030 3847 1,
1083 3786 1101 3838 2
1152 3793 1185 3844 de.
1204 3793 1309 3844 Meritis
1328 3808 1440 3858 operum
1475 3827 1998 3843 .............
2035 3789 2058 3844 3.
2097 3790 2130 3844 15

119 3876 174 3928 Dei
196 3876 377 3944 cognitionem
402 3878 524 3931 suffocari
542 3882 583 3933 rcl
608 3882 714 3934 inscitia
736 3880 780 3932 rel
803 3877 906 3929 malitia
924 3874 971 3926 ho·
1151 3879 1184 3930 de
1203 3879 1286 3930 Missa
1304 3877 1393 3945 papali
1430 3912 1997 3929 ..............
2033 3877 2058 3941 4,
2096 3877 2130 3931 18

227 3963 330 4014 minum
360 4000 968 4020 ...............
1005 3958 1029 4021 1,
1081 3957 1100 4010 4
1151 3965 1184 4016 de
1203 3964 1365 4016 Manaehntu
1389 3998 1997 4015 ...............
2033 3962 2058 4025 4,
2096 3964 2129 4017 13

123 4048 158 4100 de
177 4048 254 4101 unica
271 4050 322 4102 Dei
340 4050 460 4102 essentia
477 4056 505 4101 01
522 4052 609 4104 tribus
626 4054 749 4120 personis
790 4086 969 4104 .....
1007 4044 1029 4107 l,
1067 4042 1100 4096 13
1150 4049 1184 4101 de
1202 4050 1291 4101 Morte
1310 4048 1411 4100 Christi
1430 4084 1997 4101 ..............
2034 4050 2058 4115 2,
2096 4049 2129 4103 16

122 4135 269 4203 impiorum
287 4136 415 4203 operibus
434 4136 569 4203 quomoda
587 4142 678 4190 utatur
695 4140 768 4193 Deus
791 4172 968 4190 .....
1006 4129 1029 4194 1,
1067 4128 1100 4181 18
1151 4134 1279 4187 Mundam
1292 4152 1308 4186 a
1322 4134 1378 4186 Deo
1394 4133 1532 4185 conditum
1551 4133 1585 4183 ab
1603 4132 1697 4183 eodem
1710 4130 1796 4182 foveri
1810 4132 1997 4199 aegubcnnui
2035 4137 2058 4201 1,
2095 4134 2129 4189 16
2181 4158 2184 4163 ·

122 4221 158 4273 de
178 4221 297 4273 Diabolis
315 4257 967 4276 ................
1006 4217 1028 4280 l,
1065 4213 1100 4267 14
1150 4220 1184 4272 de
1202 4220 1296 4273 Mundi
1313 4220 1508 4289 gubernatione
1557 4256 1995 4273 ...........
2045 4222 2110 4275 ibid.

122 4307 159 4359 de
178 4306 297 4360 Ecclesia
316 4344 967 4361 ................
1003 4301 1028 4364 4,
1083 4301 1098 4352 1
1151 4306 1184 4357 dc
1203 4307 1332 4359 Oratione
1385 4343 1651 4357 .......
1688 4314 1694 4355 ’.
1731 4342 1997 4357 .......
2033 4304 2057 4371 3,
2093 4306 2129 4381 ffl

122 4393 261 4446 Ecclesiae
279 4411 360 4447 retae
379 4401 406 4446 ct
423 4394 507 4445 falsae
526 4394 693 4461 comparatio
747 4431 967 4446 ......
1003 4391 1029 4449 4,
1082 4388 1099 4440 2
1151 4393 1185 4444 de
1203 4392 1350 4445 Ordinibus
1369 4390 1556 4443 ecelesiasticis
1574 4405 1661 4459 papae
1689 4427 1997 4443 ........
2033 4390 2058 4447 4,
2095 4390 2129 4445 19

122 4481 159 4533 de
178 4480 313 4533 Ecclesiae
331 4480 516 4532 iurisdictione
535 4488 563 4530 et
581 4478 723 4548 discipline
747 4517 964 4531 ......
983 4475 1100 4539 4,11.12
1150 4478 1184 4530 de
1202 4479 1304 4531 Ordine
1323 4488 1350 4528 et
1367 4476 1525 4529 ministeriis
1544 4476 1673 4529 ecclesiae
1686 4512 1995 4529 ........
2031 4476 2058 4540 4,
2110 4475 2129 4531 3

122 4574 158 4626 de
178 4569 313 4622 Ecclesiae
331 4574 466 4635 potestate
485 4564 574 4634 quoad
592 4564 808 4633 legesiercndas
834 4604 839 4616 .
877 4603 883 4616 .
919 4603 925 4616 .
961 4603 967 4615 .
1004 4561 1029 4626 4,
1066 4560 1100 4613 10
1152 4564 1185 4615 dc
1204 4563 1432 4630 Paedobaptisuia
1474 4601 1480 4613 .
1517 4602 1523 4614 .
1560 4602 1566 4614 .
1603 4602 1609 4614 .
1646 4582 1689 4623 ..μὴ
1688 4598 1998 4614 ........
2033 4561 2058 4623 4,
2095 4562 2129 4617 16

120 4659 159 4710 de
177 4654 312 4707 Ecclesiae
331 4659 466 4721 potestate
484 4650 573 4720 quoad
590 4650 653 4702 fidei
672 4649 799 4718 dogmata
835 4690 841 4702 .
877 4689 883 4702 .
920 4689 926 4701 .
962 4689 968 4700 .
1003 4647 1028 4712 4,
1083 4646 1100 4700 8
1151 4650 1185 4701 de
1202 4650 1346 4701 Pastorum
1365 4647 1495 4700 electione
1513 4655 1542 4701 et
1559 4646 1647 4701 officio
1688 4684 1955 4699 .......
1969 4668 1997 4699 ·.
2033 4648 2058 4705 4,
2111 4649 2129 4703 3

121 4745 159 4796 de
178 4741 278 4793 veteris
295 4738 432 4792 Ecclesiae
450 4744 523 4789 statu
577 4773 970 4790 .........
1004 4733 1029 4799 4,
1081 4734 1100 4786 4
1151 4735 1184 4787 de
1203 4736 1318 4787 Peccata
1337 4735 1363 4787 iu
1382 4734 1508 4802 spiritum
1525 4740 1648 4787 sanctum
1687 4770 1998 4786 ........
2034 4732 2059 4798 3,
2112 4735 2129 4788 3

121 4830 159 4882 de
178 4827 316 4879 Electioue
334 4831 445 4876 aeterna
489 4860 969 4876 ...........
1005 4819 1029 4879 3.
1065 4820 1098 4872 21
1151 4822 1184 4873 de
1203 4821 1317 4874 Peccata
1337 4820 1460 4888 originali
1514 4856 1997 4872 ............
2033 4818 2057 4879 2,
2113 4821 2128 4873 1

121 4895 380 4968 1001110100ηοίτί
398 4908 536 4962 acteinam
554 4911 605 4963 Dei
622 4911 791 4962 Electionem
832 4947 839 4959 .
876 4945 882 4958 .
920 4946 925 4959 .
962 4945 969 4957 .
1004 4905 1028 4971 3,
1064 4904 1100 4959 24
1151 4907 1184 4959 do
1202 4906 1374 4959 Paenitentia
1392 4924 1457 4958 uera
1513 4942 1997 4958 ............
2033 4904 2057 4961 3,
2111 4906 2128 4960 3

123 5002 159 5054 de
177 4998 244 5052 Fide
271 5033 882 5050 ...............
892 5032 925 5053 ,.
961 5032 967 5045 .
1005 4990 1030 5051 3,
1082 4992 1100 5044 2
1151 4992 1185 5044 de
1203 4992 1375 5045 Paenitentia
1392 4992 1482 5060 papali
1516 5028 1999 5043 ............
2034 4988 2060 5055 4,
2096 4991 2128 5044 19

122 5087 159 5139 de
177 5084 330 5138 Haeretieis
348 5090 376 5135 ct
393 5082 570 5135 schismaticis
620 5118 971 5135 .........
1005 5077 1030 5143 a
1084 5078 1099 5130 1
1151 5079 1185 5131 de
1201 5079 1319 5131 Politice
1337 5078 1571 5130 administratione
1604 5114 1998 5129 ..........
2032 5072 2059 5139 4,
2094 5076 2130 5131 91

122 5173 159 5225 de
177 5170 302 5225 Hominis
319 5171 456 5224 creatione
485 5203 971 5222 ............
1005 5163 1030 5227 1,
1066 5162 1100 5217 15
1151 5165 1184 5216 de
1202 5164 1455 5217 Praedestinntione
1472 5163 1523 5216 Dei
1559 5198 1870 5215 ........
1883 5198 1923 5296 1.*
1948 5199 1955 5213 .
1990 5198 1998 5213 .
2031 5158 2058 5227 a,
2093 5160 2127 5214 21
