4672 5842
242 309 303 370 ere
888 297 1598 367 msuITUmoRunonRIsu.1eoe.
1650 255 1653 263 ⁴
1823 340 1829 350 .
2182 297 2245 361 seo

234 514 335 577 prope
356 493 533 568 attonitum,
562 490 654 553 euius
677 490 789 571 fuisset
814 490 1003 555 cmntantiae
1027 489 1076 554 uel
1095 491 1217 571 maqni-
1267 490 1414 554 mutilum
1440 494 1517 553 esset
1537 490 1619 569 quod
1639 487 1787 551 mannus
1808 487 1959 550 dicimus.
2004 484 2146 567 Quando
2165 487 2246 552 miro

241 579 385 644 tudinis?
418 577 505 658 Quod
527 578 610 640 enim
625 576 844 658 prodiqicsmu
858 576 975 639 cunei·
995 575 1086 656 oulqo
1103 581 1216 655 posset,
1268 577 1303 640 in
1324 595 1434 653 eruce,
1457 582 1562 639 morte
1591 583 1625 637 et
1651 572 1820 655 sepulture
1842 571 1967 637 Christi
1994 573 2126 637 nonnisi
2154 571 2246 638 intir-

111 715 116 726 .
240 667 277 733 de
298 686 330 729 eo
351 665 500 746 refertur,
524 682 607 743 prae
627 661 816 725 vehementia
837 663 995 726 eruciatus
1015 665 1121 743 qmtas
1143 681 1217 724 sarr·
1267 663 1366 726 mites
1384 667 1528 744 apparet,
1551 658 1782 724 transsiliende
1799 666 1877 722 sunt
1893 658 1951 722 ills
1972 659 2084 723 omnia
2100 656 2188 741 fidei,
2208 666 2246 726 nt

239 751 349 836 quinis
369 771 408 814 ea
430 751 498 812 eius
518 748 601 829 facie
617 748 756 826 fluxisse.
792 746 899 827 Neque
919 768 990 811 nero
1011 747 1218 826 spectaculum
1268 746 1364 829 pleno
1398 747 1513 811 robore
1542 747 1731 809 instruatur.
1782 743 1926 808 Proinde
1953 746 2083 809 temetsi
2112 745 2149 808 in
2175 742 2245 812 dus

240 835 293 901 lec
309 837 459 916 praebuit
478 835 615 899 aliorum
635 835 746 909 oculis,
774 853 870 913 quum
896 834 932 896 in
959 853 1074 897 arcano
1096 853 1217 897 recessu
1269 840 1374 896 morte
1391 832 1549 897 hebemus
1567 831 1706 896 solidum
1726 829 1843 894 solutis
1858 830 2147 912 complementum
2170 831 2247 914 quin

237 925 371 1006 qemitns
398 940 472 986 snas
505 921 548 983 ad
568 924 693 998 patrem
723 919 879 1001 diriperet.
923 918 967 981 ut
996 919 1217 983 dubitationum
1269 940 1328 1001 per
1355 940 1429 982 eam
1456 929 1489 981 et·
1510 919 1582 982 Deo
1610 915 1808 982 renonciliati
1837 937 1965 992 sumus,
1999 924 2034 978 et
2060 918 2148 981 iusto
2176 918 2246 982 eius

239 1009 348 1073 sciunt
379 1007 460 1088 qnod
493 1006 631 1087 anqelos,
664 1006 719 1084 qui
751 1005 880 1069 insolita
912 1005 1115 1102 emnolatione
1147 1024 1216 1067 erem
1268 1002 1389 1070 iudieio
1411 1005 1628 1101 satisfactum,
1652 1012 1685 1067 et
1704 1000 1888 1066 maledictio
1911 1001 2054 1080 sublata,
2077 1014 2112 1066 et
2133 1024 2245 1086 perso·

240 1099 420 1258 illidit
434 1091 765 1257 institistis
781 1091 1012 1254 ltttttfft
1037 1091 1139 1256 llll
1155 1110 1217 1239 ll.
1267 1088 2245 1259 ittetstituitttznttttttttttzttett

241 1267 330 1347 queri
358 1266 392 1329 od
422 1264 593 1327 conrniunis
614 1262 722 1325 mortis
742 1261 957 1342 fornrirlinem,
986 1267 1019 1325 ut
1046 1261 1215 1343 sanqrrinco
1272 1268 1299 1339 1,
1319 1266 1353 1346 3)
1360 1286 1367 1340 ;
1391 1262 1467 1343 quio
1488 1269 1526 1325 nt
1547 1260 1602 1324 ille
1624 1259 1823 1342 resurgendo
1842 1260 1945 1323 vietor
1967 1261 2079 1324 mortis
2102 1262 2243 1341 emersit,

240 1352 352 1415 nidore
373 1350 536 1431 difflueret,
559 1368 654 1427 neque
669 1352 775 1428 posset
791 1350 927 1412 recreari
948 1348 1014 1411 nisi
1035 1347 1216 1428 anqelorum
1267 1349 1315 1412 its
1346 1347 1421 1412 fidei
1454 1354 1584 1410 nostroe
1614 1346 1748 1411 victorio
1775 1347 1811 1407 in
1840 1344 1912 1427 ipso
1939 1345 2072 1410 demum
2098 1347 2247 1412 consistit

241 1436 424 1516 conspectu?
468 1433 574 1514 Quid?
598 1432 656 1496 illa
672 1435 812 1514 precatio
834 1439 879 1497 ter
901 1434 1045 1514 repetita:
1061 1432 1216 1514 palensi
1268 1433 1513 1498 resurreetione.
1559 1430 1664 1513 Quale
1687 1430 1750 1496 hoo
1779 1431 1837 1508 sit,
1867 1429 1984 1495 melius
2011 1431 2108 1496 Pauli
2135 1433 2245 1498 verbis

238 1523 311 1604 fieri
328 1525 439 1603 qntesl,
461 1524 599 1583 transeat
620 1540 641 1582 a
660 1540 708 1582 nie
730 1520 814 1583 erulis
836 1522 894 1583 iste
915 1518 1049 1603 (Matth.
1071 1514 1128 1597 26,
1149 1518 1214 1600 39),
1268 1520 1470 1602 exprimitur.
1505 1518 1675 1581 Mortuum
1702 1518 1791 1580 enim
1807 1516 1886 1580 dieii
1903 1516 2012 1598 (Rom.
2025 1522 2056 1596 4,
2067 1517 2124 1602 25)
2146 1539 2244 1602 prop·

241 1628 345 1673 annon
363 1605 588 1669 eaincredidili
601 1605 816 1668 arriaritndine
829 1606 929 1668 enimi
946 1604 1097 1685 profecta,
1120 1609 1216 1667 osten
1267 1612 1319 1668 ter
1339 1613 1473 1687 peceato
1494 1611 1619 1679 nostru,
1648 1604 1839 1667 suscitatum
1866 1610 2002 1685 propter
2025 1613 2175 1669 nostrum
2192 1607 2244 1669 iu·

241 1692 288 1757 dit
309 1692 454 1772 asperius
475 1696 502 1754 et
522 1692 625 1772 rriaqis
647 1690 784 1754 arduum
802 1690 903 1771 fuisse
921 1688 1043 1755 Christo
1064 1695 1216 1753 certam
1268 1691 1510 1769 stifiostionem3
1543 1710 1580 1754 ae
1609 1688 1637 1751 si
1666 1687 1802 1767 diceret,
1836 1694 1942 1752 morte
1975 1689 2045 1753 eius
2077 1690 2245 1755 sublatum

241 1797 335 1859 quam
356 1797 426 1841 cunr
447 1781 543 1839 morte
564 1776 744 1839 cornmuni?
792 1776 878 1841 Unde
899 1781 1029 1857 apparet
1050 1781 1217 1858 renqatores
1267 1783 1452 1860 peccatum,
1487 1774 1722 1839 resurreetione
1750 1774 1965 1838 instauratum
1993 1775 2244 1859 restitutamque

241 1863 326 1941 istos,
349 1884 417 1927 cum
439 1862 551 1943 quibus
572 1862 711 1941 disputo,
741 1863 889 1927 audacter
915 1863 1040 1944 querire
1068 1862 1105 1925 de
1126 1859 1218 1924 relus
1267 1862 1434 1927 iustitiam.
1480 1858 1652 1940 Quomodo
1679 1860 1766 1924 enim
1793 1859 1960 1923 moriendo
1982 1860 2121 1926 liberare
2142 1883 2244 1927 noso

242 1948 422 2032 incoquilis;
451 1948 527 2028 quia
554 1967 715 2028 rrrruquam
741 1949 822 2012 serio
843 1952 1042 2028 reputarunt,
1071 1946 1147 2027 quid
1175 1946 1218 2009 sil
1268 1955 1374 2012 morte
1396 1954 1532 2029 poterat,
1555 1946 1584 2010 ei
1606 1945 1704 2008 morti
1725 1946 1794 2027 ipse
1817 1944 2058 2011 succubuisset?
2082 1947 2243 2030 quomodo

244 2042 300 2101 am
327 2035 429 2099 oalem
455 2054 512 2096 nos
539 2033 711 2113 redemptos
736 2054 801 2098 esse
822 2055 844 2098 a
865 2032 929 2097 Dei
951 2031 1076 2097 indicio.
1118 2031 1219 2111 Atqui
1269 2041 1489 2116 comperiisset
1515 2030 1607 2095 nobis
1629 2031 1815 2109 victorium,
1845 2031 1872 2095 si
1901 2032 1935 2095 in
1957 2034 2136 2098 certamino
2158 2034 2244 2099 defe-

243 2121 317 2186 daec
349 2126 457 2184 noema
486 2120 643 2199 sapientia
677 2124 735 2197 est,
758 2118 854 2201 probe
881 2120 996 2183 sentire
1022 2118 1133 2200 quanti
1152 2137 1219 2181 eon-
1269 2119 1387 2185 eisset‘l
1432 2116 1543 2198 Quare
1576 2118 1622 2181 sic
1655 2117 1770 2181 solutis
1803 2124 1934 2181 nostrae
1961 2120 2132 2183 materiam
2159 2121 2247 2184 inter

243 2207 357 2272 stiterit
384 2205 448 2269 Dei
474 2205 541 2285 filio
567 2209 674 2268 nostra
701 2205 799 2269 salus.
846 2204 883 2268 Si
911 2224 993 2268 ronne
1021 2209 1104 2286 roqet
1134 2203 1220 2283 quis·
1271 2205 1395 2271 Christi
1427 2210 1565 2268 mortem
1593 2210 1627 2266 et
1651 2204 1921 2268 resurrectionem
1948 2206 2124 2298 partimur,
2159 2205 2245 2289 qnod

138 2304 143 2311 '
239 2292 331 2375 piam
359 2313 401 2355 an
429 2296 500 2354 turm
528 2290 712 2354 descenderit
736 2289 881 2356 Christus
907 2292 950 2354 ad
979 2291 1096 2371 inferos
1123 2307 1218 2369 quum
1272 2313 1331 2374 per
1352 2291 1443 2355 illem
1460 2297 1628 2371 peeoutum
1646 2286 1802 2352 abolitum
1825 2297 1858 2353 et
1875 2309 1964 2353 mors
1987 2291 2163 2370 exstineto,
2186 2313 2246 2375 per

243 2383 372 2442 nnmem
392 2378 575 2455 deprecatus
591 2382 648 2440 est:
669 2377 835 2457 respondeo
856 2376 910 2440 loc
925 2375 1025 2457 fuisse
1046 2375 1217 2452 exordium,
1272 2376 1359 2442 hano
1379 2376 1505 2440 iustitia
1527 2381 1678 2457 ropnrntu
1699 2383 1733 2437 et
1755 2383 1863 2440 erecto
1882 2375 1965 2440 vito:
1998 2378 2044 2440 sic
2074 2384 2185 2442 temen
2208 2387 2247 2442 ut

244 2464 326 2527 uncle
352 2463 456 2545 eolliqi
478 2465 578 2542 potest
602 2482 696 2542 qiam
717 2463 805 2526 diros
825 2467 854 2525 et
874 2461 1040 2527 lrorribiles
1061 2461 1220 2524 cruciatus
1271 2463 1370 2528 huius
1398 2461 1553 2527 beneficio
1582 2461 1649 2524 vim
1678 2461 1918 2544 ettieooiomque
1945 2482 2038 2526 susm
2066 2463 2123 2527 illo
2151 2463 2246 2529 nobis

238 2568 410 2633 perpessus
429 2547 534 2628 femi,
557 2567 652 2626 quum
671 2569 703 2611 se
725 2549 768 2613 ad
789 2547 929 2611 tribunal
945 2548 1009 2613 Dei
1026 2567 1113 2611 reum
1134 2551 1220 2610 stare
1271 2549 1422 2631 proferat
1468 2547 1579 2628 Itaque
1601 2545 1725 2610 Paulus
1750 2547 1785 2609 in
1810 2549 1882 2628 ipsa
1904 2550 2124 2613 resurreetione
2145 2550 2248 2616 decla·

244 2639 434 2718 aoqnoseeret
460 2637 566 2697 nosne
591 2654 697 2697 causa.
746 2633 932 2714 Quanquam
959 2639 1064 2699 autem
1091 2652 1156 2695 sese
1177 2631 1220 2695 ad
1271 2640 1378 2699 ratum
1407 2634 1508 2716 fuisse
1538 2631 1642 2711 flium
1668 2631 1731 2695 Dei
1760 2635 1872 2697 asserit
1894 2634 2004 2711 (Rom.
2026 2639 2058 2711 l,
2081 2636 2134 2718 4)·
2166 2637 2247 2715 quia

82 2710 86 2727 ⁸
171 2737 172 2741 ’
243 2725 429 2785 mmuniterm
449 2718 609 2783 occultavit
629 2720 740 2783 divina
761 2720 811 2783 uis
829 2720 973 2799 spiritus,
996 2725 1031 2782 ul
1052 2719 1151 2783 locum
1172 2717 1220 2781 in·
1271 2725 1344 2784 tune
1365 2721 1488 2785 denium
1510 2718 1646 2782 exseruit
1667 2718 1818 2782 molesteris
1834 2721 2016 2799 polentiam,
2036 2739 2116 2800 quae
2133 2725 2162 2784 et
2182 2723 2249 2786 ela·

242 2806 389 2888 fimiitati
421 2806 529 2869 carnis
564 2806 693 2881 cederet,
727 2803 886 2868 scieridum
919 2809 1022 2869 tamen
1051 2809 1095 2868 est
1126 2804 1219 2868 talem
1271 2826 1344 2871 rum
1374 2805 1552 2869 diuinitatis
1584 2804 1653 2868 eius
1682 2805 1840 2885 speculum
1872 2811 1931 2883 est,
1965 2811 1994 2868 et
2020 2805 2144 2870 stabilis
2170 2805 2248 2886 fidei

243 2892 345 2973 fuisse
364 2891 559 2954 tornationem
581 2912 619 2954 ee
636 2891 753 2954 doloris
773 2896 802 2954 et
818 2895 917 2954 melus
934 2911 1034 2967 sensu,
1055 2909 1134 2970 quae
1150 2909 1220 2953 eum
1272 2897 1396 2956 orostrae
1416 2890 1549 2971 fultura.
1596 2888 1697 2952 Sicuti
1723 2891 1818 2953 etiam
1840 2891 1919 2954 alibi
1940 2893 2024 2956 docet
2045 2891 2079 2975 (2
2098 2889 2174 2956 Gor.
2197 2896 2246 2970 13,

243 2977 305 3058 fide
336 2997 397 3039 um
421 2982 587 3058 puqnaret.
631 2976 674 3038 El
699 2976 754 3040 lieo
775 2977 863 3040 modo
885 2976 1045 3057 impletum
1070 2980 1115 3039 est
1140 2973 1220 3055 qnod
1243 2952 1246 3051 l
1271 2977 1307 3061 4)
1323 2997 1461 3058 passum
1480 2976 1582 3057 fuisse
1597 2994 1659 3056 pro
1681 2976 1865 3055 infirmitate
1886 2978 2009 3055 carnis,
2036 2979 2249 3043 resurrexisse

246 3061 375 3125 labetur
401 3063 437 3124 in
464 3062 602 3125 counione
626 3061 715 3127 Petri
738 3061 826 3142 (Aet
847 3065 881 3139 2,
902 3065 974 3146 24),
1002 3083 1063 3125 reon
1079 3061 1220 3141 potuisse
1244 3056 1246 3083 '
1272 3067 1374 3127 antem
1395 3083 1433 3126 eu
1454 3062 1566 3124 uirtute
1587 3060 1728 3141 spriritum.
1768 3060 1887 3126 Eodem
1906 3083 2000 3126 sensu
2021 3063 2101 3127 olibi-
2121 3064 2160 3129 de
2175 3085 2249 3145 per·
2289 3074 2300 3111 ¹

245 3166 314 3211 eum
336 3147 432 3210 terreri
455 3168 475 3210 a
495 3147 652 3211 doloribus
672 3148 797 3211 nmrtis:
824 3148 900 3227 quia
926 3168 959 3211 se
980 3148 1074 3227 qnasi
1096 3145 1220 3210 derelic-
1271 3148 1400 3229 sectione
1426 3149 1596 3211 disserens:
1621 3151 1658 3208 ut
1682 3166 1859 3228 eoqmscam
1885 3148 1992 3225 illum,
2020 3150 2123 3229 iuquit
2144 3149 2246 3233 (Phii

246 3236 313 3296 tum
339 3254 360 3295 a
379 3230 448 3295 Deo
476 3234 624 3311 seeum,
654 3254 691 3297 ne
719 3233 878 3297 tortellum
905 3233 1029 3313 quidem
1055 3232 1178 3311 deflcml
1198 3252 1220 3295 a
1273 3235 1399 3318 3,1o)‚
1432 3238 1460 3297 et
1486 3234 1657 3313 potentiam
1683 3233 1921 3298 resurreetimiis
1953 3234 2050 3298 illius.
2096 3232 2250 3300 Cmrtinuo

245 3317 391 3383 mundatis
418 3319 486 3381 eius
511 3318 638 3397 fiducia.
686 3319 774 3399 Qrmd
801 3319 883 3382 docet
909 3319 1035 3382 mlebris
1056 3317 1114 3382 illa
1135 3317 1220 3380 ineo-
1271 3325 1374 3384 tamen
1395 3322 1466 3400 pest
1493 3319 1663 3382 societatem
1690 3337 1759 3381 erem
1785 3323 1881 3382 marte
1912 3321 2053 3384 annectit.
2100 3320 2161 3385 Oui
2193 3342 2248 3403 ap·

246 3405 335 3480 cutia
357 3404 393 3465 in
413 3423 477 3483 qua
491 3424 573 3484 prae
588 3406 706 3469 doloris
724 3403 908 3468 veliemerrtiu
926 3402 1217 3486 clamauitfflstth.
1271 3406 1391 3469 tissime
1417 3405 1558 3486 emrqruit
1584 3403 1663 3466 illud
1692 3402 1779 3466 Petri
1807 3404 1838 3488 (1
1859 3405 1948 3469 Petr.
1977 3411 2009 3482 l,
2035 3407 2107 3490 21),
2140 3407 2247 3472 Deum

246 3492 297 3566 27,
318 3489 391 3572 46)·
412 3487 502 3553 Deus
523 3510 618 3567 neers,
640 3488 730 3554 Deus
751 3509 852 3568 meus,
874 3495 909 3553 ut
927 3490 1004 3570 quid
1025 3488 1220 3568 dereliquisti
1271 3492 1437 3555 suscitasse
1461 3511 1530 3554 eruin
1552 3511 1574 3553 a
1595 3490 1739 3567 rrmrteuis,
1767 3495 1794 3553 et
1815 3490 1937 3555 dedisse
1964 3492 2015 3556 illi
2035 3493 2185 3574 plotium,
2214 3497 2249 3557 ut

245 3578 317 3637 nic?
362 3573 448 3637 Num
481 3565 538 3638 etsi
570 3596 670 3654 supra
703 3576 828 3639 niodum
856 3577 996 3658 anqitur,
1028 3596 1090 3639 non
1116 3579 1220 3638 tamen
1270 3576 1348 3656 fides
1380 3581 1407 3640 et
1438 3596 1509 3658 spes
1536 3580 1644 3638 nostra
1671 3580 1747 3638 esset
1773 3576 1808 3639 in
1836 3576 1911 3640 Deo.
1958 3577 2032 3641 Non
2064 3579 2145 3660 qued
2168 3579 2248 3659 fides

243 3659 358 3724 desierit
386 3679 493 3723 rorare
515 3660 620 3724 Deum
647 3682 754 3739 suum,
784 3682 804 3724 a
831 3681 890 3741 qne
916 3682 949 3725 se
970 3661 1148 3725 derelictum
1169 3680 1221 3723 ec-
1271 3668 1367 3727 morte
1388 3662 1518 3743 sreffulta
1539 3661 1671 3738 vacillet,
1699 3661 1753 3724 sed
1774 3663 1849 3740 quin
1871 3663 1972 3727 virtus
1994 3664 2068 3742 Dei,
2090 3684 2171 3745 quae
2188 3664 2246 3727 ned

244 3745 367 3810 climat.
413 3743 514 3809 Porro
541 3746 613 3809 leinc
638 3747 792 3827 refellitur
813 3751 878 3810 tam
899 3745 1102 3826 Apollinaris
1121 3765 1219 3823 error,
1270 3747 1332 3828 fide
1358 3769 1415 3814 nos
1443 3747 1588 3824 cudodit,
1604 3749 1651 3842 ,in
1678 3747 1751 3826 ipsa
1782 3750 1919 3812 unanime
1941 3750 2161 3814 resurreetione
2180 3768 2247 3813 sese

244 3850 338 3912 queam
359 3851 463 3895 eorum
484 3833 540 3911 qui
562 3831 780 3897 Moriellrelilae
800 3832 875 3895 dieti
896 3836 977 3895 snit.
1012 3831 1075 3897 Ille
1098 3829 1221 3896 Oleristo
1272 3837 1380 3915 apen't.
1426 3832 1562 3897 Proinde
1587 3833 1832 3911 rnenrinerimus,
1864 3836 1983 3913 quoties
2009 3835 2107 3900 solius
2137 3836 2247 3899 mortis

244 3917 378 3998 finqebat
399 3917 549 3997 spiritum
570 3923 728 3982 oeternum
744 3919 845 3999 fuisse
864 3919 989 3981 animae
1006 3919 1078 3995 eice,
1101 3921 1136 3979 ut
1153 3922 1220 3980 tan
1270 3921 1453 4002 mosontio,
1481 3919 1578 3983 simul
1606 3918 1820 4000 comprehendi
1847 3921 1928 4000 quod
1944 3922 2178 4002 propriumest
2199 3941 2248 3985 re-

244 4006 309 4065 tum
331 4007 408 4066 esset
429 4002 583 4066 dimidius
604 4002 700 4067 lemno.
736 4004 836 4084 Qreasi
856 4023 926 4067 nero
947 4005 1077 4154 efflare
1092 4007 1221 4082 peecata
1272 4006 1491 4084 surrectionis3
1511 4024 1625 4085 parem
1652 4025 1769 4085 quoque
1796 4006 1999 4087 syrieeelaelren
2026 4025 2089 4071 asse
2115 4007 2151 4069 in
2177 4027 2249 4071 voce

244 4091 350 4150 nostra
372 4089 509 4166 poluerit
537 4089 603 4152 nisi
626 4089 720 4169 patri
741 4088 912 4154 obediendo.
1048 4094 1151 4152 maen
1173 4087 1222 4169 af·
1272 4092 1519 4168 resurrectionis,
1551 4091 1669 4170 quoties
1702 4110 1840 4154 seorsum
1872 4112 1893 4156 a
1919 4098 2015 4158 morte
2037 4092 2184 4175 ponitiu:
2212 4098 2248 4157 ut

243 4174 342 4255 fectus
367 4178 423 4236 aut
444 4173 586 4238 odientes
607 4175 793 4240 obedientiae
816 4175 882 4238 nisi
903 4175 939 4238 in
960 4175 1096 4239 anima?
1126 4193 1221 4253 quam
1272 4198 1375 4243 secum
1402 4176 1508 4240 traleat
1539 4176 1620 4257 quod
1640 4177 1845 4255 peculiariter
1876 4180 1970 4242 morti
1995 4179 2139 4244 cononum.
2185 4178 2248 4244 Sed

244 4259 313 4324 ideo
341 4258 497 4323 turbatam
516 4259 618 4340 fuisse
639 4262 769 4338 scincus,
797 4265 832 4323 ut
853 4265 989 4337 instrue,
1018 4259 1222 4340 trepidatione
1272 4265 1350 4345 quia
1376 4263 1562 4345 resurqendo
1578 4262 1723 4343 palmam
1744 4264 1874 4343 adeptus
1896 4269 1956 4344 est,
1983 4271 2019 4329 ut
2037 4264 2125 4345 fieret
2144 4285 2250 4330 resur-

245 4344 397 4421 diseussa,
415 4365 527 4425 pacem
548 4350 576 4409 et
597 4347 728 4426 quietem
745 4347 905 4410 obtinuerint.
938 4345 993 4410 Aa
1010 4345 1092 4424 laec,
1115 4350 1222 4410 contra
1245 4400 1248 4429 ,
1271 4350 1365 4413 rectio
1387 4353 1414 4412 et
1435 4350 1509 4425 cita,
1531 4349 1640 4411 nierito
1661 4350 1813 4413 mritmidit
1834 4348 1957 4414 Paculus
1980 4350 2011 4434 (l
2028 4349 2102 4415 (lor.
2125 4356 2174 4427 15,
2196 4351 2249 4436 17)

245 4429 481 4510 Monotlrelitas,
519 4431 660 4495 videmus
690 4437 725 4495 nt
756 4452 837 4496 nuria
869 4433 1037 4497 securrdum
1068 4431 1222 4496 lerninem
1273 4435 1420 4500 aldium
1452 4453 1517 4498 esse
1548 4433 1655 4513 fidon,
1689 4440 1717 4498 et
1743 4436 1837 4497 iuarre
1862 4435 2026 4517 fallasque
2047 4437 2249 4521 eaanqelirun,

244 4517 389 4596 nolrrerit,
431 4517 513 4597 quod
544 4518 661 4582 uolebat
691 4518 859 4582 secundum
889 4515 1031 4582 diuinam
1063 4523 1220 4582 naturam.
1272 4522 1338 4587 nisi
1371 4519 1491 4585 Olresti
1522 4521 1704 4584 resurrectio
1736 4519 1880 4584 cordibus
1910 4525 2028 4586 nosmis
2059 4524 2102 4586 sit
2136 4523 2248 4604 infra

250 4600 363 4666 Omitto
384 4605 465 4683 quod
487 4608 615 4680 nreturu,
638 4603 675 4666 de
695 4625 754 4684 que
776 4605 895 4684 loquuti
916 4600 1038 4681 sumus,
1067 4605 1221 4668 corurorio
1274 4607 1349 4671 Ideo
1371 4607 1462 4682 almi,
1480 4612 1650 4686 postquam
1671 4606 1707 4668 in
1730 4603 1847 4669 Christi
1869 4612 1964 4671 ruorte
1985 4609 2139 4673 auresue
2159 4610 2249 4674 daru-

245 4687 496 4771 affectusudiqot.
529 4689 636 4770 Neque
657 4691 741 4753 enim
758 4689 889 4754 obscura
909 4693 953 4753 est
970 4690 1030 4754 illa
1046 4709 1222 4771 repuqnan·
1272 4695 1410 4758 nationis
1431 4698 1561 4756 terrores
1581 4692 1736 4774 qloriatus
1757 4695 1816 4768 est,
1839 4693 2054 4773 amplificandi
2075 4713 2175 4760 eausa
2195 4697 2251 4760 ad-

243 4771 305 4834 tiae
324 4775 454 4851 species:
477 4781 572 4854 pater
597 4776 697 4840 libera
720 4796 768 4839 me
789 4797 828 4839 es
846 4774 905 4839 leae
924 4775 1017 4852 liora·
1048 4776 1102 4840 sed
1123 4796 1221 4854 prop
1272 4779 1320 4843 dit
1342 4780 1451 4864 (Rom.
1472 4783 1501 4855 8,
1524 4779 1597 4861 34)·
1629 4778 1691 4840 imo
1718 4777 1800 4839 mene
1826 4780 1881 4856 qui
1909 4786 2051 4844 mortuus
2076 4786 2122 4846 est
2146 4801 2251 4845 renir-

243 4859 326 4921 terca
359 4861 428 4921 oeni
465 4862 500 4922 in
533 4861 642 4925 loram
679 4861 778 4927 lianc:
810 4867 905 4942 pater
936 4860 1076 4942 clarifice
1112 4881 1221 4924 omnen
1272 4867 1365 4944 rexit,
1387 4871 1415 4930 el
1436 4884 1518 4928 nunc
1539 4882 1643 4926 eoram
1660 4860 1727 4925 Deo
1744 4882 1807 4942 pro
1828 4864 1916 4928 neiis
1937 4872 2069 4949 apparet
2088 4867 2250 4932 mediator.

244 4945 332 5005 tuum
354 4942 483 5024 (Iounn.
506 4949 553 5023 12,
573 4951 623 5010 27.
646 4946 711 5031 28).
752 4946 795 5010 In
815 4967 879 5028 qua
898 4953 1001 5012 tamen
1016 4947 1221 5029 perplexitate
1273 4951 1416 5029 Deinde,
1449 4945 1720 5031 quemadmodum
1749 4954 1826 5012 onte
1854 4954 2065 5034 exposuimus
2097 4973 2139 5016 ex
2160 4974 2250 5018 eom·

244 5026 334 5090 nulla
359 5028 423 5108 fuit
449 5030 658 5112 intemperies,
691 5033 797 5113 qualis
823 5035 858 5096 in
879 5034 967 5098 nobis
987 5033 1124 5098 cernitm
1146 5033 1221 5097 dum
1273 5036 1493 5102 munientione
1526 5033 1630 5097 orueis
1663 5032 1805 5118 pendere
1836 5040 1943 5103 curnis
1975 5049 2107 5103 nostrae
2135 5041 2249 5103 morti·

244 5113 383 5177 manime
404 5115 537 5179 nitimur
558 5117 602 5181 ad
623 5139 679 5182 reos
700 5118 877 5183 donmrrdos.
1272 5124 1464 5196 ficationem,
1488 5119 1533 5182 sie
1551 5127 1585 5181 et
1602 5117 1742 5180 alterum
1760 5140 1801 5183 ex
1819 5122 1887 5187 eius
1907 5126 2143 5190 resurreetione
2160 5126 2248 5191 frue-

336 5203 383 5263 13.
430 5199 579 5283 Sequitur
611 5225 632 5267 a
666 5205 797 5268 mortuis
827 5206 1027 5283 resurrectio,
1060 5205 1129 5269 sine
1155 5225 1220 5287 qua
1272 5215 1344 5272 tum
1364 5229 1424 5272 nos
1445 5204 1605 5281 obtinere,
1633 5202 1681 5266 illi
1703 5206 1967 5287 respondentem,
1995 5210 2248 5294 intelligendum
