4672 5842
244 297 307 358 735
889 285 1155 354 ΙΝΒΤΙΊἮΤΙΟ
1177 288 1282 355 REL.
1305 286 1486 355 olimst.
1512 291 1604 354 1559.
2188 289 2254 354 736

242 480 575 554 transformabuntur,
604 477 640 541 in
670 468 808 561 gloria'm
830 476 1048 540 immortalem
1070 487 1219 558 reeeptus
1244 477 1247 503 ¹
1271 481 1315 541 set
1344 474 1488 541 Christus
1514 476 1643 540 latroni:
1675 476 1765 542 bodie
1796 497 1914 543 5555555
1947 478 2010 542 eris
2038 478 2072 540 iu
2096 477 2254 557 paradiso

243 575 307 645 est;
330 567 357 629 si
380 565 523 647 aliquem
541 563 676 628 babebit
692 564 793 627 finem
812 582 925 626 eornm
942 559 1118 640 beatitudo,
1141 584 1219 645 ergo
1272 561 1368 645 (Lae.
1393 566 1443 639 23,
1467 562 1532 645 43).
1581 563 1661 627 Tam
1685 561 1782 627 claris
1803 565 1988 628 testimoniis
2007 563 2082 645 freti
2103 583 2140 626 55
2162 562 2254 627 dubi-

241 672 380 735 regnum
404 649 539 726 Christi,
563 651 657 715 euius
680 648 839 714 soliditati
861 649 1031 725 innititur,
1056 656 1219 731 tempera-
1270 653 1382 727 55555,
1418 647 1541 713 Christi
1567 649 1720 730 esernpto,
1753 650 1917 714 5555555555
1943 649 2012 715 Deo
2038 648 2255 714 5555555555

241 739 328 804 rium
355 744 413 801 ost.
459 736 613 819 Denique
645 745 703 799 aut
729 733 965 817 imperitissimi
998 741 1077 797 sunt
1109 755 1220 798 rerum
1271 735 1397 799 animas
1416 739 1540 799 rieures
1561 733 1651 817 (ibid.
1672 736 1745 816 46);
1766 735 1821 813 uei,
1843 736 1981 816 55555515
2004 733 2165 816 ueniat,
2187 739 2255 800 tra-

241 824 391 889 omnium
419 822 622 900 divinam,
652 831 710 885 aut
736 819 867 902 obliqua
889 820 1095 903 malignitate
1118 829 1219 883 totam
1271 821 1343 886 dere
1363 820 1486 885 Ctristo
1503 822 1539 884 in
1556 821 1728 884 5551555555
1745 821 1833 905 (Aet.
1855 826 1882 898 7,
1904 821 1970 904 59),
1989 823 2124 902 quinon
2141 825 2254 886 terum

241 909 305 974 Dei
339 910 482 992 gratiam
510 907 698 989 Christique
735 908 892 969 virtutem
922 906 1116 969 labefactare
1150 927 1218 969 mo·
1271 911 1396 970 amatur
1420 905 1526 986 fidelis
1552 926 1662 970 earum
1679 912 1790 987 pastor
1811 912 1840 971 et
1860 909 2021 988 episeopus
2048 909 2080 991 (1
2107 907 2196 971 Patr.
2221 910 2251 985 2,

240 995 375 1060 liuntur.
418 992 568 1075 Quarum
590 993 864 1074 complementum
887 1013 952 1055 non
976 991 1071 1055 aliter
1093 1000 1219 1055 eonstat
1272 991 1337 1076 25).
1387 991 1492 1058 Porro'
1514 993 1551 1057 de
1578 993 1759 1057 intumedio
1786 1013 1895 1057 earum
1919 999 2003 1057 statu
2025 993 2182 1057 curiosius
2204 994 2254 1057 in-

241 1083 306 1146 nisi
323 1081 494 1145 obliterato
512 1088 643 1162 5555555
661 1085 694 1142 et
711 1077 864 1158 absorpta
881 1088 987 1141 morte
999 1078 1067 1141 vita
1085 1084 1219 1141 aeterna
1271 1079 1395 1160 quirere
1423 1099 1518 1158 neque
1545 1076 1598 1158 sas
1625 1083 1683 1154 est,
1712 1099 1808 1159 neque
1834 1080 1964 1159 expedit.
2017 1078 2114 1143 Valde
2135 1099 2169 1144 se
2191 1085 2253 1143 tor·

242 1167 284 1233 ad
303 1167 439 1249 plenum
456 1167 667 1229 instauretur.
698 1163 808 1244 Quam
826 1185 904 1229 vero
922 1163 1038 1228 stolide
1056 1163 1220 1245 ineptiant
1271 1169 1363 1245 quent
1390 1165 1484 1228 multi
1510 1164 1701 1243 disputando
1728 1185 1817 1245 quen
1845 1165 1944 1229 155555
1965 1170 2124 1247 occupent,
2151 1170 2179 1229 et
2206 1186 2252 1228 au

243 1254 300 1337 qui
324 1254 442 1316 timent
463 1252 599 1315 nimiam
621 1248 693 1314 Deo
715 1250 887 1314 saevitiam
908 1249 1092 1314 adseribere
1114 1250 1142 1312 si
1165 1270 1218 1313 ae·
1271 1249 1390 1314 coelesti
1409 1251 1514 1333 915555
1536 1251 1602 1314 iam
1621 1251 1771 1331 (5555555
1792 1270 1892 1315 neone.
1936 1250 2039 1332 Atqui
2065 1250 2196 1315 55511555
2223 1256 2252 1315 et

243 1340 348 1404 ternis
370 1338 481 1420 poenis
504 1334 631 1417 reprobi
654 1335 863 1413 addicantur,
892 1336 945 1399 vel
967 1336 1071 1401 caeeis
1094 1336 1219 1417 perspi·
1270 1338 1471 1400 tenurarium
1504 1340 1548 1398 est
1580 1336 1618 1400 de
1649 1334 1740 1400 rebus
1771 1337 1935 1418 iueopuitis
1966 1336 2063 1400 attius
2092 1337 2252 1417 inquirere

243 1444 342 1490 ouum
362 1433 420 1488 est.
465 1422 599 1487 Seilieet
619 1421 758 1485 iniurius
781 1422 844 1485 erit
864 1421 1044 1499 Dominus,
1068 1422 1095 1483 si
1118 1443 1219 1504 regno
1271 1441 1367 1502 quum
1387 1422 1477 1487 Deus
1498 1421 1586 1486 uobis
1606 1423 1685 1487 seire
1700 1423 1871 1502 pemiuu.
1918 1422 2083 1503 &ruitura
2112 1422 2249 1507 (Matth.

157 1570 162 1577 ,
243 1509 573 1662 ἰὲιὲἀρέἱνξιῗώᾖώ
592 1528 630 1571 eo
648 1506 852 1657 ssimindignos
870 1529 928 1657 petp
946 1505 1219 1656 ingratitudinem
1272 1513 1306 1584 5,
1331 1510 1359 1570 8.
1383 1507 1662 1657 ΞέΰθξηΙο555ὰ12,
1688 1508 1768 1605 32),Ι
1793 1508 1848 1572 ubi
1868 1509 1964 1606 ‘dixit
1978 1506 2162 1659 agiristuuurt
2182 1509 2251 1573 iilis

325 1619 335 1658 1
359 1617 452 1660 ann.
598 1614 674 1658 5555
742 1613 856 1656 eorum
928 1615 960 1657 m
1005 1615 1091 1657 rana
1131 1614 1194 1657 sun
1312 1613 1380 1656 aese
1485 1614 1552 1658 esse
1630 1614 1684 1657 eas
1706 1613 1769 1657 reu
1824 1615 1896 1658 555
2021 1615 2106 1659 uum
2181 1614 2251 1658 555-

242 1682 373 1757 uereor,
397 1680 453 1745 sed
472 1681 535 1745 Dei
553 1615 715 1756 rriaiestas,
735 1687 833 1761 atque
850 1680 949 1744 etiam
963 1615 1099 1757 Iilistitia,
1120 1700 1219 1760 quam
1265 1614 1451 1743 {blatum
1465 1680 1652 1759 percipiant,
1674 1614 1873 1761 reprobpoeium
1890 1615 2110 1746 veiiranenee
2129 1681 2252 1744 musia-

242 1765 407 1851 peoeande
429 1766 606 1837 violarunt,
631 1774 764 1830 aeterna
786 1771 844 1829 est
889 1765 1009 1829 Merito
1031 1766 1131 1848 igitur
1153 1786 1219 1828 non
1270 1765 1449 1846 inequales
1471 1765 1598 1830 rueritae
1619 1770 1692 1830 sitiit
1707 1767 1836 1847 perpeti,
1858 1786 1920 1830 uon
1937 1766 2022 1831 ultra
2039 1766 2249 1849 pnopreditur.

242 1853 329 1937 perit
349 1853 532 1934 iniquitatis
553 1852 718 1915 memoria.
752 1852 800 1914 At
816 1852 863 1914 ita
879 1871 985 1933 poena
1005 1850 1139 1914 modum
1161 1873 1219 1914 ex·
1275 1850 1353 1930 Quis
1374 1852 1441 1915 ium
1462 1852 1565 1916 (155155
1585 1857 1642 1916 aut
1662 1852 1811 1934 mayister
1828 1853 1908 1933 quod
1925 1851 2016 1916 Deus
2032 1852 2141 1917 selant
2159 1851 2250 1917 nobis

241 1939 334 2008 sedet
362 1936 481 2002 delieti.
526 1937 618 2002 Haeo
649 1958 726 2001 vero
748 1944 798 2000 est
820 1957 889 2000 non
910 1935 1045 2001 ferenda
1066 1935 1218 2019 blasphe-
1265 1935 1460 2016 patefaciet?
1501 1937 1553 2002 De
1577 1937 1640 2001 ioco
1667 1957 1729 2002 nou
1756 1939 1862 2002 55555
1887 1939 1993 2019 inepta
2020 1942 2048 2002 et
2073 1936 2178 2019 sutilis
2205 1943 2251 2002 est

241 2026 316 2101 mia,
340 2024 419 2088 dum
442 2034 510 2088 tam
531 2043 633 2105 paruo
656 2023 846 2087 aestimatur
869 2023 931 2086 Dei
954 2022 1118 2100 maiestas,
1140 2021 1219 2087 dmn
1270 2023 1424 2102 quaestio:
1446 2022 1571 2103 quondo
1591 2023 1709 2087 seimus
1730 2043 1792 2088 uon
1811 2044 1882 2088 eum
1903 2044 1968 2088 esse
1984 2025 2112 2088 555555
2129 2024 2249 2089 dimen-

239 2131 307 2177 non
336 2110 439 2192 pluris
468 2111 507 2173 fit
527 2109 597 2173 eius
620 2116 825 2190 contemptus
848 2128 946 2191 quam
969 2109 1096 2172 animae
1118 2109 1218 2172 unius
1270 2109 1389 2171 sionem
1415 2128 1509 2189 quam
1537 2110 1682 2190 corporis
1729 2109 1817 2190 Quod
1842 2111 1934 2173 simis
1955 2108 2106 2175 Abrotoae
2132 2109 2249 2174 (155555

240 2197 386 2263 exitium.
432 2192 499 2260 Sed
521 2194 710 2258 omittamus
732 2200 907 2277 nugatores
929 2194 1016 2270 istos,
1041 2214 1082 2258 ne
1105 2203 1219 2259 eontra
1271 2193 1357 2257 beuta
1379 2199 1555 2260 55555555
1575 2195 1747 2275 spirituum
1768 2195 1912 2273 55115555,
1940 2195 2028 2260 rutis
2055 2194 2177 2260 5555515
2205 2201 2250 2261 est

240 2281 500 2432 ppplrpatpraeipltii
522 2301 652 2429 5555υὲ
677 2278 846 2344 videamur
868 2301 982 2345 eorum
1004 2277 1218 2344 deliramenta
1269 2299 1309 2428 ᾖ
1326 2278 1645 2446 inpompueprmfipetioue
1660 2281 1802 2447 555)μῶ
1819 2283 1974 2346 eouimuni
1988 2280 2247 2432 fidtssiumlffire,

377 2388 437 2430 one
540 2387 559 2429 a
581 2387 615 2428 ru
651 2387 734 2430 aare.
1419 2387 1488 2431 eum
1577 2388 1588 2429 5
1615 2386 1693 2431 suae
1728 2388 1747 2430 r
1797 2388 1852 2430 um
1873 2387 2013 2432 555555
2071 2417 2078 2430 .
2211 2389 2248 2432 ea

167 2456 170 2461 '
330 2456 357 2516 6.
403 2451 478 2516 Duo
493 2387 634 2533 giiraeter
670 2451 744 2516 taes
774 2451 891 2516 deliria
922 2453 1041 2518 1555515
1073 2457 1148 2515 sunt
1179 2451 1217 2516 ab
1269 2470 1365 2530 quum
1387 2454 1545 2532 scriptura
1566 2451 1679 2533 ubique
1699 2453 1803 2518 iubeat
1815 2455 1951 2535 pendere
1968 2453 2007 2517 ab
2023 2455 2249 2534 5555555155

241 2537 420 2605 boninitas
440 2557 608 2619 perperam
635 2538 779 2601 curiosis.
823 2536 896 2601 Atii
918 2541 1091 2618 patarum,
1124 2538 1218 2619 quasi
1270 2536 1421 2602 55555555
1440 2536 1565 2616 Gliristi,
1588 2538 1751 2621 etptoriae
1772 2559 1916 2605 mronam
1937 2561 1970 2604 55
1992 2559 2090 2621 tuque
2111 2539 2246 2620 differat,

241 2629 322 2690 totta
343 2624 430 2689 torio
452 2625 594 2700 intereat
623 2625 750 2688 animas
771 2628 1004 2688 resurrecturas
1024 2644 1095 2688 aum
1116 2643 1218 2704 corpo
1268 2624 1398 2688 mutanti
1419 2624 1522 2688 simus
1542 2623 1593 2688 liis
1612 2623 1731 2703 (155555
1751 2624 1905 2690 diuinitus
1925 2626 2014 2690 uobis
2025 2626 2244 2708 5555555515,

240 2709 346 2775 uus.-
372 2710 444 2790 atii,
473 2729 570 2790 quum
598 2708 786 2773 inmeantes
806 2729 872 2774 5555
892 2710 1025 2790 spiritus
1045 2710 1217 2788 macedoni,
1269 2709 1395 2773 animas
1416 2711 1547 2789 piorum
1574 2709 1707 2775 mittiue
1735 2710 1837 2776 labore
1859 2711 2043 2793 pertundus
2069 2712 2103 2774 iu
2124 2711 2246 2775 beatam

240 2797 330 2862 nouis
356 2795 537 2876 5555555555
564 2795 710 2859 5515555
737 2795 796 2859 iri:
823 2814 882 2874 quo
910 2801 1024 2878 nepant
1043 2797 1150 2860 555555
1171 2816 1218 2860 re·
1269 2796 1401 2875 quietern
1427 2795 1599 2874 55555555,
1628 2795 1684 2860 ubi
1710 2815 1780 2860 uun
1805 2795 1892 2877 seiiei
1918 2797 2037 2862 1555515
2061 2795 2245 2876 fruitionem

241 2884 466 2947 5555555555.
511 2880 562 2945 De
588 2882 699 2962 priore
730 2882 878 2963 quonium
910 2881 1034 2962 5155555
1065 2881 1156 2964 uttipi
1183 2882 1218 2945 iu
1264 2882 1443 2961 5555555555
1465 2880 1587 2964 pieriae
1613 2887 1804 2964 5555555555,
1832 2888 1922 2964 atque
1949 2884 1996 2948 ita
2024 2882 2128 2948 amuia
2148 2884 2245 2947 teneri

241 2970 393 3034 creatione
409 2967 552 3045 tornines,
575 2968 656 3031 satis
677 2966 757 3031 miti
779 2967 836 3031 erit
857 2987 978 3031 mutere
998 2968 1111 3031 iterum
1132 2967 1218 3031 teoto
1268 2986 1429 3049 55555555,
1446 2968 1539 3032 dureo
1551 2965 1694 3032 Christis
1712 2974 1864 3050 appareat
1881 2970 2060 3050 redemptor.
2095 2966 2248 3050 Reprobis

241 3073 294 3118 res
315 3073 410 3134 quom
431 3053 584 3117 belluinus
605 3054 647 3116 sit
668 3074 764 3130 error,
787 3073 825 3119 55
847 3053 965 3133 spiritu
985 3053 1029 3118 ad
1050 3053 1218 3135 imapinem
1270 3074 1339 3118 uero
1361 3054 1489 3118 eandem
1511 3073 1576 3118 5555
1595 3058 1709 3118 sertem
1729 3054 1859 3118 dubium
1879 3076 1941 3120 555
1961 3060 2008 3120 est
2029 3074 2125 3135 quarn
2145 3053 2247 3120 Iudas

242 3138 308 3203 Dei
328 3139 461 3220 smmum
480 3140 591 3217 flatum
613 3140 781 3204 evanidam
796 3140 914 3219 fauere,
937 3139 993 3219 qui
1014 3139 1048 3201 iu
1070 3138 1128 3203 555
1150 3144 1218 3203 tau-
1270 3138 1315 3217 (v.
1341 3139 1376 3224 6)
1402 3138 1537 3204 diabolis
1564 3140 1719 3221 55555551,
1747 3141 1863 3205 uinctos
1889 3142 2006 3205 eatenis
2032 3141 2130 3206 terreri
2156 3140 2247 3207 dorus

242 3228 308 3288 tum
335 3224 454 3289 audura
480 3226 545 3288 uita
572 3244 684 3304 corpeus
712 3231 838 3306 555155,
867 3230 897 3288 et
917 3224 1064 3305 temptum
1084 3225 1218 3304 spiritus
1270 3225 1313 3290 ad
1334 3225 1525 3307 supplicium
1547 3226 1600 3290 eui
1621 3225 1739 3291 additu
1761 3231 1833 3291 sunt
1854 3226 2029 3291 trabuntur.

241 3311 341 3377 saneti
358 3310 496 3392 55559555
512 3311 547 3373 in
564 3309 700 3373 uitulum
705 3334 715 3389 ,·
737 3330 805 3374 earn
822 3311 953 3392 555555
966 3315 1091 3390 partem
1107 3312 1217 3389 nostri,
1357 3315 1385 3374 7.
1415 3311 1522 3391 Aeque
1534 3311 1734 3394 prodipiosus
1751 3317 1795 3377 est
1812 3333 1918 3377 eorum
1933 3333 2031 3391 error,
2049 3313 2106 3394 qui
2123 3313 2247 3378 auiuias

242 3397 278 3460 iu
295 3416 358 3476 555
375 3396 513 3461 maxime
529 3396 658 3477 resuipet
678 3397 837 3474 diuinitas,
861 3402 889 3462 et
908 3397 1045 3478 insipnes
1065 3400 1139 3461 sunt
1160 3398 1217 3461 55-
1268 3416 1331 3461 uon
1352 3402 1528 3477 recepturus
1549 3395 1663 3477 quibus
1683 3417 1767 3462 5555
1787 3398 1914 3463 inditae
1935 3403 2007 3463 5551
2028 3419 2174 3481 minora,
2196 3397 2246 3464 sed

240 3481 442 3546 mortalitatis
469 3486 571 3559 notae,
600 3481 659 3545 555
679 3482 746 3546 dote
766 3483 916 3564 spoliare:
943 3487 978 3546 ut
997 3482 1106 3547 metior
1127 3488 1218 3564 51555
1269 3483 1356 3546 nmis
1378 3482 1503 3548 5155555
1524 3483 1690 3563 praeditas
1710 3484 1778 3564 fore
1799 3485 2024 3569 imapiuautur.
2069 3484 2119 3550 Aa
2141 3483 2246 3549 Mani-

241 3566 435 3631 eueetteutior
455 3568 497 3632 sit
517 3568 656 3648 eorporis
676 3568 809 3634 mentitio
830 3588 925 3649 quam
946 3569 1079 3634 animae.
1114 3568 1218 3651 Lonpe
1268 3568 1431 3633 55555555
1452 3569 1577 3649 quidem
1593 3590 1749 3649 perquam
1773 3570 1880 3652 fertilis
1906 3572 1989 3636 ratio
2014 3570 2093 3652 suit,
2121 3571 2246 3635 miiiime

240 3651 334 3718 aliter
350 3653 518 3733 scriputura,
541 3673 622 3733 quae
643 3673 755 3734 eorpus
776 3655 899 3738 tuqurio
921 3660 1080 3737 usurparat
1100 3676 1137 3719 55
1158 3675 1218 3736 quo
1269 3660 1502 3720 consentaneum
1518 3660 1635 3718 esseut
1652 3675 1724 3719 earo
1745 3675 1824 3736 5555
1846 3656 2010 3722 immunda
2031 3662 2077 3721 est
2096 3661 2246 3739 resurpat.

240 3758 297 3803 uos
311 3739 457 3822 ruiprare
478 3739 554 3804 dicit
576 3759 673 3819 quum
694 3742 865 3819 morimur;
892 3742 969 3822 quio
998 3741 1037 3804 ab
1065 3762 1102 3804 ea
1124 3746 1218 3821 parte
1273 3740 1373 3822 Quasi
1400 3761 1471 3806 uero
1498 3741 1589 3806 uuita
1615 3741 1659 3804 sit
1690 3743 1871 3806 animarum
1904 3742 2133 3820 ammiratae
2166 3762 2247 3822 quus

239 3844 296 3889 uos
324 3826 468 3889 aestimat
496 3846 574 3905 quae
599 3845 655 3889 uos
677 3847 697 3888 a
719 3825 820 3892 brutis
847 3825 1039 3891 animalibus
1060 3827 1217 3891 55555555.
1269 3832 1371 3893 taruen
1394 3848 1416 3891 a
1436 3847 1490 3908 spe
1510 3827 1646 3892 55515555
1666 3828 1747 3891 uitae
1768 3848 1830 3893 555
1851 3828 2001 3893 arcebant.
2036 3827 2168 3892 Perinde
2186 3826 2246 3908 ipi-

244 3908 297 3974 su
319 3909 433 3975 Petrus
455 3912 488 3995 (2
502 3911 591 3975 Patr.
609 3915 635 3985 1,
652 3910 706 3994 14)
728 3914 821 3976 morti
835 3914 1034 3993 5551555555
1051 3912 1125 3976 dicit
1145 3917 1218 3976 tem-
1269 3917 1321 3976 tur
1348 3914 1412 3996 suit
1440 3932 1477 3976 55
1503 3914 1533 3976 si
1559 3912 1707 3992 51555555,
1730 3915 1869 3997 purpuri
1894 3915 2049 3980 diuinitus
2074 3933 2135 3977 nou
2150 3932 2246 3993 posse

179 4020 187 4036 =
236 4014 302 4076 pus
323 3997 443 4060 5555555
464 4017 523 4079 qiua
545 3997 776 4061 tabernaculum
796 4017 891 4062 suum
911 3995 1051 4078 deporut.
1094 3996 1219 4064 Paulus
1270 4000 1352 4079 quad
1372 3998 1492 4080 pracati
1519 3997 1586 4062 tabe
1614 3998 1759 4080 infertum
1780 4005 1832 4065 est.
1878 4000 1965 4066 Nam
1985 3999 2064 4066 iliud
2084 3998 2245 4077 delirium,

240 4100 312 4144 uero
329 4081 366 4146 de
382 4081 527 4161 tristibus
544 4083 679 4164 iaqueus,
692 4088 861 4164 postquam
877 4083 967 4162 dixit
990 4083 1045 4147 ubi
1061 4085 1219 4150 terrestris
1270 4085 1353 4166 quod
1372 4084 1560 4149 5555555155
1583 4085 1745 4149 immunda
1766 4091 1843 4151 esset
1869 4106 1958 4166 earo,
1984 4084 2060 4167 piria
2081 4105 2103 4148 a
2123 4084 2246 4149 diabolo

241 4165 353 4233 55555
374 4173 480 4232 rwstro
497 4169 649 4233 5155551515
668 4169 774 4250 fueri,
797 4169 884 4233 notis
900 4189 966 4233 esse
987 4169 1166 4249 aedificium
1183 4171 1218 4235 iu
1270 4175 1391 4248 ereata,
1425 4189 1507 4234 nune
1532 4173 1701 4249 55555555.
1750 4172 1885 4236 Tantum
1918 4171 2059 4249 ostendo,
2091 4169 2246 4253 puidqiud

240 4252 347 4331 audis,
381 4254 526 4337 odiuupit
551 4275 609 4318 uos
628 4255 830 4337 perepriuari
858 4276 880 4319 a
902 4253 1038 4319 Domino
1066 4257 1218 4335 quamdiu
1269 4276 1350 4320 nunc
1377 4255 1455 4320 55515
1481 4255 1646 4338 indiarum
1673 4257 1706 4319 iu
1733 4257 1820 4323 55155
1846 4264 1905 4336 est,
1937 4258 2156 4324 resurrectioni
2187 4276 2246 4321 555

240 4358 403 4404 malumus
425 4340 458 4404 iu
480 4360 613 4420 5555555,
636 4341 690 4405 sed
711 4345 847 4420 expetere
869 4339 933 4404 Dei
947 4343 1162 4422 5555555555
1183 4343 1219 4406 in
1269 4342 1396 4407 5551555.
1429 4342 1532 4423 Atqui
1547 4342 1655 4422 prinu
1676 4363 1774 4425 quum
1795 4345 1898 4409 iubeat
1919 4343 2046 4409 Paulus
2068 4343 2102 4427 (2
2123 4342 2196 4408 Cor.
2217 4346 2244 4418 7,

134 4491 136 4495 ,
240 4425 380 4490 absentia
402 4427 540 4506 eorporis
561 4426 596 4509 (2
616 4425 690 4491 Cor.
711 4432 738 4502 5,
761 4430 775 4488 1
796 4425 908 4509 sequ).
944 4426 1021 4491 Nisi
1037 4431 1218 4508 5555555555
1273 4428 1483 4511 1)(51515555
1504 4428 1657 4493 mundare
1677 4429 1716 4493 ab
1738 4431 1823 4494 omui
1843 4431 2077 4512 inquinamento
2097 4431 2247 4495 55555555

240 4517 340 4576 esseut
361 4512 486 4575 animae
513 4511 706 4593 eorporibis,
736 4512 813 4593 quid
834 4517 879 4576 est
900 4512 983 4592 quod
1003 4512 1092 4578 tabet
1113 4513 1218 4578 Deum
1269 4515 1417 4596 5555555,
1439 4513 1511 4578 iude
1532 4515 1674 4594 sequitur
1694 4516 1777 4596 quod
1798 4515 1875 4580 aiibi
1903 4516 1938 4599 (2
1962 4514 2037 4581 Cor.
2064 4521 2092 4593 5,
2108 4516 2171 4596 ,10)
2199 4515 2246 4578 de-

234 4601 430 4679 praeseutem
456 4596 510 4661 ubi
537 4603 581 4661 est
603 4619 624 4661 a
645 4618 769 4678 corpore
791 4598 994 4679 separatum?
1039 4598 1218 4665 Dubitatio
1268 4601 1394 4665 nuntiat
1420 4600 1589 4678 iudicium,
1617 4605 1651 4664 ut
1676 4606 1807 4682 reportet
1826 4603 2039 4683 unisquisque
2054 4622 2116 4682 per
2137 4620 2246 4682 eorpus

239 4703 310 4747 uem
330 4702 402 4746 aero
422 4683 500 4747 tollit
521 4684 677 4763 5555555155
706 4683 821 4768 (Hebr.
849 4688 897 4762 12,
920 4683 992 4766 23),
1021 4685 1098 4748 dum
1120 4687 1218 4751 uadit
1269 4688 1335 4751 sive
1362 4687 1475 4751 bouum
1502 4687 1568 4750 sive
1595 4686 1722 4750 uratum.
1769 4684 1831 4753 Oui
1857 4688 2005 4754 musentit
2031 4687 2113 4768 quod
2140 4687 2247 4752 soribit

238 4788 296 4833 uos
317 4789 383 4833 esse
404 4774 582 4853 apqrepatos
602 4770 646 4834 ad
666 4770 801 4852 spiritus
818 4771 978 4836 iustorum.
1015 4770 1133 4851 Quibus
1151 4791 1217 4836 oer-
1269 4773 1312 4837 ad
1341 4770 1515 4836 Curiatios
1548 4774 1582 4853 (2
1605 4771 1679 4837 (ior.
1703 4778 1739 4850 4,
1767 4772 1837 4855 10),
1871 4779 1905 4837 ut
1931 4775 1997 4838 uita
2026 4774 2101 4840 Iesu
2131 4771 2249 4839 Christi

240 4851 469 4936 5555551155,
499 4877 556 4920 nos
577 4857 694 4920 sociari
714 4858 833 4921 sanctis
848 4857 1009 4938 patritiis,
1037 4858 1094 4936 qui
1123 4858 1217 4921 etiarn
1268 4858 1482 4937 maiiifestetur
1514 4859 1550 4921 iu
1583 4877 1675 4922 55555
1706 4861 1813 4923 nostra
1843 4861 1978 4925 mortali.
2026 4861 2096 4942 Qua
2129 4861 2248 4924 ratione

239 4941 355 5005 mortui
377 4941 504 5007 eandem
520 4943 668 5023 pietatem
688 4941 844 5007 55555555
866 4942 981 5020 colunt,
1010 4946 1045 5005 ut
1065 4962 1127 5006 nou
1146 4963 1218 5023 pos·
1268 4944 1346 5008 aiibi
1373 4943 1405 5026 (1
1432 4942 1544 5008 Thess.
1570 4946 1599 5021 5,
1623 4941 1680 5026 23)
1707 4964 1769 5008 uon
1796 4945 1901 5010 minus
1922 4952 2075 5028 55555555
2103 4952 2138 5010 ut
2159 4945 2248 5011 Deus

240 5023 341 5087 simus
358 5045 423 5089 esse
443 5025 561 5090 Ctiristi
578 5027 713 5092 ruerubm
730 5028 795 5093 uisi
812 5047 882 5093 euru
900 5028 980 5109 ipsis
1001 5026 1216 5094 molestamus.
1268 5031 1388 5112 iidepru
1409 5049 1539 5109 corpora
1556 5033 1708 5093 conseruet
1725 5050 1821 5110 usque
1839 5032 1882 5097 ad
1898 5032 1982 5098 55555
2001 5030 2128 5111 Christi,
2151 5052 2246 5114 quam

243 5106 320 5171 Nisi
342 5111 436 5174 etiam
457 5113 583 5175 ariiuioe
605 5115 783 5195 corporibus
804 5119 915 5178 exutae
936 5115 1101 5178 retinerent
1124 5135 1217 5178 5555
1267 5116 1394 5180 animus
1415 5119 1442 5178 et
1463 5114 1604 5192 spiritus.
1651 5113 1716 5179 Nee
1743 5116 1876 5181 mirum:
1904 5120 1983 5199 quia
2008 5138 2138 5198 carpam
2167 5138 2246 5201 quat

240 5197 415 5276 55555555,
438 5198 596 5263 55555155
614 5199 734 5281 pieriae
754 5220 883 5281 capaces
903 5202 1010 5279 asserit,
1033 5219 1095 5264 555
1116 5199 1217 5265 diuis-
1267 5201 1329 5265 sibi
1350 5202 1385 5264 iu
1406 5198 1519 5280 155515
1540 5199 1658 5264 555555
1678 5199 1770 5266 Deus
1791 5200 1824 5286 (1
1846 5202 1920 5269 (lor.
1943 5208 1972 5283 3,
1999 5205 2063 5288 ll),
2087 5205 2123 5270 iu
2139 5210 2249 5288 putre·
