4672 5842
220 319 283 380 897
577 313 668 379 LIB.
690 314 750 379 IV.
793 314 858 381 Da
880 311 1117 380 EXTERNIS
1139 312 1305 381 MEDIIS
1327 313 1393 381 AD
1416 313 1638 384 senonim
1676 315 1776 384 CAP.
1798 317 1861 383 XI.
2161 325 2227 388 898

218 512 293 569 tum
312 503 581 586 presbyterorum
602 502 756 568 ecclesiae
777 499 957 567 iurisdictio
978 511 1194 581 exerceretur,
1249 501 1310 567 hoe
1336 523 1466 569 munus.
1517 503 1591 570 Hoc
1613 505 1692 569 satis
1720 524 1882 586 superque
1911 509 1977 582 est,
2006 504 2093 587 quod
2120 528 2224 589 quum

219 610 360 673 quorum
381 588 459 666 duo,
487 596 525 651 ut
553 586 636 666 dixi,
663 597 759 652 erant
779 608 909 672 genera.
955 587 1022 653 Alii
1044 587 1133 651 enim
1153 587 1196 652 ad
1246 586 1612 655 iurisdictionemsuam
1630 589 1832 672 spiritualem
1849 589 1974 654 iactant
1987 589 2222 673 Romanenses,
2331 614 2335 626 ·

219 673 401 740 docendum
423 681 519 738 erant
538 673 689 752 ordinati,
712 674 768 738 alii
788 694 918 737 morum
939 693 1089 739 censores
1111 672 1195 737 dun-
1247 673 1417 739 ostendere
1437 682 1625 757 promptum
1646 684 1696 740 est
1716 674 1886 738 institutae
1907 695 1927 736 a
1950 673 2082 740 Christo
2104 679 2223 743 rationi

219 768 315 825 taxat
341 768 444 824 erant.
489 759 657 823 Paulatim
684 758 895 843 degeneravit
917 759 979 824 hoc
1006 760 1195 828 institutum
1247 759 1332 823 nihil
1354 781 1426 825 esse
1447 761 1552 845 magis
1574 761 1789 839 contrarium;
1817 782 1892 825 cum
1918 762 2025 842 prisca
2045 782 2124 826 vero
2147 784 2223 829 oon-

218 868 239 911 a
259 868 318 911 suo
340 845 531 928 primordio;
553 845 677 908 utiam
698 846 864 911 Ambrosii
893 843 1022 910 sacerdo
1048 845 1109 910 soli
1131 846 1194 910 ole-
1248 845 1421 910 suetudine
1443 847 1548 911 nihilo
1568 846 1643 929 plus
1665 844 1786 911 habere
1808 844 2033 912 similitudinis
2052 868 2151 930 quam
2174 857 2223 915 te-

218 933 279 998 rici
296 933 331 995 in
349 928 476 996 iudiciis
494 930 721 996 ecclesiasticis
738 939 849 997 essent
871 931 1061 1015 cognitores.
1098 929 1195 1010 Quod
1247 931 1366 996 nebras
1388 954 1464 997 cum
1483 932 1565 997 luce.

218 1020 289 1101 ipse
316 1018 526 1098 conqueritur
550 1016 602 1081 his
628 1017 750 1082 verbis:
765 1018 790 1101 ¹)
820 1037 990 1102 synagoga
1016 1023 1120 1095 vetra,
1142 1018 1194 1080 in·
1333 1020 1362 1081 8.
1407 1018 1553 1082 Tametsi
1574 1039 1643 1082 non
1664 1017 1775 1082 omnia
1804 1016 1947 1081 diximus
1971 1038 2053 1099 quae
2075 1018 2140 1085 huc
2164 1020 2223 1085 ad·

218 1105 299 1186 quit,
318 1111 352 1166 et
368 1110 482 1184 postca
499 1102 635 1167 ecclesia
651 1104 797 1168 seniores
819 1101 942 1179 habuit,
965 1122 1105 1185 quorum
1124 1103 1195 1167 sine
1246 1103 1325 1167 ferri
1341 1110 1500 1186 poterant,
1520 1110 1554 1168 et
1570 1123 1609 1168 ea
1627 1123 1755 1186 quoque
1776 1103 1848 1185 ipsa
1864 1123 1947 1183 quae
1970 1101 2123 1183 diximus,
2141 1127 2223 1188 pau·
2257 1130 2260 1135 ’

218 1188 353 1256 consilio
374 1188 459 1253 nihil
473 1187 645 1271 agebatur;
667 1188 831 1271 quodque
847 1187 934 1271 neg'
961 1187 1051 1251 entia
1071 1188 1195 1253 obsole·
1248 1189 1293 1253 cis
1315 1191 1488 1271 perstricta
1514 1196 1602 1267 sunt,
1633 1189 1679 1254 sic
1699 1196 1812 1252 tamen
1834 1187 2030 1252 debellatum
2053 1210 2123 1255 esse
2145 1211 2223 1256 con-

187 1317 193 1325 ·
218 1276 305 1341 verit
326 1275 444 1352 nescio,
467 1275 531 1337 nisi
558 1275 640 1339 forte
667 1272 838 1339 doctorum
859 1273 928 1339 desi
953 1275 991 1352 'a,
1013 1273 1066 1338 vel
1089 1274 1195 1357 magis
1247 1274 1312 1339 fido
1339 1283 1377 1339 ut
1402 1275 1487 1339 nihil
1514 1276 1580 1340 iam
1608 1276 1651 1339 sit
1678 1294 1736 1337 cur
1758 1275 1929 1356 quisquam
1949 1272 2102 1358 ambigat,
2126 1277 2222 1359 spiri·

218 1360 382 1444 superbia,
405 1359 484 1424 dum
506 1360 566 1424 soli
588 1360 704 1425 volunt
724 1359 848 1442 aliquid
876 1359 987 1425 videri
1033 1359 1194 1423 Videmus
1247 1360 1370 1425 tualern
1400 1367 1609 1443 potestatem,
1638 1381 1703 1442 qua
1731 1379 1817 1442 papa
1844 1380 1919 1424 cum
1943 1367 2012 1424 toto
2039 1382 2097 1425 suo
2119 1382 2221 1445 regno

218 1453 417 1529 quantopere
435 1453 568 1510 sanctus
586 1446 845 1529 vir‘indignetur
862 1444 985 1528 aliquid
1006 1445 1047 1510 de
1059 1444 1194 1510 meliore
1246 1447 1402 1529 superbit,
1425 1447 1562 1529 impiam
1584 1466 1654 1511 esse
1676 1453 1791 1510 contra
1810 1444 1875 1508 Dei
1899 1444 2037 1509 verbum
2058 1467 2095 1511 ac
2117 1447 2221 1513 inius-

218 1540 308 1598 statu
324 1530 510 1608 concidisse,
533 1553 633 1613 quum
651 1538 761 1596 tamen
779 1531 886 1596 adhue
907 1531 973 1596 illis
995 1536 1099 1596 staret
1115 1530 1194 1596 ordo
1246 1544 1315 1595 tam
1346 1534 1383 1596 in
1409 1532 1480 1596 eius
1507 1533 1663 1614 populum
1690 1528 1911 1614 tyrannidem.
1963 1530 2012 1594 Ac
2042 1532 2222 1613 spiritualis

218 1619 334 1683 saltem
346 1616 532 1682 tolerabilis.
569 1615 659 1697 Quid
679 1618 791 1700 igitur,
810 1618 839 1681 si
861 1617 922 1681 has
944 1616 1104 1681 deformes
1126 1617 1193 1680 rui·
1246 1616 1377 1699 quidem
1394 1619 1566 1699 potestatis
1588 1617 1719 1681 nomine
1741 1624 1811 1680 tum
1834 1614 2004 1680 audaciam
2027 1618 2222 1699 complector

217 1726 277 1769 nas
294 1705 478 1767 intueretur
495 1725 579 1784 quae
596 1702 725 1767 nullum
741 1724 841 1785 prope
859 1703 1033 1784 vestigium
1048 1702 1194 1766 referunt
1244 1703 1282 1766 in
1309 1701 1505 1768 fabricandis
1533 1703 1626 1768 novis
1653 1701 1818 1779 doctrinis,
1847 1701 1964 1782 quibus
1981 1702 2136 1766 miseram
2152 1704 2221 1785 ple-

217 1788 341 1855 vetusti
362 1787 526 1868 aedificii?
547 1810 612 1870 qua
635 1788 858 1870 deploratione
880 1787 1049 1853 uteretur?
1094 1788 1193 1852 Prin·
1245 1788 1320 1852 bem
1341 1809 1362 1852 a
1383 1809 1541 1872 germana
1562 1787 1654 1853 verbi
1676 1788 1740 1852 Dei
1760 1786 1904 1868 puritate
1927 1795 2126 1866 averterunt,
2150 1797 2221 1853 tum

216 1876 302 1958 cipio
330 1884 444 1939 contra
470 1874 523 1938 ius
550 1883 584 1938 et
609 1876 668 1954 fas,
694 1873 781 1957 quod
797 1873 955 1940 'eeclesiae
977 1873 1091 1938 datum
1112 1879 1191 1951 erat,
1245 1875 1374 1955 iniquas
1401 1873 1594 1939 traditiones
1621 1871 1738 1955 quibus
1765 1873 1871 1954 ipsam
1896 1872 2124 1954 illaquearunt,
2147 1881 2224 1940 tum

218 1959 280 2025 sibi
303 1961 360 2024 uni
381 1959 568 2025 vendicavit
588 1961 767 2042 episcopus.
811 1959 954 2025 Perinde
973 1960 1061 2023 enim
1083 1966 1133 2023 est
1155 1980 1192 2024 ae
1245 1960 1620 2043 pseudoecclesiasticarn
1648 1957 1922 2035 iurisdictionem,
1952 1979 2051 2040 quam
2073 1980 2131 2041 per
2153 1960 2220 2024 suf·

218 2048 246 2111 si
268 2053 385 2111 senatu
408 2045 546 2128 expulso
563 2046 678 2111 consul
699 2047 873 2128 imperium
897 2045 986 2110 solus
1009 2054 1191 2127 occuparet.
1245 2047 1416 2129 haganeos
1449 2052 1483 2110 et
1514 2044 1668 2110 officiales
1698 2051 1860 2108 exercent.
1911 2043 1998 2107 Nam
2031 2044 2059 2108 si
2087 2042 2220 2110 Christo

216 2133 334 2214 Atqui,
363 2139 402 2195 ut
428 2140 479 2196 est
508 2131 642 2214 reliquis
671 2132 793 2196 honore
817 2132 974 2213 superior,
996 2131 1044 2195 ita
1064 2131 1100 2194 in
1120 2131 1193 2213 ipso
1244 2153 1386 2215 regnum
1404 2133 1491 2195 inter
1508 2152 1568 2196 nos
1585 2130 1815 2213 permittimus,
1837 2130 1909 2193 fieri
1927 2151 1994 2193 non
2011 2137 2120 2211 potest
2141 2130 2219 2212 quin

216 2217 352 2300 collegio
378 2216 451 2298 plus
478 2225 529 2282 est
556 2218 740 2282 autoritatis
767 2238 866 2299 quam
892 2218 929 2280 in
960 2237 1027 2281 uno
1049 2217 1190 2280 homine.
1244 2224 1352 2282 tetum
1378 2216 1466 2283 istud
1494 2216 1724 2281 dominationis
1751 2236 1855 2298 genus
1883 2215 2046 2296 extemplo
2078 2224 2219 2297 proster-

216 2304 299 2368 Fuit
331 2303 433 2385 igitur
465 2303 591 2368 facinus
624 2304 722 2368 nimis
754 2303 953 2387 improbum,
986 2301 1072 2384 quod
1107 2323 1191 2367 unus
1244 2310 1344 2367 natur
1366 2323 1404 2368 ac
1426 2310 1564 2368 corruat.
1610 2302 1667 2366 Ius
1689 2309 1798 2365 autem
1821 2300 1921 2383 gladii
1948 2299 2034 2382 quod
2057 2299 2119 2364 sibi
2140 2323 2219 2383 quo·

216 2390 324 2466 homo,
347 2388 507 2452 translata
528 2388 569 2453 ad
591 2410 626 2453 se
647 2390 812 2454 communi
829 2397 998 2471 potestate,
1022 2396 1056 2451 et
1077 2395 1192 2471 tyren·
1245 2410 1307 2470 que
1337 2387 1501 2467 tribuunt,
1536 2388 1613 2470 quia
1636 2388 1670 2450 in
1699 2386 1913 2460 conscientias
1940 2407 2007 2450 non
2036 2395 2217 2466 exercetur,

216 2476 310 2540 nicae
340 2473 467 2539 hbrdim
498 2475 653 2558 patefecit
686 2474 821 2552 aditum,
852 2483 885 2539 et
917 2473 1071 2539 ecelesiae
1106 2473 1192 2556 quod
1244 2481 1385 2540 tractare
1418 2474 1600 2557 praesentis
1628 2473 1751 2556 negotii
1787 2493 1855 2536 non
1884 2480 1942 2535 est.
2002 2471 2077 2551 Qua
2113 2479 2226 2539 tamen

217 2582 315 2626 snum
341 2567 413 2624 erat
440 2560 569 2642 eripuit,
598 2571 631 2624 et
657 2581 846 2626 consessum
873 2581 892 2624 a
919 2559 1044 2624 Christi
1073 2560 1192 2643 spiritu
1244 2561 1346 2624 etiam
1356 2561 1391 2624 in
1402 2569 1495 2642 parte
1514 2559 1774 2624 animadvertere
1792 2578 1909 2639 operae
1927 2557 2071 2639 pretium
2092 2565 2151 2638 est,
2170 2558 2223 2623 sui

217 2647 403 2712 ordinatum
423 2648 604 2728 suppressit
625 2653 659 2712 et
680 2645 850 2712 abdicavit.
1244 2667 1373 2727 semper
1390 2640 1462 2711 esse
1484 2645 1619 2724 similes;
1642 2643 1727 2708 nihil
1748 2643 1872 2708 scilicet
1892 2644 2002 2707 minus
2017 2663 2115 2725 quam
2137 2643 2224 2726 quod

303 2736 332 2796 7.
375 2731 512 2811 Verum,
545 2741 584 2796 ut
616 2731 706 2797 aliud
738 2733 864 2796 malum
896 2751 1025 2813 semper
1058 2752 1099 2794 ex
1129 2730 1192 2795 alio
1244 2731 1360 2795 haberi
1377 2730 1501 2810 volunt,
1521 2731 1674 2796 ecelesiae
1691 2730 1847 2812 pastores.
1881 2729 1950 2793 Nec
1968 2728 2144 2810 peculiaria
2162 2729 2223 2794 ho-

215 2819 381 2896 nascitur,
422 2819 564 2901 episcopi
595 2819 688 2884 velut
719 2840 791 2882 rem
823 2839 883 2883 sua
913 2837 992 2882 cura
1023 2815 1193 2900 indignam
1243 2817 1372 2882 minum
1383 2818 1472 2895 vitia,
1485 2816 1542 2882 sed
1555 2836 1726 2880 commune
1737 2815 1838 2879 totius
1850 2812 1974 2878 ordinis
1985 2813 2100 2891 scelus,
2123 2814 2221 2880 adeo·

215 2903 429 2981 fastidientes,
460 2903 501 2968 ad
529 2904 610 2969 alios
638 2904 841 2988 ablegarunt
886 2901 968 2967 Inde
998 2903 1100 2968 creati
1121 2903 1192 2966 offi-
1244 2924 1306 2985 que
1316 2903 1422 2984 ipsam
1439 2901 1561 2968 ordinis
1578 2910 1705 2985 pestem
1722 2920 1839 2984 arguo:
1863 2898 1992 2982 quando
2010 2899 2147 2965 mutilus
2164 2900 2221 2965 ille

217 2990 324 3065 ciales,
356 2989 413 3071 qui
441 2989 550 3055 locum
577 2991 672 3054 illum
698 2991 912 3056 sustinerent:
947 2987 1093 3053 nondum
1121 2986 1192 3051 dico
1243 2989 1313 3053 fore
1334 2988 1489 3067 creditur,
1512 2988 1576 3053 nisi
1598 2987 1764 3070 opulentia
1781 2993 1814 3051 et
1835 2985 1983 3068 superbis
2005 2985 2109 3051 titulis
2128 3007 2221 3068 speo-

216 3074 312 3156 quale
334 3095 439 3157 genus
460 3075 647 3154 hominum,
669 3076 732 3140 hoc
760 3083 893 3139 tantum
915 3072 994 3153 dico,
1023 3073 1107 3138 nihil
1130 3073 1192 3137 dif-
1245 3073 1353 3140 tabilis
1387 3074 1493 3138 fuerit
1546 3071 1587 3139 ai
1618 3074 1679 3138 hac
1711 3072 1752 3137 de
1785 3094 1821 3137 re
1852 3071 1977 3136 Christi
2011 3071 2222 3138 autoritatem

217 3160 304 3224 ferre
332 3179 352 3222 a
379 3161 525 3242 profanis
556 3161 726 3228 iudicibus.
771 3161 817 3224 Et
843 3169 969 3232 tamen
988 3159 1192 3242 spiritualem
1243 3159 1439 3243 quaerimus,
1466 3181 1534 3224 non
1562 3158 1698 3224 dubium
1721 3159 1799 3240 quin
1822 3157 1915 3223 verbi
1937 3157 1989 3221 sui
2010 3157 2178 3222 ministros
2200 3178 2222 3223 a

217 3245 474 3310 iurisdictionem
496 3246 603 3312 adhuc
624 3255 750 3325 vocant,
773 3246 829 3312 ubi
851 3267 917 3311 non
947 3245 1011 3311 nisi
1033 3244 1192 3310 derebus
1244 3244 1332 3312 civili
1354 3245 1574 3310 dominatione
1597 3267 1634 3311 ac
1657 3256 1787 3308 terreno
1808 3242 1944 3325 imperio
1972 3262 2082 3308 arcere
2104 3243 2218 3308 volue-

218 3331 359 3394 terrenis
385 3331 543 3415 litigatur.
588 3332 636 3398 Ut
663 3333 748 3398 nihil
774 3333 818 3397 sit
845 3331 936 3396 aliud
963 3331 1056 3408 mali,
1084 3331 1192 3396 forum
1243 3333 1301 3411 rit,
1329 3352 1432 3414 quum
1459 3331 1581 3396 diceret
1609 3330 1745 3416 (Matth.
1775 3333 1831 3406 20,
1863 3332 1918 3407 25;
1951 3328 2033 3394 Luc.
2057 3331 2115 3407 22,
2144 3328 2216 3408 25):

217 3416 397 3500 litigiosum
418 3419 609 3499 quofronte
631 3438 749 3484 vocare
770 3417 893 3484 audent
912 3416 1070 3482 iudicium
1091 3416 1193 3482 ecele-
1244 3438 1338 3501 reges
1358 3416 1509 3500 gentium
1531 3416 1742 3481 dominantur
1762 3414 1842 3492 illis,
1864 3435 1923 3480 ros
1941 3421 2051 3478 autem
2071 3436 2139 3478 non
2161 3414 2216 3480 sio.

219 3501 309 3567 siae?
351 3504 398 3566 At
414 3501 481 3567 illie
498 3512 577 3568 sunt
594 3506 798 3583 monitiones,
822 3511 873 3569 est
889 3503 1191 3569 excommunicatio.
1245 3502 1420 3586 Significat
1441 3503 1528 3568 enim
1550 3525 1617 3567 non
1638 3500 1733 3566 modo
1756 3501 1895 3584 pastoris
1918 3501 2061 3565 officium
2082 3500 2218 3566 dutiae·

219 3585 354 3653 Scilicet
380 3588 428 3650 ita
458 3610 533 3653 curn
559 3591 631 3655 Deo
658 3591 790 3655 luditur.
840 3589 949 3655 Debet
975 3588 1193 3671 pauperculus
1244 3597 1317 3654 tum
1350 3609 1421 3654 esse
1449 3589 1490 3654 ab
1518 3590 1622 3654 officio
1647 3588 1821 3672 principis,
1850 3586 1907 3652 sed
1934 3607 1986 3650 res
2015 3608 2085 3652 esse
2113 3586 2218 3670 magis

220 3673 338 3756 aliquis
365 3674 559 3755 pecuniam?
590 3677 721 3755 citatur;
751 3678 778 3742 si
801 3680 975 3758 comparet,
1005 3673 1191 3752 damnatur;
1245 3689 1410 3758 separatas
1433 3696 1532 3757 quam
1554 3676 1648 3739 utin
1668 3695 1772 3738 unum
1794 3673 1960 3737 hominem
1981 3672 2067 3736 coire
2088 3677 2217 3753 queant.

220 3759 396 3823 damnatus
417 3760 480 3824 nisi
498 3760 684 3840 satisfamat,
706 3771 876 3836 monetur;
899 3783 919 3826 a
940 3759 1120 3824 monitione
1142 3779 1192 3824 se-
1244 3761 1332 3826 Nam
1349 3760 1435 3843 quod
1454 3761 1563 3826 Moses
1581 3769 1759 3842 utrumque
1776 3758 1873 3824 simul
1892 3758 2056 3832 sustinuit,
2075 3757 2220 3839 primum

219 3843 328 3910 cunda
360 3842 481 3927 gradus
513 3847 552 3910 fit
584 3847 625 3912 ad
652 3847 1037 3923 excommunicationem
1072 3846 1100 3910 si
1127 3866 1193 3910 non
1244 3867 1320 3911 raro
1344 3846 1378 3910 id
1405 3846 1563 3911 miraculo
1591 3846 1715 3911 factum
1743 3852 1806 3923 est;
1836 3840 1952 3907 deiude
1973 3842 2035 3905 fuit
2057 3849 2219 3922 tempora-

219 3936 399 4013 comparet,
429 3938 581 3995 monetur
607 3936 644 3998 ut
672 3955 707 3999 se
733 3935 827 3999 sistat
855 3932 974 3999 iudicio
981 3955 989 4011 ;
1016 3931 1045 3997 si
1066 3951 1193 3996 moram
1244 3933 1341 4012 rium,
1365 3931 1465 3998 donec
1486 3954 1539 3997 res
1560 3932 1678 3996 melius
1698 3935 1977 4012 componerentur.
2021 3926 2087 3991 Ubi
2108 3933 2220 3990 autem

219 4017 314 4094 facit,
345 4023 512 4094 monetur,
535 4025 570 4080 et
595 4040 673 4083 mox
702 4019 1011 4085 excommunicatur.
1052 4015 1192 4099 Quaes0,
1246 4026 1336 4084 certa
1361 4019 1509 4082 formae
1536 4017 1681 4082 Domino
1703 4013 1945 4098 praescribitur,
1972 4011 2078 4078 civilis
2101 4013 2220 4096 guber-

220 4101 298 4184 quid
309 4103 442 4166 omnino
462 4102 568 4166 simile
579 4104 633 4168 vel
650 4124 724 4169 cum
735 4107 883 4171 instituto
901 4105 1035 4182 Christi,
1053 4104 1107 4170 vel
1115 4124 1194 4170 oum
1246 4105 1335 4170 natio
1363 4104 1394 4168 ei
1419 4103 1631 4185 relinquitur;
1661 4098 1877 4166 sacerdotium
1903 4098 2034 4162 iubetur
2054 4099 2148 4163 fratri
2168 4118 2220 4162 re·
2300 4139 2303 4145 ‚

220 4209 310 4252 more
332 4189 448 4271 prisco,
478 4188 531 4253 vel
560 4210 635 4254 cum
655 4191 782 4255 ratione
804 4189 1042 4256 ecelesiastica?
1087 4192 1135 4254 At
1155 4191 1195 4254 fit
1246 4192 1385 4274 signare.
1410 4189 1474 4265 vIlt
1504 4188 1635 4252 merito:
1672 4194 1723 4251 est
1756 4184 1845 4249 enim
1879 4205 1979 4266 supra
2006 4193 2159 4249 naturam
2183 4187 2221 4247 ut

221 4274 320 4339 etiarn
344 4273 411 4339 illic
439 4272 478 4337 de
506 4275 596 4339 vitiis
623 4296 768 4341 censura.
818 4276 945 4359 Nempe
972 4277 1193 4352 scortationes,
1246 4298 1333 4341 unus
1354 4275 1451 4339 horno
1473 4274 1605 4356 utrique
1632 4273 1723 4336 oneri
1751 4270 1899 4336 sufficiat.
1943 4269 2045 4353 quue
2067 4271 2130 4333 fuit
2150 4289 2221 4333 sae-

221 4358 380 4438 lascivias,
404 4358 577 4427 ebrietates
595 4370 629 4425 et
650 4362 720 4427 eins
737 4361 867 4445 generis
884 4362 1010 4446 flagitia
1031 4383 1099 4427 non
1119 4368 1195 4425 tan·
1247 4362 1329 4427 culis
1366 4357 1516 4425 omnibus
1555 4358 1729 4442 diligenter
1766 4356 1801 4420 in
1834 4356 1970 4421 ecclesia
2001 4356 2220 4420 observatum.

223 4452 295 4508 tum
315 4446 467 4524 tolerant,
494 4446 551 4511 sed
578 4448 678 4512 tacita
705 4446 941 4529 quodammodo
963 4446 1195 4531 approbatione
1246 4447 1316 4512 Nec
1337 4446 1509 4530 quisquam
1531 4445 1659 4509 exstitit
1685 4445 1917 4527 episcoporum,
1947 4440 2102 4524 quamdiu
2124 4439 2221 4503 dura·

222 4530 335 4626 fovent
355 4552 394 4596 ae
415 4533 623 4612 confirmant;
645 4553 751 4631 neque
777 4532 812 4597 id
840 4534 876 4596 in
896 4532 989 4615 plebe
1011 4532 1116 4612 modo,
1139 4529 1197 4596 sed
1247 4534 1297 4598 vit
1322 4554 1401 4598 vera
1428 4531 1538 4614 aliqua
1564 4530 1719 4596 ecclesiae
1745 4528 1859 4608 facies,
1888 4529 1943 4612 qui
1972 4525 2011 4590 de
2034 4523 2222 4609 usurpando

223 4636 260 4678 m
286 4616 365 4698 ipsis
393 4639 520 4701 quoque
548 4618 683 4685 clericis.
727 4620 783 4684 Ex
810 4618 923 4682 multis
973 4640 1070 4684 auocs
1097 4615 1147 4703 ad
1161 4638 1196 4683 se
1247 4619 1320 4683 iure
1342 4615 1443 4701 gladii
1464 4619 1636 4701 cogitaret3
1659 4625 1697 4680 ut
1717 4613 1806 4681 istud
1827 4622 1913 4679 esset
1930 4614 2067 4696 vulgare
2088 4631 2223 4694 provor-

225 4709 356 4780 vocant,
385 4704 438 4768 vel
465 4727 507 4769 ne
533 4700 708 4777 rideantur
733 4704 833 4770 nimis
855 4724 929 4769 sooo
970 4725 1004 4767 θε
1025 4704 1061 4769 in
1082 4703 1196 4770 conni-
1248 4705 1340 4770 bium
1368 4704 1535 4769 Ambrosii
1547 4703 1571 4785 ¹)
1600 4709 1722 4782 aetate,
1750 4703 1962 4783 imperatores
1987 4699 2094 4781 magis
2116 4716 2222 4763 sacer-

226 4784 346 4864 vendo,
379 4790 432 4855 vel
456 4798 495 4855 ut
520 4793 694 4874 pecuniam
721 4790 920 4873 emulgeant.
966 4789 1071 4854 Taceo
1103 4808 1196 4872 prae·
1250 4790 1377 4855 dotium
1408 4798 1536 4873 optasse
1571 4809 1668 4870 quam
1695 4788 1870 4870 imperium
1897 4783 2089 4850 sacerdotes.
2139 4784 2224 4847 Erat

227 4870 301 4951 das,
329 4874 475 4956 rapinas,
504 4878 688 4961 peculatus,
710 4875 882 4960 sacrilegia
902 4893 985 4959 quae
1006 4874 1083 4939 inde
1106 4874 1198 4939 colli-
1250 4877 1340 4940 enim
1372 4876 1410 4939 in
1444 4876 1591 4940 omnium
1623 4875 1790 4939 mentibus
1819 4872 1962 4936 infixum
1990 4869 2077 4953 quod
2111 4876 2223 4953 postea

225 4965 361 5041 guntur.
406 4961 512 5027 Taceo
533 4964 654 5046 quales,
677 4970 715 5029 ut
736 4963 925 5048 plurimum,
947 4958 1134 5044 deligantur
1156 4959 1199 5026 ad
1250 4961 1341 5113 gicit:
1371 4960 1412 5025 ad
1435 4961 1670 5110 limperatorem
1697 4958 1863 5045 pertinere
1890 4957 2029 5042 palatia,
2053 4955 2095 5021 ad
2116 4975 2224 5020 sacer-

1272 5055 1358 5112 otem
1380 5068 1434 5112 eoo
1447 5047 1540 5112 esias.

296 5232 324 5299 1)
343 5234 376 5285 111
393 5250 451 5302 cap·
470 5234 494 5286 5·
513 5236 615 5304 primae
633 5237 668 5290 ad
685 5238 801 5292 Timoth.
1319 5234 1349 5303 1)
1367 5235 1461 5287 Refert
1479 5234 1530 5287 hoc
1547 5234 1639 5288 homil.
1658 5235 1691 5288 de
1710 5234 1812 5287 basilio.
1832 5232 1979 5286 tradendis.

332 5319 443 5375 casici
456 5336 547 5388 opero.
586 5322 646 5376 Vol
663 5321 706 5376 11.
1985 5314 2020 5371 et
