4672 5842
162 302 225 363 873
528 300 618 365 ΙιΙΒ.
643 301 703 365 IV.
748 301 812 366 DE
835 297 1070 366 EXTERNIS
1092 296 1259 365 Munus
1283 298 1348 364 AD
1372 247 1601 366 amorum.
1647 299 1746 367 OAP.
1769 300 1813 365 X.
2109 307 2172 368 874

161 496 196 552 et
224 477 426 569 adplenum
457 488 601 552 instituit
629 489 770 570 qualiter
797 489 841 553 sit
862 488 1025 554 colendus.
1071 486 1145 568 Quo
1170 494 1173 517 '·
1198 488 1363 561 Vicerint,
1377 508 1470 565 sane,
1500 489 1528 552 si
1547 511 1611 571 quo
1632 487 1729 553 modo
1752 489 1792 553 ab
1814 488 1877 554 hae
1899 488 2024 554 Christi
2046 512 2177 556 accusa·
2266 516 2268 521 ·

161 574 229 638 hoc*
241 572 450 650 demonstret,
473 576 579 656 primo
597 576 702 657 capite
722 573 800 640 dicit
820 577 855 639 in
877 575 1047 658 evangelio
1069 596 1144 638 con·
1198 573 1287 637 tione
1314 593 1454 656 purgare
1481 597 1516 638 se
1543 583 1705 656 poterunt.
1757 572 1825 640 Sed
1853 573 2013 657 quomodo
2042 597 2176 641 excusa-

163 660 262 722 tineri
296 680 427 723 omnem
461 661 670 742 sapientiam,
705 682 770 743 qua
802 661 964 743 perfectus
990 659 1146 724 reddatur
1197 668 1284 737 rent,
1311 680 1414 740 quum
1441 661 1600 725 immenso
1628 660 1715 742 apud
1736 683 1790 726 eos
1814 661 2003 727 sceleratius
2025 662 2068 724 sit
2089 664 2175 726 auri·

162 746 261 809 homo
283 745 347 808 Dei
377 746 413 808 in
437 745 578 811 Christo.
624 747 724 810 Initio
751 747 886 812 secundi
914 746 1002 825 dicit,
1032 767 1145 810 omnes
1197 745 1340 810 cularem
1364 745 1599 811 confessionem
1627 756 1773 812 vertente
1801 769 1887 812 anno
1909 746 2175 830 praetermisisse,

161 832 344 913 sapientiae
363 839 397 895 et
414 832 650 914 intelligentiae
669 832 839 898 thesauros
860 834 897 896 in
920 832 1052 898 Christo
1075 853 1145 896 esse
1197 852 1296 912 quam
1327 832 1559 913 nequissimam
1592 833 1694 896 vitam
1720 834 1757 896 in
1785 833 1925 899 solidum
1950 854 2076 897 anuum
2101 855 2175 915 pro-

162 916 385 994 absconditos,
413 918 489 982 inde
517 927 631 1000 postea
659 919 838 998 concludit,
869 928 1005 983 caveant
1031 918 1145 982 fideles
1170 976 1173 995 ,
1197 912 1352 981 duxisse?
1382 917 1531 1000 linguam
1560 918 1612 982 die
1633 921 1762 984 veneris
1784 921 1934 985 infecisse
1954 918 2082 985 modico
2105 941 2176 985 ear-

162 1025 206 1067 ne
237 1023 295 1084 per
327 1004 459 1067 inanem
487 1005 727 1086 philosophiam
762 1005 966 1070 abducantur
994 1028 1014 1069 a
1045 1026 1145 1087 grege
1170 1000 1173 1055 l
1196 1003 1248 1067 nis
1271 1012 1379 1085 gustu,
1402 1025 1501 1085 quam
1518 1012 1623 1068 totum
1646 1025 1762 1087 corpus
1782 1005 1896 1070 diebus
1913 1007 2066 1071 omnibus
2089 1027 2176 1071 scor·

162 1088 298 1167 Christi,
322 1090 501 1154 seeundum
524 1092 771 1156 constitutiones
794 1092 972 1156 hominum.
1016 1091 1058 1154 In
1079 1093 1145 1154 fine
1197 1087 1296 1152 tando
1318 1089 1484 1153 foedasse?
1509 1111 1653 1167 manum,
1678 1090 1730 1155 dic
1748 1092 1905 1157 sanctulis
1925 1093 2036 1157 nescio
2059 1091 2177 1176 quibus

163 1183 275 1238 autem
302 1176 418 1257 capitis
445 1177 569 1240 maiore
597 1177 705 1240 adhuc
734 1177 853 1243 fiducia
875 1176 1010 1240 damnat
1032 1197 1145 1240 omncs
1197 1183 1395 1252 consecrato,
1419 1175 1600 1241 admovisse
1622 1177 1759 1241 honesto
1780 1179 1879 1259 operi,
1908 1200 2006 1261 qnam
2027 1178 2176 1261 pessimis

161 1265 430 1343 ἐθελοθρησκείας,
453 1263 514 1328 hoe
533 1274 582 1327 est
603 1264 732 1327 fictitios
754 1264 871 1342 cultus,
894 1284 976 1345 quos
998 1262 1145 1326 homines
1170 1254 1173 1353 ξ
1197 1259 1395 1326 facinoribus
1422 1259 1551 1326 assidue
1578 1264 1726 1327 membra.
1755 1265 1866 1328 omnia
1895 1264 2100 1329 exercuisse?
2124 1286 2176 1328 sa·

163 1347 225 1410 sibi
255 1348 317 1428 ipsi
344 1349 638 1413 comminiscuntur
664 1349 717 1413 vel
745 1348 786 1413 ab
815 1350 889 1413 aliis
917 1350 1090 1430 accipiunt,
1114 1354 1146 1412 et
1171 1388 1173 1412 1
1197 1348 1343 1412 crificum
1371 1347 1515 1430 legitimo
1544 1371 1608 1412 uuo
1635 1348 1796 1414 connubio
1819 1350 1971 1432 copulari,
1992 1373 2090 1433 quam
2112 1349 2175 1413 illi·

163 1453 376 1515 quaeeunque
404 1432 444 1498 de
473 1435 565 1500 cultu
594 1434 657 1499 Dei
685 1435 815 1500 tradere
842 1446 1015 1517 praecepta
1042 1457 1083 1498 ex
1111 1456 1145 1499 se
1171 1418 1173 1519 l
1197 1432 1269 1516 geri
1296 1432 1385 1496 mille
1408 1433 1592 1513 adulteriis;
1621 1437 1765 1501 votivam
1794 1436 2088 1520 peregrinationem
2110 1457 2175 1501 non

163 1517 294 1583 audent.
340 1519 510 1612 Habpmus
533 1542 620 1603 ergo,
649 1522 767 1604 impias
797 1544 867 1586 esse
890 1543 1003 1584 omnes
1025 1521 1145 1584 consti·
1170 1525 1173 1540 '
1197 1518 1399 1600 persolvisse,
1419 1539 1517 1601 quam
1535 1521 1568 1583 in
1585 1522 2026 1602 pronnssisomnibusfidcm
2041 1521 2173 1587 fallere?

163 1604 322 1682 tationes,
355 1607 390 1668 in
417 1628 558 1687 quarum
586 1607 809 1672 observatione
837 1607 944 1672 cultus
971 1605 1036 1670 Dei
1063 1607 1145 1670 situs
1170 1602 1173 1657 ἵ
1197 1607 1232 1668 in
1264 1602 1465 1687 prodigiosos
1497 1627 1558 1670 nec
1590 1609 1700 1670 minus
1730 1629 1948 1689 supervacuos
1978 1629 2016 1672 ac
2042 1608 2176 1673 inutiles

163 1712 235 1755 esse
264 1690 409 1774 fingitur.
461 1693 542 1757 Loci
575 1715 652 1757 vero
686 1692 803 1775 quibus
830 1695 864 1757 in
894 1693 1023 1757 Galatis
1050 1700 1146 1775 urget
1170 1687 1172 1775 j
1197 1690 1397 1772 templorum
1425 1692 1522 1756 luxus
1550 1714 1616 1755 non
1644 1692 1765 1775 aliquid
1790 1693 1978 1776 profudisse,
2001 1716 2098 1777 quam
2120 1693 2176 1758 de-

162 1796 232 1840 non
255 1798 326 1840 esse
344 1776 477 1859 laqueos
495 1779 702 1844 conscientiis
718 1778 901 1845 induendos
919 1780 1014 1862 (quas
1037 1800 1056 1841 a
1077 1778 1145 1842 solo
1170 1800 1172 1845 ;
1197 1776 1298 1840 fuisse
1321 1776 1445 1840 ultiniis
1467 1799 1648 1859 pauperum
1671 1781 1939 1845 necessitatibus?
1964 1781 2087 1845 idolum
2106 1779 2176 1844 sine

164 1861 237 1926 Deo
255 1863 326 1945 regi
348 1864 525 1946 convenit),
549 1867 629 1929 satis
647 1873 724 1929 sunt
742 1866 857 1949 aperti,
880 1865 1073 1947 praesertim
1091 1887 1145 1930 ca·
1170 1850 1172 1933 l
1198 1862 1320 1926 honore
1356 1864 1576 1943 praeteriisse,
1612 1886 1710 1946 quam
1746 1866 1916 1930 hominum
1949 1887 2046 1931 omne
2072 1887 2176 1948 genus

164 1949 232 2030 pite
254 1948 376 2030 quinto.
422 1950 500 2014 Ideo
524 1951 665 2015 sufficiat
687 1961 868 2017 annotasse.
1169 1940 1427 2013 lcontumeliose
1465 1949 1643 2014 tractasse?
1684 1971 1750 2014 non
1784 1951 2047 2017 demurmurasse
2079 1952 2175 2016 certis

252 2037 280 2097 9.
327 2032 395 2099 Sed
416 2037 492 2117 quia
515 2037 673 2119 exemplis
695 2058 748 2105 res
771 2046 841 2102 tota
862 2038 980 2102 melius
1002 2040 1144 2119 patefiet,
1170 2024 1172 2103 l
1197 2033 1286 2097 horis
1308 2034 1407 2116 longa
1428 2036 1498 2099 sine
1520 2058 1618 2100 sensu
1639 2037 1749 2114 verba,
1776 2058 1873 2119 quam
1901 2038 2082 2121 legitimam
2103 2058 2175 2102 ora·

163 2130 340 2202 antequam
374 2121 463 2184 ultra
497 2123 741 2206 progredimur,
773 2145 891 2206 operae
924 2124 1067 2206 pretium
1096 2134 1146 2186 est
1169 2112 1172 2218 ζ
1196 2121 1318 2184 tionem
1340 2123 1450 2185 animo
1472 2143 1640 2204 nunquam
1666 2123 1874 2206 concepisse?
1920 2122 2009 2204 Quid
2031 2134 2081 2188 est
2101 2124 2175 2187 irri-

162 2206 248 2270 hanc
282 2205 465 2272 doctrinam
498 2208 540 2271 ad
574 2219 686 2272 nostra
718 2219 864 2292 tempora
891 2207 1143 2274 accommodare.
1196 2213 1268 2269 tum
1290 2207 1395 2270 facere
1418 2217 1552 2289 propter
1569 2229 1645 2271 suas
1663 2208 1855 2274 traditiones
1872 2210 1937 2275 Dei
1954 2218 2175 2293 praeceptum,

163 2290 424 2357 Constitutiones
446 2316 526 2375 quas
548 2304 667 2360 vocant
688 2295 930 2373 ecclesiasticas,
953 2295 1072 2377 quibus
1089 2315 1145 2375 pa-
1196 2291 1262 2355 nisi
1285 2292 1345 2356 hoc
1373 2293 1443 2357 est?
1473 2315 1574 2375 quum
1597 2294 1839 2360 observationes
1860 2295 2091 2360 mandatorum
2111 2296 2177 2360 Dei

162 2398 206 2460 pa
233 2399 308 2442 cum
337 2381 406 2443 suis
445 2380 559 2444 onerat
588 2381 772 2458 eeclesiam,
812 2381 949 2446 dicimus
984 2381 1145 2462 pernicio·
1170 2414 1173 2447 ι
1196 2376 1315 2460 frigide
1332 2385 1464 2442 tantum
1481 2387 1514 2443 et
1537 2379 1738 2445 defunctorie
1756 2382 2021 2447 commendantes
2043 2402 2177 2445 suormn

164 2485 218 2527 sas
254 2484 324 2528 esse
354 2473 387 2529 et
418 2466 549 2548 impias:
583 2465 762 2531 adversarii
790 2469 893 2532 nostri
919 2477 1048 2533 sanetas
1075 2489 1146 2531 esse
1170 2456 1173 2503 ³
1197 2472 1347 2528 exactam
1364 2464 1581 2529 obedientiam
1599 2467 1702 2530 nihilo
1725 2468 1834 2532 minus
1857 2468 2000 2532 studiose
2024 2476 2057 2532 et
2078 2468 2176 2532 anxie

164 2558 197 2612 et
220 2549 378 2615 salutares
401 2551 588 2618 defendunt.
626 2550 715 2618 Sunt
736 2563 846 2617 autem
869 2553 932 2617 duo
954 2574 1068 2617 earum
1090 2574 1145 2635 ge·
1198 2560 1326 2633 urgent,
1355 2572 1454 2633 quam
1481 2552 1508 2615 si
1537 2560 1640 2615 totam
1661 2555 1792 2635 pietatis
1814 2555 1880 2619 vim
1909 2556 1945 2617 in
1972 2576 2007 2618 se
2029 2553 2176 2617 contine·

163 2657 258 2700 nera:
293 2658 371 2701 nam
404 2638 488 2701 aliae
521 2649 601 2704 sunt
619 2637 673 2705 ,de
706 2640 919 2704 caeremoniis
953 2649 987 2702 et
1019 2638 1145 2715 ritibus,
1197 2648 1287 2716 rent;
1321 2658 1422 2719 quum
1457 2636 1588 2702 divinae
1619 2636 1700 2722 legis
1729 2642 2022 2723 transgressionem
2048 2639 2175 2704 levibus

162 2722 245 2786 aliae
273 2722 314 2787 ad
344 2723 550 2806 disciplinam
578 2725 684 2808 magis
712 2733 868 2807 spectant.
914 2726 1017 2789 Estne
1044 2726 1147 2808 igitur
1170 2758 1173 2815 3
1198 2723 1456 2787 satisfactionum
1484 2724 1615 2788 mulctis
1638 2724 1830 2790 idciscentes
1852 2727 1949 2790 unius
1977 2726 2029 2789 sui
2051 2724 2175 2788 decreti

162 2808 249 2873 iusta
271 2830 370 2875 causa
392 2832 474 2892 quae
496 2832 557 2874 nos
579 2811 622 2877 ad
643 2822 797 2893 utrasque
814 2810 1055 2894 impugnandas
1076 2832 1145 2874 mo-
1171 2822 1173 2931 )
1197 2809 1249 2873 vel
1272 2809 1442 2872 minimam
1464 2810 1677 2875 offensionem
1699 2811 1791 2875 nulla
1812 2812 1933 2877 leviore
1961 2831 2066 2893 poena
2088 2811 2175 2893 plec-

162 2892 258 2959 veat?
294 2895 418 2960 Iustior
438 2907 525 2960 corte
542 2904 641 2979 quain
654 2897 821 2962 vehemus.
857 2898 1019 2973 Primum,
1037 2917 1146 2961 nonne
1171 2950 1173 2977 ,
1197 2902 1273 2958 tunt
1294 2915 1394 2977 quam
1416 2916 1554 2974 carcere,
1577 2897 1701 2974 exsilio,
1723 2897 1873 2962 incendio
1896 2908 1954 2962 aut
1975 2895 2092 2981 gladio.
2132 2896 2175 2960 In

163 2990 295 3044 autores
316 2981 329 3043 i
352 2983 379 3047 si
402 2984 490 3060 clara
512 3003 591 3048 voce
612 2980 782 3061 definiunt,
805 2984 1015 3066 ipsissimum,
1040 2992 1078 3046 ιιι
1099 2984 1147 3046 ιιι
1170 2984 1173 3047 ἐ
1196 2981 1260 3046 Dei
1299 2990 1537 3063 contemptores
1570 3003 1639 3046 non
1671 2985 1718 3047 ita
1750 2985 1856 3065 asperi
1887 2994 1921 3048 et
1948 2981 2175 3062 inexorabiles,

163 3063 292 3146 loquar,
356 3068 385 3131 ei
418 3069 543 3133 cultum
571 3069 608 3132 in
638 3068 718 3151 ipsis
746 3069 927 3133 contineri?
979 3068 1020 3132 In
1047 3090 1145 3150 quem
1170 3056 1173 3181 )
1197 3089 1273 3132 suos
1306 3075 1545 3149 contemptores
1576 3067 1777 3151 implacabili
1808 3068 1881 3133 odio
1914 3069 1956 3134 ad
1988 3073 2176 3133 extremum

165 3151 265 3213 finem
287 3154 458 3218 conferunt
479 3176 557 3218 suas
578 3157 808 3233 caeremonias,
837 3157 900 3220 nisi
928 3165 967 3219 ut
992 3155 1145 3237 perillus
1170 3200 1173 3253 ‚
1196 3165 1438 3235 persequuntur
1445 3176 1453 3231 ;
1480 3173 1519 3218 ao
1541 3175 1595 3219 eos
1621 3175 1734 3219 omnes
1757 3155 1803 3220 sic
1825 3156 2012 3233 instituunt,
2035 3174 2176 3236 quorum

165 3235 258 3299 Deus
286 3237 432 3303 colatur?
484 3241 598 3323 Neque
625 3241 659 3305 id
682 3243 720 3304 fit
747 3241 815 3306 solo
838 3263 947 3305 errore
975 3242 1145 3324 imperitae
1170 3256 1172 3336 )
1196 3239 1438 3321 simplicitatem
1471 3240 1636 3324 captivam
1663 3251 1790 3318 tenent,
1824 3253 1861 3305 ut
1887 3241 2038 3324 aequiore
2066 3243 2176 3304 animo

165 3320 399 3389 multitudinis:
424 3326 480 3390 sed
500 3347 613 3390 eorum
631 3328 864 3409 approbatione
882 3328 937 3409 qui
958 3327 1066 3393 locum
1089 3327 1145 3391 do-
1169 3356 1172 3399 :
1197 3326 1386 3390 universam
1413 3326 1477 3390 Dei
1499 3326 1606 3409 legem
1632 3328 1825 3391 subversam
1847 3328 1950 3393 visuri
1978 3328 2052 3404 sint,
2076 3346 2174 3409 quam

166 3406 260 3471 cendi
278 3407 407 3474 habent.
447 3413 596 3477 Naana
617 3433 743 3477 crassas
760 3414 1003 3478 abominationes
1020 3414 1144 3496 odnvpo,
1196 3411 1361 3492 apiculum
1388 3412 1423 3475 in
1450 3413 1631 3494 praeceptis
1658 3413 1711 3495 (ut
1738 3414 1870 3498 vocant)
1898 3412 2051 3478 ccclesiae
2073 3411 2174 3476 viola-

166 3493 280 3574 qnibns
314 3499 407 3560 totam
434 3500 583 3577 pietatem
614 3499 715 3564 moliti
741 3504 814 3563 sant
833 3500 1057 3579 pessimam
1090 3501 1145 3564 sed
1169 3568 1171 3577 ,
1195 3505 1275 3560 tum.
1320 3498 1472 3562 Primum
1499 3498 1646 3580 graviter
1672 3499 1708 3563 in
1730 3520 1769 3563 eo
1798 3499 1999 3583 delinquitur
2025 3498 2111 3580 quod
2134 3496 2173 3562 ob

165 3580 253 3660 apud
275 3599 323 3643 cos
344 3602 406 3645 non
425 3589 489 3647 ιαιιι
511 3590 603 3648 atron
619 3585 786 3667 finperctnr
805 3588 931 3662 crimen,
954 3587 988 3648 in
1010 3586 1145 3650 minima
1195 3604 1248 3651 res
1281 3582 1452 3661 leviculas,
1487 3593 1520 3647 et
1548 3583 1592 3667 (si
1617 3585 1681 3649 Dei
1707 3584 1825 3650 iudicio
1852 3586 2010 3670 staretur)
2043 3583 2173 3660 liberas,

163 3686 287 3746 qnaqne
321 3668 548 3734 traditiunculis
580 3673 645 3736 esse
677 3672 811 3752 lapsana,
842 3673 907 3735 nisi
933 3670 996 3736 Dei
1029 3673 1144 3736 eninm
1196 3669 1279 3732 alter
1318 3669 1459 3733 alterum
1497 3671 1691 3746 contemnit,
1730 3671 1868 3749 iudicat,
1905 3671 2021 3734 abiicit.
2076 3670 2173 3733 Nunc

161 3753 232 3815 anis
250 3757 425 3818 caementis
441 3755 631 3821 subiacent.
666 3755 763 3837 Quod
785 3777 863 3841 ergo
887 3756 1055 3821 tolerabile
1077 3777 1144 3821 non
1196 3775 1273 3819 vero
1296 3757 1388 3836 qnasi
1410 3753 1444 3818 id
1466 3777 1584 3838 parum
1601 3757 1680 3820 mali
1701 3766 1796 3833 esset,
1819 3758 1921 3839 pluris
1943 3754 2175 3837 appenduntur

162 3859 234 3902 esse
257 3837 368 3902 docuit
389 3840 524 3919 Paulus,
547 3841 730 3924 legitimum
748 3843 874 3908 colendi
892 3842 958 3907 Dei
978 3844 1080 3907 ritum
1102 3843 1143 3908 ad
1195 3840 1313 3905 frivola
1333 3840 1392 3905 illa
1414 3842 1512 3906 huius
1533 3841 1648 3906 mundi
1671 3843 1841 3919 elementa,
1866 3854 1903 3906 ut
1923 3840 2049 3905 Paulus
2072 3838 2173 3903 Gala·

160 3923 334 3988 hominum
356 3924 527 3989 arbitrium
549 3927 662 4012 redigi,
691 3931 718 3993 si
745 3930 841 3994 hodic
868 3931 953 3993 ferre
980 3950 1048 3993 non
1069 3951 1143 4012 pos·
1195 3928 1237 3991 tis
1271 3928 1315 4009 (4,
1345 3927 1380 4011 9)
1414 3928 1557 3992 scribens
1589 3938 1766 4009 nuncupat,
1800 3949 1898 4008 quam
1925 3924 2078 3990 coelestia
2109 3925 2174 3989 Dei

161 4031 290 4088 sumus,
319 4009 397 4092 quid
419 4012 611 4093 peccamus?
640 4016 833 4095 praesertim
862 4036 939 4080 vero
967 4037 1069 4098 quum
1090 4038 1142 4081 se·
1193 4013 1333 4078 oracula.
1378 4014 1425 4076 Et
1446 4014 1502 4094 qui
1523 4034 1622 4095 prope
1643 4015 1678 4076 in
1696 4012 1857 4077 adidten'o
1877 4012 2065 4087 absolvitur,
2087 4011 2172 4075 iudi·

161 4095 304 4160 candum
338 4097 500 4161 elementa
525 4098 641 4161 mundi
668 4100 766 4165 huius
793 4102 898 4167 colere
925 4102 1139 4185 praecipiunt,
1194 4109 1288 4164 catur
1315 4102 1349 4163 in
1371 4099 1456 4176 cibo;
1484 4098 1538 4162 cui
1562 4105 1706 4162 scortum
1727 4098 1937 4180 permittitur,
1964 4096 2172 4162 interdicitur

160 4182 248 4262 quod
270 4183 395 4248 Paulus
413 4182 498 4265 (Col.
520 4188 549 4259 2,
569 4183 625 4267 20)
647 4185 814 4251 adversari
836 4187 969 4253 Christo
991 4195 1140 4253 testatur,
1192 4207 1287 4250 uxor.
1337 4184 1411 4248 Hoc
1443 4183 1565 4248 seilicet
1596 4185 1867 4266 praevaricatrice
1900 4185 1957 4248 illa
1989 4183 2171 4248 obedientia

160 4266 309 4332 Rursum
336 4291 434 4352 quam
464 4270 610 4351 praecisa
637 4272 829 4336 necessitate
857 4275 1043 4356 astringant
1064 4296 1140 4339 eon·
1191 4271 1368 4352 proficitur,
1392 4290 1474 4350 quae
1495 4276 1625 4333 tantum
1644 4271 1745 4334 aDeo
1768 4271 1928 4336 avertitur
1949 4278 2111 4352 quantum
2129 4267 2172 4331 ad

161 4353 315 4418 scientias
348 4356 388 4419 ad
417 4355 618 4420 servandum
651 4356 807 4438 quidquid
841 4359 961 4436 iubent,
993 4381 1059 4423 non
1091 4367 1142 4424 est
1192 4357 1344 4421 homines
1364 4354 1509 4419 inclinat.

159 4439 320 4520 ignotum.
370 4442 436 4507 Hie
466 4440 545 4505 dum
573 4442 804 4520 reclamamus,
828 4464 958 4509 causam
981 4445 1141 4509 habemus
1283 4448 1329 4505 11.
1376 4439 1465 4507 Sunt
1483 4442 1548 4505 alia
1568 4462 1694 4523 quoque
1713 4442 1776 4506 duo
1799 4466 1866 4508 non
1888 4443 1973 4508 levia
1990 4441 2070 4504 vitia
2088 4459 2171 4521 quae

160 4545 236 4589 oum
247 4526 352 4591 Paulo
365 4549 580 4605 communem,
599 4528 654 4609 qui
672 4527 871 4593 nullomodo
889 4531 1012 4612 patitur
1028 4530 1141 4596 fideles
1192 4529 1228 4592 in
1266 4527 1384 4593 iisdem
1422 4528 1704 4593 constitutionibus
1736 4527 1966 4611 improbamus.
2020 4526 2172 4590 Primum

160 4613 375 4678 conscientias
390 4615 425 4678 in
436 4615 609 4678 hominum
625 4614 817 4678 servitutem
834 4615 938 4698 redigi
954 4615 1044 4700 (Gal.
1054 4621 1082 4695 5,
1099 4620 1140 4701 1).
1192 4613 1278 4697 quod
1296 4636 1418 4697 magna
1435 4635 1476 4677 ex
1499 4624 1590 4696 parte
1611 4615 1752 4694 inutiles,
1775 4614 1942 4680 interdum
1959 4614 2057 4677 etiam
2079 4613 2171 4693 inep-

252 4702 298 4761 lo.
344 4700 448 4764 Porro
478 4700 566 4765 istud
594 4700 774 4782 pessimum
801 4700 939 4779 accedit,
972 4700 1058 4783 quod
1085 4703 1141 4767 ubi
1193 4708 1243 4765 tas
1261 4699 1503 4765 observationes
1516 4700 1756 4782 praescribunt3
1775 4699 1891 4765 deinde
1909 4699 1994 4782 quod
2011 4699 2172 4762 immensa

162 4781 283 4846 talibus
305 4787 399 4849 vanis
421 4787 589 4870 figmentis
613 4784 743 4851 definiri
764 4786 878 4869 religio
904 4788 1005 4851 semel
1026 4797 1142 4871 coepta
1193 4808 1307 4852 carum
1341 4786 1550 4850 multitudine
1583 4788 1812 4868 opprimuntur
1845 4786 1918 4868 piae
1945 4784 2170 4861 conscientiae,

162 4875 220 4944 est,
244 4873 492 4951 perversitatem
513 4873 603 4937 illam
631 4881 788 4954 perpetuo
816 4872 963 4954 sequitur
985 4870 1142 4938 etaltera
1194 4881 1227 4936 et
1249 4873 1283 4935 in
1304 4872 1503 4936 iudaismum
1524 4870 1687 4954 quendam
1707 4872 1875 4937 revolutae
1899 4873 2026 4937 umbris
2047 4871 2093 4935 sic
2113 4870 2170 4933 ad-

161 4956 372 5020 cxsecrabilis
398 4960 558 5039 pravitas,
589 4981 688 5041 quam
715 4959 903 5023 Pharisaeis
925 4960 1142 5042 exprobrabat
1194 4958 1399 5036 haerescunt,
1413 4956 1689 5022 ntadOhn'stum
1699 4959 2054 5040 nequeantpervenirc.
2073 4955 2171 5038 Inep-

161 5038 330 5120 Christus,
365 5053 402 5105 ut
434 5045 566 5109 irritum
592 5047 652 5110 fiat
678 5053 890 5128 pracceptum
917 5045 983 5109 Dei
1010 5052 1142 5128 propter
1193 5051 1244 5109 tas
1267 5044 1351 5126 quod
1370 5043 1441 5109 dico
1462 5051 1496 5108 et
1515 5043 1657 5122 inutiles,
1681 5046 1747 5108 seio
1765 5045 1873 5110 carnis
1891 5043 2083 5127 prudentiae
2101 5062 2170 5107 ere-

160 5125 334 5193 hominnm
361 5129 552 5196 traditiones
580 5132 714 5214 (Matth.
748 5137 801 5206 15,
831 5130 875 5215 3).
919 5131 1003 5196 ΝοΙο
1029 5139 1143 5197 eontra
1194 5129 1292 5194 dibile
1314 5151 1381 5193 non
1398 5130 1557 5193 futurum:
1583 5131 1636 5193 eni
1653 5136 1823 5214 tantopere
1843 5130 1989 5196 arrident
2010 5137 2048 5194 ut
2067 5129 2170 5195 eccle·

160 5223 353 5294 praesentes
374 5228 502 5280 nostros
523 5218 729 5284 nomothetas
752 5219 859 5284 verbis
879 5219 961 5284 meis
983 5239 1140 5302 pugnare.
1194 5217 1277 5281 siam
1298 5236 1432 5299 prorsus
1454 5214 1629 5280 deformari
1650 5224 1766 5298 putent
1787 5217 1842 5283 ubi
1864 5217 2065 5282 auferuntur.
2101 5213 2170 5281 sed
