<?xml version="1.0" encoding="UTF-8"?>
<!DOCTYPE html PUBLIC "-//W3C//DTD XHTML 1.0 Transitional//EN"
    "http://www.w3.org/TR/xhtml1/DTD/xhtml1-transitional.dtd">
<html xmlns="http://www.w3.org/1999/xhtml" xml:lang="en" lang="en">
 <head>
  <title>
</title>
<meta http-equiv="Content-Type" content="text/html;charset=utf-8" />
  <meta name='ocr-system' content='tesseract 3.04.00' />
  <meta name='ocr-capabilities' content='ocr_page ocr_carea ocr_par ocr_line ocrx_word'/>
</head>
<body>
  <div class='ocr_page' id='page_1' title='image "./ioanniscalvinii00cunigoog_0185.png"; bbox 0 0 4672 5842; ppageno 0'>
   <div class='ocr_carea' id='block_1_1' title="bbox 217 282 2226 363">
    <p class='ocr_par' dir='ltr' id='par_1_1' title="bbox 217 282 2226 363">
     <span class='ocr_line' id='line_1_1' title="bbox 217 282 2226 363; baseline -0.004 -2"><span class='ocrx_word' id='word_1_1' title='bbox 217 300 279 363; x_wconf 79' lang='lat'>347</span> <span class='ocrx_word' id='word_1_2' title='bbox 904 285 1506 354; x_wconf 52' lang='grc'><strong>111811111110111111111181.</strong></span> <span class='ocrx_word' id='word_1_3' title='bbox 1532 291 1625 354; x_wconf 80' lang='lat'>1559.</span> <span class='ocrx_word' id='word_1_4' title='bbox 2120 282 2127 291; x_wconf 80' lang='grc'><em>’</em></span> <span class='ocrx_word' id='word_1_5' title='bbox 2159 284 2226 353; x_wconf 59' lang='lat' dir='ltr'><strong><em>m</em></strong></span> 
     </span>
    </p>
   </div>
   <div class='ocr_carea' id='block_1_2' title="bbox 1250 474 2229 555">
    <p class='ocr_par' dir='ltr' id='par_1_2' title="bbox 1250 474 2229 555">
     <span class='ocr_line' id='line_1_2' title="bbox 1250 474 2229 555; baseline 0 -12"><span class='ocrx_word' id='word_1_6' title='bbox 1250 475 1302 543; x_wconf 84' lang='lat' dir='ltr'>vol</span> <span class='ocrx_word' id='word_1_7' title='bbox 1323 477 1360 540; x_wconf 91' lang='lat' dir='ltr'>in</span> <span class='ocrx_word' id='word_1_8' title='bbox 1381 476 1512 542; x_wconf 88' lang='lat' dir='ltr'>coelesti</span> <span class='ocrx_word' id='word_1_9' title='bbox 1532 477 1670 555; x_wconf 90' lang='lat' dir='ltr'>semine,</span> <span class='ocrx_word' id='word_1_10' title='bbox 1699 476 1752 540; x_wconf 88' lang='lat' dir='ltr'>vel</span> <span class='ocrx_word' id='word_1_11' title='bbox 1779 477 1814 539; x_wconf 91' lang='lat' dir='ltr'>in</span> <span class='ocrx_word' id='word_1_12' title='bbox 1841 474 1984 540; x_wconf 91' lang='lat' dir='ltr'>heminis</span> <span class='ocrx_word' id='word_1_13' title='bbox 2011 475 2106 540; x_wconf 86' lang='lat' dir='ltr'>larva</span> <span class='ocrx_word' id='word_1_14' title='bbox 2128 475 2229 543; x_wconf 82' lang='lat' dir='ltr'>bene-</span> 
     </span>
    </p>
   </div>
   <div class='ocr_carea' id='block_1_3' title="bbox 217 461 2231 643">
    <p class='ocr_par' dir='ltr' id='par_1_3' title="bbox 217 461 2231 643">
     <span class='ocr_line' id='line_1_3' title="bbox 217 461 1197 563; baseline -0.011 -12"><span class='ocrx_word' id='word_1_15' title='bbox 217 484 300 551; x_wconf 85' lang='lat' dir='ltr'>selet.</span> <span class='ocrx_word' id='word_1_16' title='bbox 341 483 445 549; x_wconf 81' lang='lat' dir='ltr'>Uncnn</span> <span class='ocrx_word' id='word_1_17' title='bbox 464 501 536 546; x_wconf 86' lang='lat' dir='ltr'>cero</span> <span class='ocrx_word' id='word_1_18' title='bbox 552 485 663 563; x_wconf 89' lang='lat' dir='ltr'>postea</span> <span class='ocrx_word' id='word_1_19' title='bbox 683 478 759 543; x_wconf 74' lang='lat' dir='ltr'>dicit</span> <span class='ocrx_word' id='word_1_20' title='bbox 779 478 866 561; x_wconf 77' lang='lat' dir='ltr'>loripe</span> <span class='ocrx_word' id='word_1_21' title='bbox 881 461 1009 557; x_wconf 74' lang='lat' dir='ltr'>firmins</span> <span class='ocrx_word' id='word_1_22' title='bbox 1026 497 1059 541; x_wconf 89' lang='lat' dir='ltr'>se</span> <span class='ocrx_word' id='word_1_23' title='bbox 1077 477 1197 558; x_wconf 82' lang='lat' dir='ltr'>afferre,</span> 
     </span>
     <span class='ocr_line' id='line_1_4' title="bbox 1250 560 2231 643; baseline 0.004 -16"><span class='ocrx_word' id='word_1_24' title='bbox 1250 562 1347 627; x_wconf 89' lang='lat' dir='ltr'>dictio</span> <span class='ocrx_word' id='word_1_25' title='bbox 1368 562 1585 643; x_wconf 78' lang='lat' dir='ltr'>promittitur,</span> <span class='ocrx_word' id='word_1_26' title='bbox 1613 562 1671 627; x_wconf 89' lang='lat' dir='ltr'>sed</span> <span class='ocrx_word' id='word_1_27' title='bbox 1698 562 1732 626; x_wconf 91' lang='lat' dir='ltr'>in</span> <span class='ocrx_word' id='word_1_28' title='bbox 1755 562 1878 626; x_wconf 80' lang='lat' dir='ltr'>senune</span> <span class='ocrx_word' id='word_1_29' title='bbox 1900 560 2055 626; x_wconf 88' lang='lat' dir='ltr'>Abrahae</span> <span class='ocrx_word' id='word_1_30' title='bbox 2075 571 2109 626; x_wconf 91' lang='lat' dir='ltr'>et</span> <span class='ocrx_word' id='word_1_31' title='bbox 2129 562 2231 631; x_wconf 80' lang='lat' dir='ltr'>Iacob</span> 
     </span>
    </p>
   </div>
   <div class='ocr_carea' id='block_1_4' title="bbox 149 566 2321 4257">
    <p class='ocr_par' dir='ltr' id='par_1_4' title="bbox 149 566 2321 4257">
     <span class='ocr_line' id='line_1_5' title="bbox 213 566 1198 655; baseline -0.007 -22"><span class='ocrx_word' id='word_1_32' title='bbox 213 570 410 655; x_wconf 71' lang='lat' dir='ltr'>prophetiam</span> <span class='ocrx_word' id='word_1_33' title='bbox 442 567 535 633; x_wconf 83' lang='lat' dir='ltr'>Adae</span> <span class='ocrx_word' id='word_1_34' title='bbox 567 566 682 631; x_wconf 86' lang='lat' dir='ltr'>scilicet</span> <span class='ocrx_word' id='word_1_35' title='bbox 721 566 777 644; x_wconf 80' lang='lat' dir='ltr'>qui</span> <span class='ocrx_word' id='word_1_36' title='bbox 816 583 913 627; x_wconf 79' lang='lat' dir='ltr'>name</span> <span class='ocrx_word' id='word_1_37' title='bbox 945 584 1005 627; x_wconf 75' lang='lat' dir='ltr'>sica</span> <span class='ocrx_word' id='word_1_38' title='bbox 1037 567 1198 644; x_wconf 77' lang='lat' dir='ltr'>cornpecto</span> 
     </span>
     <span class='ocr_line' id='line_1_6' title="bbox 218 647 2232 733; baseline -0.004 -10"><span class='ocrx_word' id='word_1_39' title='bbox 218 658 317 723; x_wconf 80' lang='lat' dir='ltr'>dicit:</span> <span class='ocrx_word' id='word_1_40' title='bbox 344 655 398 719; x_wconf 84' lang='lat' dir='ltr'>hoc</span> <span class='ocrx_word' id='word_1_41' title='bbox 424 674 505 719; x_wconf 87' lang='grc'><strong>1111111</strong></span> <span class='ocrx_word' id='word_1_42' title='bbox 535 672 569 718; x_wconf 88' lang='lat' dir='ltr'>os</span> <span class='ocrx_word' id='word_1_43' title='bbox 589 672 628 714; x_wconf 82' lang='lat' dir='ltr'>ec</span> <span class='ocrx_word' id='word_1_44' title='bbox 652 651 775 715; x_wconf 84' lang='lat' dir='ltr'>ossibus</span> <span class='ocrx_word' id='word_1_45' title='bbox 796 651 874 713; x_wconf 89' lang='lat' dir='ltr'>meis</span> <span class='ocrx_word' id='word_1_46' title='bbox 901 653 928 712; x_wconf 89' lang='lat' dir='ltr'>et</span> <span class='ocrx_word' id='word_1_47' title='bbox 955 669 1026 712; x_wconf 84' lang='lat' dir='ltr'>caro</span> <span class='ocrx_word' id='word_1_48' title='bbox 1047 648 1085 712; x_wconf 83' lang='lat' dir='ltr'>de</span> <span class='ocrx_word' id='word_1_49' title='bbox 1106 668 1198 713; x_wconf 78' lang='lat' dir='ltr'>canu</span> <span class='ocrx_word' id='word_1_50' title='bbox 1250 648 1350 730; x_wconf 81' lang='lat' dir='ltr'>(Gen.</span> <span class='ocrx_word' id='word_1_51' title='bbox 1371 651 1421 726; x_wconf 91' lang='grc'><strong>22,</strong></span> <span class='ocrx_word' id='word_1_52' title='bbox 1444 652 1481 711; x_wconf 85' lang='grc'>18</span> <span class='ocrx_word' id='word_1_53' title='bbox 1504 656 1538 712; x_wconf 87' lang='lat' dir='ltr'>et</span> <span class='ocrx_word' id='word_1_54' title='bbox 1560 651 1609 726; x_wconf 83' lang='grc'><strong>26,</strong></span> <span class='ocrx_word' id='word_1_55' title='bbox 1629 647 1665 731; x_wconf 90' lang='grc'>4)</span> <span class='ocrx_word' id='word_1_56' title='bbox 1672 672 1680 727; x_wconf 87' lang='lat'>;</span> <span class='ocrx_word' id='word_1_57' title='bbox 1701 668 1807 731; x_wconf 88' lang='lat' dir='ltr'>neque</span> <span class='ocrx_word' id='word_1_58' title='bbox 1828 647 1953 711; x_wconf 80' lang='lat' dir='ltr'>honuni</span> <span class='ocrx_word' id='word_1_59' title='bbox 1976 661 2072 713; x_wconf 83' lang='lat' dir='ltr'>aereo</span> <span class='ocrx_word' id='word_1_60' title='bbox 2092 648 2232 733; x_wconf 82' lang='lat' dir='ltr'>promit·</span> 
     </span>
     <span class='ocr_line' id='line_1_7' title="bbox 217 732 2231 826; baseline -0.004 -18"><span class='ocrx_word' id='word_1_61' title='bbox 217 763 288 808; x_wconf 86' lang='lat' dir='ltr'>mea</span> <span class='ocrx_word' id='word_1_62' title='bbox 305 741 405 826; x_wconf 84' lang='lat' dir='ltr'>(Gen.</span> <span class='ocrx_word' id='word_1_63' title='bbox 425 745 454 820; x_wconf 83' lang='lat'>2,</span> <span class='ocrx_word' id='word_1_64' title='bbox 475 739 540 821; x_wconf 85' lang='grc'><strong>23).</strong></span> <span class='ocrx_word' id='word_1_65' title='bbox 582 736 669 802; x_wconf 85' lang='lat' dir='ltr'>Unde</span> <span class='ocrx_word' id='word_1_66' title='bbox 689 743 793 802; x_wconf 89' lang='lat' dir='ltr'>autem</span> <span class='ocrx_word' id='word_1_67' title='bbox 808 734 1008 818; x_wconf 74' lang='lat' dir='ltr'>prophetiam</span> <span class='ocrx_word' id='word_1_68' title='bbox 1028 754 1094 798; x_wconf 88' lang='lat' dir='ltr'>esse</span> <span class='ocrx_word' id='word_1_69' title='bbox 1114 735 1198 798; x_wconf 86' lang='lat' dir='ltr'>euin-</span> <span class='ocrx_word' id='word_1_70' title='bbox 1249 735 1331 799; x_wconf 88' lang='lat' dir='ltr'>titur</span> <span class='ocrx_word' id='word_1_71' title='bbox 1352 734 1491 799; x_wconf 85' lang='lat' dir='ltr'>thronus</span> <span class='ocrx_word' id='word_1_72' title='bbox 1513 742 1679 813; x_wconf 88' lang='lat' dir='ltr'>aeternus,</span> <span class='ocrx_word' id='word_1_73' title='bbox 1704 733 1761 798; x_wconf 91' lang='lat' dir='ltr'>sed</span> <span class='ocrx_word' id='word_1_74' title='bbox 1783 732 1928 799; x_wconf 78' lang='lat' dir='ltr'>Davidis</span> <span class='ocrx_word' id='word_1_75' title='bbox 1942 734 2025 813; x_wconf 91' lang='lat' dir='ltr'>filie,</span> <span class='ocrx_word' id='word_1_76' title='bbox 2054 742 2088 798; x_wconf 90' lang='lat' dir='ltr'>et</span> <span class='ocrx_word' id='word_1_77' title='bbox 2109 734 2231 800; x_wconf 87' lang='lat' dir='ltr'>fructui</span> 
     </span>
     <span class='ocr_line' id='line_1_8' title="bbox 216 819 2230 908; baseline -0.004 -13"><span class='ocrx_word' id='word_1_78' title='bbox 216 829 282 896; x_wconf 79' lang='lat' dir='ltr'>eit?</span> <span class='ocrx_word' id='word_1_79' title='bbox 321 847 428 908; x_wconf 88' lang='lat' dir='ltr'>nempe</span> <span class='ocrx_word' id='word_1_80' title='bbox 462 826 540 906; x_wconf 83' lang='lat' dir='ltr'>quin</span> <span class='ocrx_word' id='word_1_81' title='bbox 572 823 700 887; x_wconf 83' lang='lat' dir='ltr'>eundem</span> <span class='ocrx_word' id='word_1_82' title='bbox 733 842 901 888; x_wconf 78' lang='lat' dir='ltr'>sennonem</span> <span class='ocrx_word' id='word_1_83' title='bbox 935 819 1079 885; x_wconf 83' lang='lat' dir='ltr'>Christus</span> <span class='ocrx_word' id='word_1_84' title='bbox 1111 820 1198 901; x_wconf 83' lang='lat' dir='ltr'>opud</span> <span class='ocrx_word' id='word_1_85' title='bbox 1249 821 1375 885; x_wconf 88' lang='lat' dir='ltr'>ventris</span> <span class='ocrx_word' id='word_1_86' title='bbox 1397 821 1467 885; x_wconf 92' lang='lat' dir='ltr'>eius</span> <span class='ocrx_word' id='word_1_87' title='bbox 1489 820 1593 903; x_wconf 82' lang='lat' dir='ltr'>(Psal.</span> <span class='ocrx_word' id='word_1_88' title='bbox 1612 825 1663 899; x_wconf 84' lang='grc'><strong>45,</strong></span> <span class='ocrx_word' id='word_1_89' title='bbox 1686 821 1729 902; x_wconf 83' lang='lat'>7).</span> <span class='ocrx_word' id='word_1_90' title='bbox 1774 819 1872 886; x_wconf 82' lang='lat' dir='ltr'>Unde</span> <span class='ocrx_word' id='word_1_91' title='bbox 1899 827 1932 884; x_wconf 90' lang='lat' dir='ltr'>et</span> <span class='ocrx_word' id='word_1_92' title='bbox 1956 821 1992 883; x_wconf 91' lang='lat' dir='ltr'>in</span> <span class='ocrx_word' id='word_1_93' title='bbox 2014 840 2112 886; x_wconf 88' lang='lat' dir='ltr'>earne</span> <span class='ocrx_word' id='word_1_94' title='bbox 2134 821 2230 886; x_wconf 82' lang='lat' dir='ltr'>exhi·</span> 
     </span>
     <span class='ocr_line' id='line_1_9' title="bbox 218 904 2228 991; baseline -0.004 -11"><span class='ocrx_word' id='word_1_95' title='bbox 218 913 415 980; x_wconf 83' lang='lat' dir='ltr'>Matthaeum</span> <span class='ocrx_word' id='word_1_96' title='bbox 441 910 510 975; x_wconf 87' lang='lat' dir='ltr'>Dee</span> <span class='ocrx_word' id='word_1_97' title='bbox 542 909 659 973; x_wconf 78' lang='lat' dir='ltr'>tribuit.</span> <span class='ocrx_word' id='word_1_98' title='bbox 707 909 807 990; x_wconf 74' lang='lat' dir='ltr'>Quasi</span> <span class='ocrx_word' id='word_1_99' title='bbox 839 928 924 985; x_wconf 84' lang='lat' dir='ltr'>cero,</span> <span class='ocrx_word' id='word_1_100' title='bbox 956 906 1112 987; x_wconf 75' lang='lat' dir='ltr'>quidquid</span> <span class='ocrx_word' id='word_1_101' title='bbox 1138 926 1199 988; x_wconf 90' lang='lat' dir='ltr'>per</span> <span class='ocrx_word' id='word_1_102' title='bbox 1250 905 1345 983; x_wconf 87' lang='lat' dir='ltr'>bitus,</span> <span class='ocrx_word' id='word_1_103' title='bbox 1365 905 1452 969; x_wconf 85' lang='lat' dir='ltr'>filius</span> <span class='ocrx_word' id='word_1_104' title='bbox 1470 904 2119 991; x_wconf 84' lang='lat' dir='ltr'>vocaturDavidisetAbrahae(Mat-th.</span> <span class='ocrx_word' id='word_1_105' title='bbox 2137 905 2228 991; x_wconf 88' lang='grc'><strong>1,1);</strong></span> 
     </span>
     <span class='ocr_line' id='line_1_10' title="bbox 149 991 2229 1077; baseline -0.003 -15"><span class='ocrx_word' id='word_1_106' title='bbox 149 1000 153 1019; x_wconf 88' lang='grc'><strong>’</strong></span> <span class='ocrx_word' id='word_1_107' title='bbox 217 1001 356 1067; x_wconf 75' lang='grc'><strong>1111111111</strong></span> <span class='ocrx_word' id='word_1_108' title='bbox 384 998 527 1077; x_wconf 73' lang='lat' dir='ltr'>loquutus</span> <span class='ocrx_word' id='word_1_109' title='bbox 555 1001 597 1060; x_wconf 87' lang='lat' dir='ltr'>est</span> <span class='ocrx_word' id='word_1_110' title='bbox 623 992 727 1066; x_wconf 83' lang='lat' dir='ltr'>Dens,</span> <span class='ocrx_word' id='word_1_111' title='bbox 760 993 947 1057; x_wconf 77' lang='lat' dir='ltr'>vaticinium</span> <span class='ocrx_word' id='word_1_112' title='bbox 975 992 1103 1072; x_wconf 72' lang='lat' dir='ltr'>aliquod</span> <span class='ocrx_word' id='word_1_113' title='bbox 1131 1012 1199 1055; x_wconf 91' lang='lat' dir='ltr'>cen·</span> <span class='ocrx_word' id='word_1_114' title='bbox 1250 1013 1318 1056; x_wconf 93' lang='lat' dir='ltr'>nen</span> <span class='ocrx_word' id='word_1_115' title='bbox 1341 991 1415 1056; x_wconf 89' lang='lat' dir='ltr'>ideo</span> <span class='ocrx_word' id='word_1_116' title='bbox 1442 999 1571 1056; x_wconf 85' lang='lat' dir='ltr'>tantum</span> <span class='ocrx_word' id='word_1_117' title='bbox 1597 991 1683 1074; x_wconf 91' lang='lat' dir='ltr'>quod</span> <span class='ocrx_word' id='word_1_118' title='bbox 1710 1013 1752 1056; x_wconf 83' lang='lat' dir='ltr'>ex</span> <span class='ocrx_word' id='word_1_119' title='bbox 1773 992 1913 1075; x_wconf 79' lang='lat' dir='ltr'>virginis</span> <span class='ocrx_word' id='word_1_120' title='bbox 1941 999 2034 1056; x_wconf 88' lang='lat' dir='ltr'>utero</span> <span class='ocrx_word' id='word_1_121' title='bbox 2056 1000 2154 1058; x_wconf 86' lang='lat' dir='ltr'>natus</span> <span class='ocrx_word' id='word_1_122' title='bbox 2176 994 2229 1071; x_wconf 89' lang='lat' dir='ltr'>sit,</span> 
     </span>
     <span class='ocr_line' id='line_1_11' title="bbox 217 1077 2228 1164; baseline -0.003 -14"><span class='ocrx_word' id='word_1_123' title='bbox 217 1087 322 1151; x_wconf 79' lang='grc'><strong>11111111.</strong></span> <span class='ocrx_word' id='word_1_124' title='bbox 376 1083 535 1148; x_wconf 88' lang='lat' dir='ltr'>Vaticinia</span> <span class='ocrx_word' id='word_1_125' title='bbox 559 1083 594 1145; x_wconf 90' lang='lat' dir='ltr'>in</span> <span class='ocrx_word' id='word_1_126' title='bbox 616 1080 752 1164; x_wconf 77' lang='lat' dir='ltr'>sinpulis</span> <span class='ocrx_word' id='word_1_127' title='bbox 772 1080 850 1161; x_wconf 81' lang='lat' dir='ltr'>lepis</span> <span class='ocrx_word' id='word_1_128' title='bbox 869 1079 1044 1159; x_wconf 70' lang='lat' dir='ltr'>praeceptis</span> <span class='ocrx_word' id='word_1_129' title='bbox 1069 1082 1200 1158; x_wconf 74' lang='lat' dir='ltr'>quaerat</span> <span class='ocrx_word' id='word_1_130' title='bbox 1248 1078 1284 1142; x_wconf 92' lang='lat' dir='ltr'>in</span> <span class='ocrx_word' id='word_1_131' title='bbox 1312 1091 1387 1142; x_wconf 79' lang='lat' dir='ltr'>aare</span> <span class='ocrx_word' id='word_1_132' title='bbox 1418 1085 1527 1141; x_wconf 89' lang='lat' dir='ltr'>autem</span> <span class='ocrx_word' id='word_1_133' title='bbox 1550 1087 1692 1143; x_wconf 88' lang='lat' dir='ltr'>creatus:</span> <span class='ocrx_word' id='word_1_134' title='bbox 1722 1077 1780 1142; x_wconf 87' lang='lat' dir='ltr'>sed</span> <span class='ocrx_word' id='word_1_135' title='bbox 1807 1079 1899 1159; x_wconf 90' lang='lat' dir='ltr'>quia,</span> <span class='ocrx_word' id='word_1_136' title='bbox 1922 1078 2027 1142; x_wconf 91' lang='lat' dir='ltr'>Paulo</span> <span class='ocrx_word' id='word_1_137' title='bbox 2047 1080 2118 1143; x_wconf 88' lang='lat' dir='ltr'>inte</span> <span class='ocrx_word' id='word_1_138' title='bbox 2159 1087 2228 1144; x_wconf 87' lang='lat' dir='ltr'>rete</span> 
     </span>
     <span class='ocr_line' id='line_1_12' title="bbox 223 1166 1198 1249; baseline -0.012 -12"><span class='ocrx_word' id='word_1_139' title='bbox 223 1170 393 1247; x_wconf 83' lang='lat' dir='ltr'>Osicmler,</span> <span class='ocrx_word' id='word_1_140' title='bbox 427 1189 506 1249; x_wconf 78' lang='lat' dir='ltr'>quae</span> <span class='ocrx_word' id='word_1_141' title='bbox 537 1189 558 1231; x_wconf 91' lang='lat' dir='ltr'>c</span> <span class='ocrx_word' id='word_1_142' title='bbox 586 1166 654 1231; x_wconf 89' lang='lat' dir='ltr'>Deo</span> <span class='ocrx_word' id='word_1_143' title='bbox 682 1170 787 1231; x_wconf 73' lang='lat' dir='ltr'>amore</span> <span class='ocrx_word' id='word_1_144' title='bbox 808 1166 948 1245; x_wconf 78' lang='lat' dir='ltr'>prosecta</span> <span class='ocrx_word' id='word_1_145' title='bbox 976 1183 1041 1228; x_wconf 86' lang='lat' dir='ltr'>esse</span> <span class='ocrx_word' id='word_1_146' title='bbox 1072 1167 1198 1228; x_wconf 75' lang='lat' dir='ltr'>resistat.</span> 
     </span>
     <span class='ocr_line' id='line_1_13' title="bbox 218 1249 1198 1335; baseline -0.009 -14"><span class='ocrx_word' id='word_1_147' title='bbox 218 1257 311 1322; x_wconf 79' lang='lat' dir='ltr'>Acce</span> <span class='ocrx_word' id='word_1_148' title='bbox 332 1255 412 1335; x_wconf 81' lang='lat' dir='ltr'>qued</span> <span class='ocrx_word' id='word_1_149' title='bbox 438 1254 530 1318; x_wconf 78' lang='lat' dir='ltr'>medis</span> <span class='ocrx_word' id='word_1_150' title='bbox 560 1257 749 1316; x_wconf 80' lang='lat' dir='ltr'>atterrenns</span> <span class='ocrx_word' id='word_1_151' title='bbox 768 1251 882 1332; x_wconf 79' lang='lat' dir='ltr'>fnisset</span> <span class='ocrx_word' id='word_1_152' title='bbox 906 1249 1051 1315; x_wconf 83' lang='lat' dir='ltr'>Christus</span> <span class='ocrx_word' id='word_1_153' title='bbox 1072 1251 1108 1314; x_wconf 90' lang='lat' dir='ltr'>in</span> <span class='ocrx_word' id='word_1_154' title='bbox 1130 1250 1198 1313; x_wconf 87' lang='lat' dir='ltr'>lite-</span> 
     </span>
     <span class='ocr_line' id='line_1_14' title="bbox 217 1334 2230 1418; baseline -0.002 -12"><span class='ocrx_word' id='word_1_155' title='bbox 217 1342 283 1407; x_wconf 84' lang='lat' dir='ltr'>rali</span> <span class='ocrx_word' id='word_1_156' title='bbox 313 1361 407 1404; x_wconf 83' lang='lat' dir='ltr'>sensu</span> <span class='ocrx_word' id='word_1_157' title='bbox 438 1340 615 1403; x_wconf 70' lang='lat' dir='ltr'>nior-nmis.</span> <span class='ocrx_word' id='word_1_158' title='bbox 662 1338 747 1418; x_wconf 76' lang='lat' dir='ltr'>Quia</span> <span class='ocrx_word' id='word_1_159' title='bbox 774 1358 835 1401; x_wconf 82' lang='grc'><strong>111111</strong></span> <span class='ocrx_word' id='word_1_160' title='bbox 861 1336 899 1401; x_wconf 87' lang='lat' dir='ltr'>de</span> <span class='ocrx_word' id='word_1_161' title='bbox 926 1337 1056 1417; x_wconf 78' lang='lat' dir='ltr'>mpstica</span> <span class='ocrx_word' id='word_1_162' title='bbox 1081 1336 1197 1399; x_wconf 76' lang='lat' dir='ltr'>unierze</span> <span class='ocrx_word' id='word_1_163' title='bbox 1250 1334 1456 1401; x_wconf 79' lang='lat' dir='ltr'>descendisse</span> <span class='ocrx_word' id='word_1_164' title='bbox 1488 1357 1530 1399; x_wconf 87' lang='lat' dir='ltr'>ex</span> <span class='ocrx_word' id='word_1_165' title='bbox 1562 1334 1693 1400; x_wconf 87' lang='lat' dir='ltr'>Iudaeis</span> <span class='ocrx_word' id='word_1_166' title='bbox 1726 1334 1816 1418; x_wconf 90' lang='lat' dir='ltr'>(ibid.</span> <span class='ocrx_word' id='word_1_167' title='bbox 1844 1341 1878 1413; x_wconf 81' lang='grc'>1),</span> <span class='ocrx_word' id='word_1_168' title='bbox 1905 1334 1949 1418; x_wconf 82' lang='grc'>5).</span> <span class='ocrx_word' id='word_1_169' title='bbox 2006 1335 2230 1416; x_wconf 79' lang='lat' dir='ltr'>Quamobrem</span> 
     </span>
     <span class='ocr_line' id='line_1_15' title="bbox 194 1415 2230 1512; baseline -0.002 -20"><span class='ocrx_word' id='word_1_170' title='bbox 194 1426 284 1512; x_wconf 77' lang='lat' dir='ltr'>&#39;qna</span> <span class='ocrx_word' id='word_1_171' title='bbox 305 1426 462 1490; x_wconf 80' lang='lat' dir='ltr'>ecclesiam</span> <span class='ocrx_word' id='word_1_172' title='bbox 483 1426 632 1507; x_wconf 79' lang='lat' dir='ltr'>diprratas</span> <span class='ocrx_word' id='word_1_173' title='bbox 653 1429 697 1487; x_wconf 89' lang='lat' dir='ltr'>est</span> <span class='ocrx_word' id='word_1_174' title='bbox 714 1423 848 1491; x_wconf 82' lang='lat' dir='ltr'>disserit.</span> <span class='ocrx_word' id='word_1_175' title='bbox 871 1423 925 1486; x_wconf 81' lang='lat' dir='ltr'>secl</span> <span class='ocrx_word' id='word_1_176' title='bbox 946 1425 1067 1485; x_wconf 86' lang='lat' dir='ltr'>tautum</span> <span class='ocrx_word' id='word_1_177' title='bbox 1083 1415 1121 1486; x_wconf 81' lang='lat' dir='ltr'>dc</span> <span class='ocrx_word' id='word_1_178' title='bbox 1136 1421 1198 1502; x_wconf 70' lang='lat' dir='ltr'>tide</span> <span class='ocrx_word' id='word_1_179' title='bbox 1249 1422 1412 1487; x_wconf 85' lang='lat' dir='ltr'>Dominus</span> <span class='ocrx_word' id='word_1_180' title='bbox 1434 1422 1504 1503; x_wconf 92' lang='lat' dir='ltr'>ipse</span> <span class='ocrx_word' id='word_1_181' title='bbox 1527 1443 1593 1486; x_wconf 92' lang='lat' dir='ltr'>non</span> <span class='ocrx_word' id='word_1_182' title='bbox 1615 1430 1788 1486; x_wconf 86' lang='lat' dir='ltr'>contentus</span> <span class='ocrx_word' id='word_1_183' title='bbox 1803 1422 1944 1486; x_wconf 88' lang='lat' dir='ltr'>heminis</span> <span class='ocrx_word' id='word_1_184' title='bbox 1957 1422 2098 1499; x_wconf 91' lang='lat' dir='ltr'>nomine,</span> <span class='ocrx_word' id='word_1_185' title='bbox 2122 1423 2230 1488; x_wconf 90' lang='lat' dir='ltr'>filium</span> 
     </span>
     <span class='ocr_line' id='line_1_16' title="bbox 217 1507 2229 1596; baseline -0.003 -17"><span class='ocrx_word' id='word_1_186' title='bbox 217 1512 390 1596; x_wconf 77' lang='lat' dir='ltr'>aeniupali;</span> <span class='ocrx_word' id='word_1_187' title='bbox 419 1512 455 1577; x_wconf 87' lang='lat' dir='ltr'>ob</span> <span class='ocrx_word' id='word_1_188' title='bbox 484 1511 563 1574; x_wconf 90' lang='lat' dir='ltr'>hauc</span> <span class='ocrx_word' id='word_1_189' title='bbox 584 1530 715 1574; x_wconf 83' lang='lat' dir='ltr'>causam</span> <span class='ocrx_word' id='word_1_190' title='bbox 735 1508 840 1572; x_wconf 87' lang='lat' dir='ltr'>Deum</span> <span class='ocrx_word' id='word_1_191' title='bbox 863 1508 1086 1588; x_wconf 80' lang='lat' dir='ltr'>promndiasse</span> <span class='ocrx_word' id='word_1_192' title='bbox 1105 1508 1195 1583; x_wconf 76' lang='lat' dir='ltr'>deca,</span> <span class='ocrx_word' id='word_1_193' title='bbox 1251 1528 1379 1590; x_wconf 87' lang='lat' dir='ltr'>quoque</span> <span class='ocrx_word' id='word_1_194' title='bbox 1402 1508 1545 1571; x_wconf 88' lang='lat' dir='ltr'>hominis</span> <span class='ocrx_word' id='word_1_195' title='bbox 1569 1507 1707 1572; x_wconf 88' lang='lat' dir='ltr'>subinde</span> <span class='ocrx_word' id='word_1_196' title='bbox 1735 1530 1770 1573; x_wconf 88' lang='lat' dir='ltr'>se</span> <span class='ocrx_word' id='word_1_197' title='bbox 1793 1507 1951 1591; x_wconf 88' lang='lat' dir='ltr'>appellat,</span> <span class='ocrx_word' id='word_1_198' title='bbox 1980 1508 2098 1572; x_wconf 86' lang='lat' dir='ltr'>clarius</span> <span class='ocrx_word' id='word_1_199' title='bbox 2120 1511 2229 1591; x_wconf 78' lang='lat' dir='ltr'>capri·</span> 
     </span>
     <span class='ocr_line' id='line_1_17' title="bbox 217 1592 2230 1677; baseline -0.001 -13"><span class='ocrx_word' id='word_1_200' title='bbox 217 1600 321 1664; x_wconf 82' lang='lat' dir='ltr'>airum</span> <span class='ocrx_word' id='word_1_201' title='bbox 353 1603 381 1662; x_wconf 88' lang='lat' dir='ltr'>et</span> <span class='ocrx_word' id='word_1_202' title='bbox 411 1618 540 1662; x_wconf 73' lang='lat' dir='ltr'>neeman</span> <span class='ocrx_word' id='word_1_203' title='bbox 572 1597 640 1677; x_wconf 79' lang='lat' dir='ltr'>fere</span> <span class='ocrx_word' id='word_1_204' title='bbox 666 1615 790 1659; x_wconf 87' lang='lat' dir='ltr'>carnem</span> <span class='ocrx_word' id='word_1_205' title='bbox 822 1614 931 1669; x_wconf 75' lang='lat' dir='ltr'>cenant,</span> <span class='ocrx_word' id='word_1_206' title='bbox 967 1614 1005 1657; x_wconf 90' lang='lat' dir='ltr'>ne</span> <span class='ocrx_word' id='word_1_207' title='bbox 1032 1592 1198 1658; x_wconf 84' lang='lat' dir='ltr'>insolubile</span> <span class='ocrx_word' id='word_1_208' title='bbox 1248 1613 1330 1657; x_wconf 75' lang='lat' dir='ltr'>inere</span> <span class='ocrx_word' id='word_1_209' title='bbox 1357 1593 1469 1658; x_wconf 81' lang='lat' dir='ltr'>volens</span> <span class='ocrx_word' id='word_1_210' title='bbox 1502 1614 1536 1658; x_wconf 88' lang='lat' dir='ltr'>se</span> <span class='ocrx_word' id='word_1_211' title='bbox 1565 1594 1732 1658; x_wconf 83' lang='lat' dir='ltr'>honrinem</span> <span class='ocrx_word' id='word_1_212' title='bbox 1760 1615 1831 1659; x_wconf 88' lang='lat' dir='ltr'>csse</span> <span class='ocrx_word' id='word_1_213' title='bbox 1864 1615 1906 1657; x_wconf 84' lang='lat' dir='ltr'>ex</span> <span class='ocrx_word' id='word_1_214' title='bbox 1933 1594 2077 1658; x_wconf 90' lang='lat' dir='ltr'>heminis</span> <span class='ocrx_word' id='word_1_215' title='bbox 2103 1596 2230 1660; x_wconf 88' lang='lat' dir='ltr'>semine</span> 
     </span>
     <span class='ocr_line' id='line_1_18' title="bbox 218 1678 2229 1765; baseline -0.001 -16"><span class='ocrx_word' id='word_1_216' title='bbox 218 1684 301 1750; x_wconf 85' lang='lat' dir='ltr'>illud</span> <span class='ocrx_word' id='word_1_217' title='bbox 323 1685 481 1749; x_wconf 84' lang='lat' dir='ltr'>vinculum</span> <span class='ocrx_word' id='word_1_218' title='bbox 502 1683 670 1764; x_wconf 69' lang='lat' dir='ltr'>quemqnam</span> <span class='ocrx_word' id='word_1_219' title='bbox 689 1681 822 1745; x_wconf 67' lang='lat' dir='ltr'>dinamio</span> <span class='ocrx_word' id='word_1_220' title='bbox 843 1679 959 1743; x_wconf 86' lang='lat' dir='ltr'>violare</span> <span class='ocrx_word' id='word_1_221' title='bbox 979 1684 1075 1743; x_wconf 86' lang='lat' dir='ltr'>tentet.</span> <span class='ocrx_word' id='word_1_222' title='bbox 1109 1678 1197 1741; x_wconf 88' lang='lat' dir='ltr'>Hace</span> <span class='ocrx_word' id='word_1_223' title='bbox 1248 1700 1316 1743; x_wconf 87' lang='lat' dir='ltr'>vere</span> <span class='ocrx_word' id='word_1_224' title='bbox 1337 1680 1556 1762; x_wconf 86' lang='lat' dir='ltr'>progenitum.</span> <span class='ocrx_word' id='word_1_225' title='bbox 1602 1678 1716 1759; x_wconf 73' lang='lat' dir='ltr'>Quum</span> <span class='ocrx_word' id='word_1_226' title='bbox 1738 1680 1872 1762; x_wconf 88' lang='lat' dir='ltr'>spiritus</span> <span class='ocrx_word' id='word_1_227' title='bbox 1894 1689 2028 1745; x_wconf 87' lang='lat' dir='ltr'>sanetus</span> <span class='ocrx_word' id='word_1_228' title='bbox 2050 1681 2147 1747; x_wconf 88' lang='lat' dir='ltr'>toties</span> <span class='ocrx_word' id='word_1_229' title='bbox 2168 1703 2229 1765; x_wconf 88' lang='lat' dir='ltr'>per</span> 
     </span>
     <span class='ocr_line' id='line_1_19' title="bbox 218 1764 2230 1853; baseline -0.002 -16"><span class='ocrx_word' id='word_1_230' title='bbox 218 1771 406 1853; x_wconf 85' lang='lat' dir='ltr'>simplicitas</span> <span class='ocrx_word' id='word_1_231' title='bbox 427 1772 458 1834; x_wconf 89' lang='lat' dir='ltr'>si</span> <span class='ocrx_word' id='word_1_232' title='bbox 483 1768 640 1834; x_wconf 84' lang='lat' dir='ltr'>Osicndro</span> <span class='ocrx_word' id='word_1_233' title='bbox 662 1768 778 1843; x_wconf 83' lang='lat' dir='ltr'>sordet,</span> <span class='ocrx_word' id='word_1_234' title='bbox 807 1764 965 1829; x_wconf 75' lang='lat' dir='ltr'>Cleristum</span> <span class='ocrx_word' id='word_1_235' title='bbox 986 1764 1195 1846; x_wconf 82' lang='lat' dir='ltr'>reprehendat,</span> <span class='ocrx_word' id='word_1_236' title='bbox 1248 1772 1297 1828; x_wconf 91' lang='lat' dir='ltr'>tot</span> <span class='ocrx_word' id='word_1_237' title='bbox 1318 1787 1455 1848; x_wconf 81' lang='lat' dir='ltr'>organa,</span> <span class='ocrx_word' id='word_1_238' title='bbox 1484 1774 1641 1848; x_wconf 89' lang='lat' dir='ltr'>tantaque</span> <span class='ocrx_word' id='word_1_239' title='bbox 1670 1765 1840 1849; x_wconf 83' lang='lat' dir='ltr'>diligentia</span> <span class='ocrx_word' id='word_1_240' title='bbox 1867 1773 1900 1829; x_wconf 86' lang='lat' dir='ltr'>et</span> <span class='ocrx_word' id='word_1_241' title='bbox 1922 1766 2129 1848; x_wconf 77' lang='lat' dir='ltr'>simplicitate</span> <span class='ocrx_word' id='word_1_242' title='bbox 2157 1789 2230 1832; x_wconf 87' lang='lat' dir='ltr'>rem</span> 
     </span>
     <span class='ocr_line' id='line_1_20' title="bbox 219 1851 2229 1940; baseline -0.002 -19"><span class='ocrx_word' id='word_1_243' title='bbox 219 1859 296 1940; x_wconf 77' lang='lat' dir='ltr'>quic</span> <span class='ocrx_word' id='word_1_244' title='bbox 323 1856 496 1937; x_wconf 79' lang='lat' dir='ltr'>discipules</span> <span class='ocrx_word' id='word_1_245' title='bbox 522 1855 564 1918; x_wconf 81' lang='lat' dir='ltr'>ad</span> <span class='ocrx_word' id='word_1_246' title='bbox 590 1855 772 1935; x_wconf 73' lang='lat' dir='ltr'>eupatorium</span> <span class='ocrx_word' id='word_1_247' title='bbox 795 1872 855 1915; x_wconf 79' lang='grc'><strong>111111</strong></span> <span class='ocrx_word' id='word_1_248' title='bbox 876 1851 1066 1929; x_wconf 72' lang='lat' dir='ltr'>traduxerit,</span> <span class='ocrx_word' id='word_1_249' title='bbox 1090 1851 1198 1932; x_wconf 82' lang='lat' dir='ltr'>patris</span> <span class='ocrx_word' id='word_1_250' title='bbox 1248 1873 1307 1934; x_wconf 88' lang='lat' dir='ltr'>per</span> <span class='ocrx_word' id='word_1_251' title='bbox 1337 1874 1372 1915; x_wconf 90' lang='lat' dir='ltr'>se</span> <span class='ocrx_word' id='word_1_252' title='bbox 1400 1872 1465 1914; x_wconf 92' lang='lat' dir='ltr'>nen</span> <span class='ocrx_word' id='word_1_253' title='bbox 1495 1851 1680 1916; x_wconf 88' lang='lat' dir='ltr'>abstrusam</span> <span class='ocrx_word' id='word_1_254' title='bbox 1702 1853 1920 1930; x_wconf 76' lang='lat' dir='ltr'>enarraverit,</span> <span class='ocrx_word' id='word_1_255' title='bbox 1954 1853 2027 1934; x_wconf 89' lang='lat' dir='ltr'>quis</span> <span class='ocrx_word' id='word_1_256' title='bbox 2054 1854 2229 1936; x_wconf 79' lang='lat' dir='ltr'>cogitasset</span> 
     </span>
     <span class='ocr_line' id='line_1_21' title="bbox 217 1937 2228 2020; baseline -0.002 -12"><span class='ocrx_word' id='word_1_257' title='bbox 217 1943 335 2008; x_wconf 84' lang='lat' dir='ltr'>dictum</span> <span class='ocrx_word' id='word_1_258' title='bbox 362 1942 511 2006; x_wconf 81' lang='lat' dir='ltr'>subtilius</span> <span class='ocrx_word' id='word_1_259' title='bbox 532 1939 771 2020; x_wconf 83' lang='lat' dir='ltr'>interpretanda.</span> <span class='ocrx_word' id='word_1_260' title='bbox 818 1937 883 2001; x_wconf 89' lang='lat' dir='ltr'>Nee</span> <span class='ocrx_word' id='word_1_261' title='bbox 903 1957 973 2001; x_wconf 86' lang='lat' dir='ltr'>cero</span> <span class='ocrx_word' id='word_1_262' title='bbox 995 1937 1064 2000; x_wconf 84' lang='lat' dir='ltr'>eins</span> <span class='ocrx_word' id='word_1_263' title='bbox 1085 1937 1196 2001; x_wconf 83' lang='lat' dir='ltr'>delirio</span> <span class='ocrx_word' id='word_1_264' title='bbox 1250 1946 1343 2002; x_wconf 89' lang='lat' dir='ltr'>tanta</span> <span class='ocrx_word' id='word_1_265' title='bbox 1375 1937 1459 2001; x_wconf 89' lang='lat' dir='ltr'>ullos</span> <span class='ocrx_word' id='word_1_266' title='bbox 1492 1937 1646 2002; x_wconf 77' lang='lat' dir='ltr'>mortales</span> <span class='ocrx_word' id='word_1_267' title='bbox 1679 1937 1882 2019; x_wconf 84' lang='lat' dir='ltr'>impudentia</span> <span class='ocrx_word' id='word_1_268' title='bbox 1913 1938 1981 2002; x_wconf 89' lang='lat' dir='ltr'>fore</span> <span class='ocrx_word' id='word_1_269' title='bbox 2008 1939 2065 2020; x_wconf 94' lang='lat' dir='ltr'>qui</span> <span class='ocrx_word' id='word_1_270' title='bbox 2093 1940 2228 2005; x_wconf 88' lang='lat' dir='ltr'>offucias</span> 
     </span>
     <span class='ocr_line' id='line_1_22' title="bbox 217 2022 2230 2111; baseline -0.002 -16"><span class='ocrx_word' id='word_1_271' title='bbox 217 2029 413 2111; x_wconf 79' lang='lat' dir='ltr'>suffrapatnr</span> <span class='ocrx_word' id='word_1_272' title='bbox 438 2026 572 2103; x_wconf 87' lang='lat' dir='ltr'>Paulus,</span> <span class='ocrx_word' id='word_1_273' title='bbox 595 2027 651 2105; x_wconf 84' lang='lat' dir='ltr'>qni</span> <span class='ocrx_word' id='word_1_274' title='bbox 673 2025 726 2088; x_wconf 86' lang='lat' dir='ltr'>ubi</span> <span class='ocrx_word' id='word_1_275' title='bbox 748 2025 831 2089; x_wconf 73' lang='lat' dir='ltr'>clia-it</span> <span class='ocrx_word' id='word_1_276' title='bbox 851 2044 908 2087; x_wconf 75' lang='lat' dir='ltr'>ires</span> <span class='ocrx_word' id='word_1_277' title='bbox 929 2043 995 2088; x_wconf 84' lang='lat' dir='ltr'>esse</span> <span class='ocrx_word' id='word_1_278' title='bbox 1015 2043 1139 2086; x_wconf 74' lang='lat' dir='ltr'>caricem</span> <span class='ocrx_word' id='word_1_279' title='bbox 1159 2022 1198 2086; x_wconf 86' lang='lat' dir='ltr'>de</span> <span class='ocrx_word' id='word_1_280' title='bbox 1249 2023 1357 2089; x_wconf 89' lang='lat' dir='ltr'>adhue</span> <span class='ocrx_word' id='word_1_281' title='bbox 1379 2044 1533 2106; x_wconf 77' lang='lat' dir='ltr'>spargere</span> <span class='ocrx_word' id='word_1_282' title='bbox 1551 2022 1730 2087; x_wconf 86' lang='lat' dir='ltr'>auderent?</span> <span class='ocrx_word' id='word_1_283' title='bbox 1764 2025 1810 2087; x_wconf 92' lang='lat' dir='ltr'>Et</span> <span class='ocrx_word' id='word_1_284' title='bbox 1829 2031 1940 2088; x_wconf 87' lang='lat' dir='ltr'>tamen</span> <span class='ocrx_word' id='word_1_285' title='bbox 1962 2024 2027 2087; x_wconf 88' lang='lat' dir='ltr'>aha</span> <span class='ocrx_word' id='word_1_286' title='bbox 2048 2026 2230 2090; x_wconf 82' lang='lat' dir='ltr'>etiamnum</span> 
     </span>
     <span class='ocr_line' id='line_1_23' title="bbox 217 2108 2230 2195; baseline -0.002 -14"><span class='ocrx_word' id='word_1_287' title='bbox 217 2135 311 2181; x_wconf 69' lang='lat' dir='ltr'>carrae</span> <span class='ocrx_word' id='word_1_288' title='bbox 331 2112 465 2191; x_wconf 75' lang='lat' dir='ltr'>Christi,</span> <span class='ocrx_word' id='word_1_289' title='bbox 486 2132 558 2175; x_wconf 75' lang='lat' dir='ltr'>neec</span> <span class='ocrx_word' id='word_1_290' title='bbox 580 2111 737 2193; x_wconf 76' lang='lat' dir='ltr'>adinrepit,</span> <span class='ocrx_word' id='word_1_291' title='bbox 759 2131 907 2192; x_wconf 80' lang='lat' dir='ltr'>mapnnm</span> <span class='ocrx_word' id='word_1_292' title='bbox 929 2108 983 2172; x_wconf 78' lang='lat' dir='ltr'>lieo</span> <span class='ocrx_word' id='word_1_293' title='bbox 1004 2129 1069 2174; x_wconf 89' lang='lat' dir='ltr'>esse</span> <span class='ocrx_word' id='word_1_294' title='bbox 1089 2113 1198 2191; x_wconf 77' lang='lat' dir='ltr'>mpste</span> <span class='ocrx_word' id='word_1_295' title='bbox 1249 2109 1436 2175; x_wconf 83' lang='lat' dir='ltr'>testimonia</span> <span class='ocrx_word' id='word_1_296' title='bbox 1457 2108 1647 2177; x_wconf 86' lang='lat' dir='ltr'>admanum</span> <span class='ocrx_word' id='word_1_297' title='bbox 1669 2110 1866 2187; x_wconf 88' lang='lat' dir='ltr'>seefferunt,</span> <span class='ocrx_word' id='word_1_298' title='bbox 1890 2111 1918 2173; x_wconf 91' lang='lat' dir='ltr'>si</span> <span class='ocrx_word' id='word_1_299' title='bbox 1940 2130 2115 2194; x_wconf 85' lang='lat' dir='ltr'>congerere</span> <span class='ocrx_word' id='word_1_300' title='bbox 2133 2111 2230 2195; x_wconf 89' lang='lat' dir='ltr'>plura</span> 
     </span>
     <span class='ocr_line' id='line_1_24' title="bbox 217 2194 2230 2281; baseline -0.002 -15"><span class='ocrx_word' id='word_1_301' title='bbox 217 2202 306 2267; x_wconf 88' lang='lat' dir='ltr'>rium</span> <span class='ocrx_word' id='word_1_302' title='bbox 328 2199 428 2281; x_wconf 90' lang='lat' dir='ltr'>(Eph.</span> <span class='ocrx_word' id='word_1_303' title='bbox 450 2203 478 2278; x_wconf 86' lang='lat'>5,</span> <span class='ocrx_word' id='word_1_304' title='bbox 499 2201 563 2277; x_wconf 90' lang='lat'>30).</span> <span class='ocrx_word' id='word_1_305' title='bbox 610 2196 719 2276; x_wconf 78' lang='lat' dir='ltr'>Neque</span> <span class='ocrx_word' id='word_1_306' title='bbox 745 2197 828 2260; x_wconf 90' lang='lat' dir='ltr'>enim</span> <span class='ocrx_word' id='word_1_307' title='bbox 850 2216 910 2277; x_wconf 79' lang='lat' dir='ltr'>qno</span> <span class='ocrx_word' id='word_1_308' title='bbox 932 2215 1024 2259; x_wconf 77' lang='lat' dir='ltr'>sncsn</span> <span class='ocrx_word' id='word_1_309' title='bbox 1053 2194 1107 2260; x_wconf 84' lang='lat' dir='ltr'>hoo</span> <span class='ocrx_word' id='word_1_310' title='bbox 1123 2215 1198 2276; x_wconf 86' lang='lat' dir='ltr'>pro·</span> <span class='ocrx_word' id='word_1_311' title='bbox 1248 2194 1357 2259; x_wconf 85' lang='lat' dir='ltr'>libeat</span> <span class='ocrx_word' id='word_1_312' title='bbox 1402 2194 1507 2275; x_wconf 76' lang='lat' dir='ltr'>Quale</span> <span class='ocrx_word' id='word_1_313' title='bbox 1529 2204 1579 2260; x_wconf 87' lang='lat' dir='ltr'>est</span> <span class='ocrx_word' id='word_1_314' title='bbox 1598 2194 1680 2259; x_wconf 91' lang='lat' dir='ltr'>illud</span> <span class='ocrx_word' id='word_1_315' title='bbox 1696 2195 1793 2259; x_wconf 89' lang='lat' dir='ltr'>Pauli</span> <span class='ocrx_word' id='word_1_316' title='bbox 1811 2195 1901 2280; x_wconf 86' lang='lat' dir='ltr'>(Gal.</span> <span class='ocrx_word' id='word_1_317' title='bbox 1921 2201 1950 2275; x_wconf 90' lang='grc'><strong>4,</strong></span> <span class='ocrx_word' id='word_1_318' title='bbox 1971 2195 2016 2279; x_wconf 89' lang='grc'><strong>4),</strong></span> <span class='ocrx_word' id='word_1_319' title='bbox 2039 2197 2150 2262; x_wconf 91' lang='lat' dir='ltr'>Deum</span> <span class='ocrx_word' id='word_1_320' title='bbox 2167 2200 2230 2262; x_wconf 91' lang='lat' dir='ltr'>mi·</span> 
     </span>
     <span class='ocr_line' id='line_1_25' title="bbox 219 2280 2228 2364; baseline -0.001 -13"><span class='ocrx_word' id='word_1_321' title='bbox 219 2286 325 2351; x_wconf 86' lang='lat' dir='ltr'>tulerit</span> <span class='ocrx_word' id='word_1_322' title='bbox 346 2285 455 2349; x_wconf 86' lang='lat' dir='ltr'>Adam</span> <span class='ocrx_word' id='word_1_323' title='bbox 481 2283 598 2364; x_wconf 75' lang='lat' dir='ltr'>referre</span> <span class='ocrx_word' id='word_1_324' title='bbox 619 2283 728 2361; x_wconf 86' lang='lat' dir='ltr'>coluit,</span> <span class='ocrx_word' id='word_1_325' title='bbox 757 2283 811 2347; x_wconf 86' lang='lat' dir='ltr'>sed</span> <span class='ocrx_word' id='word_1_326' title='bbox 832 2283 889 2345; x_wconf 86' lang='lat' dir='ltr'>sub</span> <span class='ocrx_word' id='word_1_327' title='bbox 908 2282 1014 2363; x_wconf 70' lang='lat' dir='ltr'>tipum</span> <span class='ocrx_word' id='word_1_328' title='bbox 1036 2280 1198 2345; x_wconf 76' lang='grc'><strong>1111111111-</strong></span> <span class='ocrx_word' id='word_1_329' title='bbox 1249 2283 1330 2347; x_wconf 88' lang='lat' dir='ltr'>sisse</span> <span class='ocrx_word' id='word_1_330' title='bbox 1351 2280 1457 2345; x_wconf 88' lang='lat' dir='ltr'>filium</span> <span class='ocrx_word' id='word_1_331' title='bbox 1479 2303 1576 2345; x_wconf 89' lang='lat' dir='ltr'>suum</span> <span class='ocrx_word' id='word_1_332' title='bbox 1598 2281 1720 2345; x_wconf 90' lang='lat' dir='ltr'>factum</span> <span class='ocrx_word' id='word_1_333' title='bbox 1743 2304 1786 2346; x_wconf 83' lang='lat' dir='ltr'>ex</span> <span class='ocrx_word' id='word_1_334' title='bbox 1806 2281 1961 2360; x_wconf 89' lang='lat' dir='ltr'>muliere;</span> <span class='ocrx_word' id='word_1_335' title='bbox 1989 2289 2023 2346; x_wconf 89' lang='lat' dir='ltr'>et</span> <span class='ocrx_word' id='word_1_336' title='bbox 2044 2284 2228 2363; x_wconf 88' lang='lat' dir='ltr'>innumera,</span> 
     </span>
     <span class='ocr_line' id='line_1_26' title="bbox 218 2367 2230 2454; baseline -0 -18"><span class='ocrx_word' id='word_1_337' title='bbox 218 2372 325 2437; x_wconf 73' lang='lat' dir='ltr'>tridino</span> <span class='ocrx_word' id='word_1_338' title='bbox 346 2371 483 2454; x_wconf 76' lang='lat' dir='ltr'>contrepii</span> <span class='ocrx_word' id='word_1_339' title='bbox 505 2390 631 2434; x_wconf 89' lang='lat' dir='ltr'>sacram</span> <span class='ocrx_word' id='word_1_340' title='bbox 651 2369 893 2433; x_wconf 78' lang='lat' dir='ltr'>corciunctimiem</span> <span class='ocrx_word' id='word_1_341' title='bbox 906 2386 1092 2448; x_wconf 88' lang='lat' dir='ltr'>proponere,</span> <span class='ocrx_word' id='word_1_342' title='bbox 1119 2386 1198 2446; x_wconf 79' lang='lat' dir='ltr'>quae</span> <span class='ocrx_word' id='word_1_343' title='bbox 1249 2367 1367 2450; x_wconf 89' lang='lat' dir='ltr'>quibus</span> <span class='ocrx_word' id='word_1_344' title='bbox 1388 2368 1483 2444; x_wconf 77' lang='lat' dir='ltr'>lami,</span> <span class='ocrx_word' id='word_1_345' title='bbox 1512 2368 1582 2445; x_wconf 87' lang='lat' dir='ltr'>siti,</span> <span class='ocrx_word' id='word_1_346' title='bbox 1609 2368 1736 2450; x_wconf 78' lang='lat' dir='ltr'>frigori,</span> <span class='ocrx_word' id='word_1_347' title='bbox 1768 2367 1904 2450; x_wconf 92' lang='lat' dir='ltr'>aliisque</span> <span class='ocrx_word' id='word_1_348' title='bbox 1930 2376 2069 2433; x_wconf 89' lang='lat' dir='ltr'>naturae</span> <span class='ocrx_word' id='word_1_349' title='bbox 2097 2378 2230 2435; x_wconf 86' lang='lat' dir='ltr'>nostrae</span> 
     </span>
     <span class='ocr_line' id='line_1_27' title="bbox 218 2452 2229 2535; baseline -0 -13"><span class='ocrx_word' id='word_1_350' title='bbox 218 2478 275 2522; x_wconf 88' lang='lat' dir='ltr'>nes</span> <span class='ocrx_word' id='word_1_351' title='bbox 302 2477 401 2521; x_wconf 72' lang='lat' dir='ltr'>ionum</span> <span class='ocrx_word' id='word_1_352' title='bbox 429 2477 499 2520; x_wconf 84' lang='grc'><strong>111111</strong></span> <span class='ocrx_word' id='word_1_353' title='bbox 524 2454 646 2520; x_wconf 79' lang='lat' dir='ltr'>Christo</span> <span class='ocrx_word' id='word_1_354' title='bbox 671 2455 759 2535; x_wconf 78' lang='lat' dir='ltr'>facit.</span> <span class='ocrx_word' id='word_1_355' title='bbox 803 2454 848 2518; x_wconf 87' lang='lat' dir='ltr'>Et</span> <span class='ocrx_word' id='word_1_356' title='bbox 875 2454 928 2518; x_wconf 75' lang='lat' dir='ltr'>lioc</span> <span class='ocrx_word' id='word_1_357' title='bbox 957 2452 1051 2516; x_wconf 84' lang='lat' dir='ltr'>verba</span> <span class='ocrx_word' id='word_1_358' title='bbox 1077 2457 1196 2529; x_wconf 78' lang='grc'><strong>1111111111,</strong></span> <span class='ocrx_word' id='word_1_359' title='bbox 1249 2453 1493 2519; x_wconf 87' lang='lat' dir='ltr'>infirmitatibus</span> <span class='ocrx_word' id='word_1_360' title='bbox 1515 2454 1693 2518; x_wconf 77' lang='lat' dir='ltr'>obnoxium</span> <span class='ocrx_word' id='word_1_361' title='bbox 1714 2454 1813 2518; x_wconf 84' lang='lat' dir='ltr'>luisse</span> <span class='ocrx_word' id='word_1_362' title='bbox 1834 2462 1969 2518; x_wconf 83' lang='lat' dir='ltr'>constat</span> <span class='ocrx_word' id='word_1_363' title='bbox 2015 2456 2062 2518; x_wconf 87' lang='lat' dir='ltr'>At</span> <span class='ocrx_word' id='word_1_364' title='bbox 2083 2477 2125 2520; x_wconf 85' lang='lat' dir='ltr'>ex</span> <span class='ocrx_word' id='word_1_365' title='bbox 2142 2454 2229 2521; x_wconf 89' lang='lat' dir='ltr'>mul·</span> 
     </span>
     <span class='ocr_line' id='line_1_28' title="bbox 218 2539 2230 2626; baseline 0.001 -20"><span class='ocrx_word' id='word_1_366' title='bbox 218 2544 296 2626; x_wconf 80' lang='lat' dir='ltr'>quia</span> <span class='ocrx_word' id='word_1_367' title='bbox 327 2564 360 2608; x_wconf 91' lang='lat' dir='ltr'>se</span> <span class='ocrx_word' id='word_1_368' title='bbox 387 2543 425 2608; x_wconf 86' lang='lat' dir='ltr'>de</span> <span class='ocrx_word' id='word_1_369' title='bbox 454 2540 578 2606; x_wconf 76' lang='grc'><strong>01111110</strong></span> <span class='ocrx_word' id='word_1_370' title='bbox 606 2546 633 2604; x_wconf 91' lang='lat' dir='ltr'>et</span> <span class='ocrx_word' id='word_1_371' title='bbox 659 2541 785 2605; x_wconf 74' lang='lat' dir='ltr'>aoclano</span> <span class='ocrx_word' id='word_1_372' title='bbox 814 2539 868 2605; x_wconf 83' lang='lat' dir='ltr'>hoc</span> <span class='ocrx_word' id='word_1_373' title='bbox 894 2539 994 2604; x_wconf 84' lang='lat' dir='ltr'>dicere</span> <span class='ocrx_word' id='word_1_374' title='bbox 1020 2539 1197 2616; x_wconf 71' lang='lat' dir='ltr'>adorarem,</span> <span class='ocrx_word' id='word_1_375' title='bbox 1249 2541 1292 2603; x_wconf 87' lang='lat' dir='ltr'>tis</span> <span class='ocrx_word' id='word_1_376' title='bbox 1326 2539 1499 2622; x_wconf 81' lang='lat' dir='ltr'>deligenda</span> <span class='ocrx_word' id='word_1_377' title='bbox 1533 2549 1612 2603; x_wconf 88' lang='lat' dir='ltr'>sunt</span> <span class='ocrx_word' id='word_1_378' title='bbox 1646 2561 1684 2603; x_wconf 89' lang='lat' dir='ltr'>ea</span> <span class='ocrx_word' id='word_1_379' title='bbox 1719 2540 1888 2620; x_wconf 86' lang='lat' dir='ltr'>potissime</span> <span class='ocrx_word' id='word_1_380' title='bbox 1923 2561 2007 2622; x_wconf 89' lang='lat' dir='ltr'>quae</span> <span class='ocrx_word' id='word_1_381' title='bbox 2040 2543 2158 2607; x_wconf 91' lang='lat' dir='ltr'>animis</span> <span class='ocrx_word' id='word_1_382' title='bbox 2192 2543 2230 2607; x_wconf 90' lang='lat' dir='ltr'>in</span> 
     </span>
     <span class='ocr_line' id='line_1_29' title="bbox 218 2623 2230 2710; baseline -0.002 -15"><span class='ocrx_word' id='word_1_383' title='bbox 218 2630 415 2695; x_wconf 73' lang='lat' dir='ltr'>correctionis</span> <span class='ocrx_word' id='word_1_384' title='bbox 443 2628 506 2692; x_wconf 89' lang='lat' dir='ltr'>loco</span> <span class='ocrx_word' id='word_1_385' title='bbox 534 2648 554 2690; x_wconf 88' lang='lat' dir='ltr'>a</span> <span class='ocrx_word' id='word_1_386' title='bbox 582 2627 643 2710; x_wconf 79' lang='lat' dir='ltr'>lepe</span> <span class='ocrx_word' id='word_1_387' title='bbox 672 2627 809 2709; x_wconf 78' lang='lat' dir='ltr'>cerrinpii</span> <span class='ocrx_word' id='word_1_388' title='bbox 830 2627 980 2690; x_wconf 82' lang='lat' dir='ltr'>disceruit</span> <span class='ocrx_word' id='word_1_389' title='bbox 1000 2624 1199 2706; x_wconf 81' lang='lat' dir='ltr'>spiritualem</span> <span class='ocrx_word' id='word_1_390' title='bbox 1249 2648 1329 2690; x_wconf 82' lang='lat' dir='ltr'>vera</span> <span class='ocrx_word' id='word_1_391' title='bbox 1346 2624 1465 2689; x_wconf 88' lang='lat' dir='ltr'>fiducia</span> <span class='ocrx_word' id='word_1_392' title='bbox 1483 2623 1692 2690; x_wconf 82' lang='lat' dir='ltr'>aedificandis</span> <span class='ocrx_word' id='word_1_393' title='bbox 1710 2624 1891 2690; x_wconf 85' lang='lat' dir='ltr'>conducere</span> <span class='ocrx_word' id='word_1_394' title='bbox 1909 2637 2045 2708; x_wconf 89' lang='lat' dir='ltr'>queant:</span> <span class='ocrx_word' id='word_1_395' title='bbox 2068 2636 2106 2693; x_wconf 92' lang='lat' dir='ltr'>ut</span> <span class='ocrx_word' id='word_1_396' title='bbox 2126 2649 2230 2710; x_wconf 91' lang='lat' dir='ltr'>quum</span> 
     </span>
     <span class='ocr_line' id='line_1_30' title="bbox 222 2710 2229 2796; baseline -0.001 -14"><span class='ocrx_word' id='word_1_397' title='bbox 222 2713 342 2782; x_wconf 71' lang='lat' dir='ltr'>Ginai·</span> <span class='ocrx_word' id='word_1_398' title='bbox 369 2720 397 2779; x_wconf 89' lang='lat' dir='ltr'>et</span> <span class='ocrx_word' id='word_1_399' title='bbox 424 2715 567 2778; x_wconf 76' lang='lat' dir='ltr'>eoelesiae</span> <span class='ocrx_word' id='word_1_400' title='bbox 595 2713 843 2776; x_wconf 74' lang='lat' dir='ltr'>coniunctionem.</span> <span class='ocrx_word' id='word_1_401' title='bbox 891 2713 995 2791; x_wconf 59' lang='lat' dir='ltr'>theare</span> <span class='ocrx_word' id='word_1_402' title='bbox 1015 2710 1108 2791; x_wconf 79' lang='lat' dir='ltr'>facile</span> <span class='ocrx_word' id='word_1_403' title='bbox 1129 2731 1199 2773; x_wconf 88' lang='lat' dir='ltr'>eca-</span> <span class='ocrx_word' id='word_1_404' title='bbox 1252 2712 1373 2777; x_wconf 89' lang='lat' dir='ltr'>dieitur</span> <span class='ocrx_word' id='word_1_405' title='bbox 1395 2710 1511 2796; x_wconf 88' lang='lat' dir='ltr'>(Hebr.</span> <span class='ocrx_word' id='word_1_406' title='bbox 1537 2714 1572 2789; x_wconf 84' lang='lat'>2,</span> <span class='ocrx_word' id='word_1_407' title='bbox 1598 2712 1666 2795; x_wconf 87' lang='grc'><strong>16),</strong></span> <span class='ocrx_word' id='word_1_408' title='bbox 1701 2712 1826 2795; x_wconf 83' lang='lat' dir='ltr'>angelis</span> <span class='ocrx_word' id='word_1_409' title='bbox 1860 2733 2066 2794; x_wconf 85' lang='lat' dir='ltr'>nequaquam</span> <span class='ocrx_word' id='word_1_410' title='bbox 2093 2718 2229 2779; x_wconf 76' lang='lat' dir='ltr'>tantum</span> 
     </span>
     <span class='ocr_line' id='line_1_31' title="bbox 219 2794 2230 2882; baseline 0 -16"><span class='ocrx_word' id='word_1_411' title='bbox 219 2802 315 2866; x_wconf 83' lang='lat' dir='ltr'>nescit</span> <span class='ocrx_word' id='word_1_412' title='bbox 342 2800 415 2865; x_wconf 80' lang='lat' dir='ltr'>baec</span> <span class='ocrx_word' id='word_1_413' title='bbox 440 2800 587 2882; x_wconf 73' lang='lat' dir='ltr'>fertilitas.</span> <span class='ocrx_word' id='word_1_414' title='bbox 633 2798 699 2863; x_wconf 90' lang='lat' dir='ltr'>Nec</span> <span class='ocrx_word' id='word_1_415' title='bbox 725 2820 796 2863; x_wconf 86' lang='lat' dir='ltr'>ecre</span> <span class='ocrx_word' id='word_1_416' title='bbox 823 2798 902 2862; x_wconf 86' lang='lat' dir='ltr'>mihi</span> <span class='ocrx_word' id='word_1_417' title='bbox 924 2817 1042 2862; x_wconf 76' lang='grc'><strong>11111111</strong></span> <span class='ocrx_word' id='word_1_418' title='bbox 1063 2797 1199 2860; x_wconf 81' lang='lat' dir='ltr'>arbitror</span> <span class='ocrx_word' id='word_1_419' title='bbox 1249 2798 1383 2863; x_wconf 90' lang='lat' dir='ltr'>honoris</span> <span class='ocrx_word' id='word_1_420' title='bbox 1402 2794 1564 2876; x_wconf 90' lang='lat' dir='ltr'>detulisse,</span> <span class='ocrx_word' id='word_1_421' title='bbox 1587 2806 1625 2861; x_wconf 90' lang='lat' dir='ltr'>ut</span> <span class='ocrx_word' id='word_1_422' title='bbox 1646 2818 1760 2862; x_wconf 90' lang='lat' dir='ltr'>eorum</span> <span class='ocrx_word' id='word_1_423' title='bbox 1780 2806 1934 2862; x_wconf 87' lang='lat' dir='ltr'>naturam</span> <span class='ocrx_word' id='word_1_424' title='bbox 1952 2805 2147 2880; x_wconf 79' lang='lat' dir='ltr'>assumeret,</span> <span class='ocrx_word' id='word_1_425' title='bbox 2170 2801 2230 2867; x_wconf 90' lang='lat' dir='ltr'>sed</span> 
     </span>
     <span class='ocr_line' id='line_1_32' title="bbox 218 2881 2231 2971; baseline -0 -17"><span class='ocrx_word' id='word_1_426' title='bbox 218 2888 340 2954; x_wconf 84' lang='lat' dir='ltr'>similes</span> <span class='ocrx_word' id='word_1_427' title='bbox 362 2886 553 2968; x_wconf 74' lang='lat' dir='ltr'>quisqu-ilias</span> <span class='ocrx_word' id='word_1_428' title='bbox 575 2885 741 2964; x_wconf 85' lang='lat' dir='ltr'>discutere;</span> <span class='ocrx_word' id='word_1_429' title='bbox 769 2887 848 2966; x_wconf 78' lang='lat' dir='ltr'>qnia</span> <span class='ocrx_word' id='word_1_430' title='bbox 876 2905 914 2947; x_wconf 80' lang='lat' dir='ltr'>en</span> <span class='ocrx_word' id='word_1_431' title='bbox 937 2883 1121 2947; x_wconf 82' lang='lat' dir='ltr'>brevissima</span> <span class='ocrx_word' id='word_1_432' title='bbox 1141 2881 1199 2945; x_wconf 79' lang='lat' dir='ltr'>liae</span> <span class='ocrx_word' id='word_1_433' title='bbox 1250 2891 1397 2949; x_wconf 87' lang='lat' dir='ltr'>nostram</span> <span class='ocrx_word' id='word_1_434' title='bbox 1419 2884 1648 2966; x_wconf 81' lang='lat' dir='ltr'>assumpsisse,</span> <span class='ocrx_word' id='word_1_435' title='bbox 1682 2893 1720 2948; x_wconf 88' lang='lat' dir='ltr'>ut</span> <span class='ocrx_word' id='word_1_436' title='bbox 1752 2885 1787 2947; x_wconf 89' lang='lat' dir='ltr'>in</span> <span class='ocrx_word' id='word_1_437' title='bbox 1814 2905 1912 2949; x_wconf 90' lang='lat' dir='ltr'>carne</span> <span class='ocrx_word' id='word_1_438' title='bbox 1934 2891 1968 2948; x_wconf 88' lang='lat' dir='ltr'>et</span> <span class='ocrx_word' id='word_1_439' title='bbox 1989 2887 2150 2969; x_wconf 84' lang='lat' dir='ltr'>sanguine</span> <span class='ocrx_word' id='word_1_440' title='bbox 2171 2909 2231 2971; x_wconf 89' lang='lat' dir='ltr'>per</span> 
     </span>
     <span class='ocr_line' id='line_1_33' title="bbox 220 2968 2321 3055; baseline 0 -16"><span class='ocrx_word' id='word_1_441' title='bbox 220 2974 406 3055; x_wconf 67' lang='lat' dir='ltr'>refutatione</span> <span class='ocrx_word' id='word_1_442' title='bbox 427 2972 670 3052; x_wconf 82' lang='lat' dir='ltr'>deprehendetur</span> <span class='ocrx_word' id='word_1_443' title='bbox 691 2972 829 3035; x_wconf 83' lang='lat' dir='ltr'>munium</span> <span class='ocrx_word' id='word_1_444' title='bbox 850 2971 982 3034; x_wconf 70' lang='lat' dir='ltr'>calcios.</span> <span class='ocrx_word' id='word_1_445' title='bbox 1022 2968 1199 3049; x_wconf 68' lang='grc'><strong>1111119111-</strong></span> <span class='ocrx_word' id='word_1_446' title='bbox 1250 2978 1390 3034; x_wconf 90' lang='lat' dir='ltr'>mortem</span> <span class='ocrx_word' id='word_1_447' title='bbox 1419 2968 1601 3034; x_wconf 87' lang='lat' dir='ltr'>destrueret</span> <span class='ocrx_word' id='word_1_448' title='bbox 1634 2991 1710 3034; x_wconf 90' lang='lat' dir='ltr'>eum</span> <span class='ocrx_word' id='word_1_449' title='bbox 1735 2971 1791 3053; x_wconf 89' lang='lat' dir='ltr'>qui</span> <span class='ocrx_word' id='word_1_450' title='bbox 1814 2971 1991 3052; x_wconf 84' lang='lat' dir='ltr'>potiebatur</span> <span class='ocrx_word' id='word_1_451' title='bbox 2023 2973 2140 3036; x_wconf 89' lang='lat' dir='ltr'>mortis</span> <span class='ocrx_word' id='word_1_452' title='bbox 2167 2975 2231 3039; x_wconf 91' lang='lat' dir='ltr'>im·</span> <span class='ocrx_word' id='word_1_453' title='bbox 2311 2991 2321 2999; x_wconf 83' lang='grc'><em>·</em></span> 
     </span>
     <span class='ocr_line' id='line_1_34' title="bbox 220 3053 2230 3139; baseline 0.001 -16"><span class='ocrx_word' id='word_1_454' title='bbox 220 3060 290 3124; x_wconf 80' lang='lat' dir='ltr'>deni</span> <span class='ocrx_word' id='word_1_455' title='bbox 311 3058 459 3122; x_wconf 85' lang='lat' dir='ltr'>sobrietas</span> <span class='ocrx_word' id='word_1_456' title='bbox 479 3058 560 3137; x_wconf 74' lang='lat' dir='ltr'>til-iis</span> <span class='ocrx_word' id='word_1_457' title='bbox 581 3056 645 3121; x_wconf 90' lang='lat' dir='ltr'>Dei</span> <span class='ocrx_word' id='word_1_458' title='bbox 666 3057 763 3120; x_wconf 81' lang='lat' dir='ltr'>solide</span> <span class='ocrx_word' id='word_1_459' title='bbox 779 3056 950 3137; x_wconf 83' lang='lat' dir='ltr'>pascendis</span> <span class='ocrx_word' id='word_1_460' title='bbox 969 3054 1090 3119; x_wconf 74' lang='grc'><strong>1111111111</strong></span> <span class='ocrx_word' id='word_1_461' title='bbox 1110 3053 1200 3135; x_wconf 72' lang='lat' dir='ltr'>suffi-</span> <span class='ocrx_word' id='word_1_462' title='bbox 1250 3056 1350 3139; x_wconf 88' lang='lat' dir='ltr'>perio.</span> <span class='ocrx_word' id='word_1_463' title='bbox 1404 3054 1503 3134; x_wconf 88' lang='lat' dir='ltr'>item,</span> <span class='ocrx_word' id='word_1_464' title='bbox 1545 3056 1614 3119; x_wconf 88' lang='lat' dir='ltr'>eius</span> <span class='ocrx_word' id='word_1_465' title='bbox 1647 3057 1949 3122; x_wconf 89' lang='lat' dir='ltr'>communicationis</span> <span class='ocrx_word' id='word_1_466' title='bbox 1980 3057 2136 3124; x_wconf 89' lang='lat' dir='ltr'>beneficio</span> <span class='ocrx_word' id='word_1_467' title='bbox 2168 3082 2230 3126; x_wconf 88' lang='lat' dir='ltr'>nos</span> 
     </span>
     <span class='ocr_line' id='line_1_35' title="bbox 220 3140 2231 3229; baseline 0.002 -20"><span class='ocrx_word' id='word_1_468' title='bbox 220 3146 295 3209; x_wconf 86' lang='lat' dir='ltr'>ciet:</span> <span class='ocrx_word' id='word_1_469' title='bbox 321 3164 417 3223; x_wconf 78' lang='lat' dir='ltr'>pnum</span> <span class='ocrx_word' id='word_1_470' title='bbox 443 3145 525 3207; x_wconf 67' lang='lat' dir='ltr'>veniit</span> <span class='ocrx_word' id='word_1_471' title='bbox 543 3143 704 3224; x_wconf 71' lang='lat' dir='ltr'>planitudo</span> <span class='ocrx_word' id='word_1_472' title='bbox 726 3147 911 3221; x_wconf 87' lang='lat' dir='ltr'>temporum,</span> <span class='ocrx_word' id='word_1_473' title='bbox 940 3142 1073 3205; x_wconf 85' lang='lat' dir='ltr'>missum</span> <span class='ocrx_word' id='word_1_474' title='bbox 1098 3140 1200 3222; x_wconf 74' lang='lat' dir='ltr'>fuisse</span> <span class='ocrx_word' id='word_1_475' title='bbox 1250 3143 1370 3206; x_wconf 91' lang='lat' dir='ltr'>fratres</span> <span class='ocrx_word' id='word_1_476' title='bbox 1401 3142 1472 3205; x_wconf 92' lang='lat' dir='ltr'>eius</span> <span class='ocrx_word' id='word_1_477' title='bbox 1505 3142 1630 3207; x_wconf 88' lang='lat' dir='ltr'>censeri</span> <span class='ocrx_word' id='word_1_478' title='bbox 1666 3142 1758 3229; x_wconf 83' lang='lat' dir='ltr'>(ibid.</span> <span class='ocrx_word' id='word_1_479' title='bbox 1779 3146 1813 3219; x_wconf 86' lang='lat'>2,</span> <span class='ocrx_word' id='word_1_480' title='bbox 1837 3142 1899 3227; x_wconf 92' lang='lat' dir='ltr'>ll).</span> <span class='ocrx_word' id='word_1_481' title='bbox 1945 3144 2046 3219; x_wconf 89' lang='lat' dir='ltr'>Item,</span> <span class='ocrx_word' id='word_1_482' title='bbox 2080 3143 2231 3213; x_wconf 86' lang='lat' dir='ltr'>debuisse</span> 
     </span>
     <span class='ocr_line' id='line_1_36' title="bbox 219 3227 2233 3311; baseline 0.002 -17"><span class='ocrx_word' id='word_1_483' title='bbox 219 3228 325 3311; x_wconf 75' lang='lat' dir='ltr'>filium</span> <span class='ocrx_word' id='word_1_484' title='bbox 343 3230 408 3295; x_wconf 88' lang='lat' dir='ltr'>Dei</span> <span class='ocrx_word' id='word_1_485' title='bbox 427 3229 547 3311; x_wconf 78' lang='lat' dir='ltr'>factum</span> <span class='ocrx_word' id='word_1_486' title='bbox 569 3249 607 3293; x_wconf 80' lang='lat' dir='ltr'>ee·</span> <span class='ocrx_word' id='word_1_487' title='bbox 628 3229 766 3306; x_wconf 73' lang='lat' dir='ltr'>nuntiae,</span> <span class='ocrx_word' id='word_1_488' title='bbox 787 3228 906 3308; x_wconf 78' lang='lat' dir='ltr'>factum</span> <span class='ocrx_word' id='word_1_489' title='bbox 927 3227 984 3292; x_wconf 75' lang='lat' dir='ltr'>secl)</span> <span class='ocrx_word' id='word_1_490' title='bbox 1002 3228 1072 3309; x_wconf 71' lang='lat' dir='ltr'>cepe,</span> <span class='ocrx_word' id='word_1_491' title='bbox 1094 3232 1129 3291; x_wconf 85' lang='lat' dir='ltr'>ut</span> <span class='ocrx_word' id='word_1_492' title='bbox 1149 3246 1201 3291; x_wconf 83' lang='lat' dir='ltr'>ees</span> <span class='ocrx_word' id='word_1_493' title='bbox 1251 3227 1407 3292; x_wconf 85' lang='lat' dir='ltr'>iratribus</span> <span class='ocrx_word' id='word_1_494' title='bbox 1429 3228 1569 3291; x_wconf 89' lang='lat' dir='ltr'>similem</span> <span class='ocrx_word' id='word_1_495' title='bbox 1590 3229 1671 3306; x_wconf 87' lang='lat' dir='ltr'>fieri,</span> <span class='ocrx_word' id='word_1_496' title='bbox 1693 3235 1731 3291; x_wconf 88' lang='lat' dir='ltr'>ut</span> <span class='ocrx_word' id='word_1_497' title='bbox 1751 3229 1937 3293; x_wconf 85' lang='lat' dir='ltr'>misericors</span> <span class='ocrx_word' id='word_1_498' title='bbox 1959 3238 2045 3294; x_wconf 89' lang='lat' dir='ltr'>esset</span> <span class='ocrx_word' id='word_1_499' title='bbox 2066 3253 2104 3295; x_wconf 89' lang='lat' dir='ltr'>ae</span> <span class='ocrx_word' id='word_1_500' title='bbox 2125 3232 2233 3298; x_wconf 89' lang='lat' dir='ltr'>fidelis</span> 
     </span>
     <span class='ocr_line' id='line_1_37' title="bbox 221 3311 2232 3400; baseline 0.002 -20"><span class='ocrx_word' id='word_1_501' title='bbox 221 3315 352 3398; x_wconf 73' lang='lat' dir='ltr'>quiae</span> <span class='ocrx_word' id='word_1_502' title='bbox 374 3316 436 3397; x_wconf 81' lang='lat' dir='ltr'>lepe</span> <span class='ocrx_word' id='word_1_503' title='bbox 457 3321 545 3379; x_wconf 79' lang='grc'><strong>1111111</strong></span> <span class='ocrx_word' id='word_1_504' title='bbox 566 3314 729 3379; x_wconf 84' lang='lat' dir='ltr'>redimeret</span> <span class='ocrx_word' id='word_1_505' title='bbox 750 3311 954 3396; x_wconf 67' lang='grc'><strong>(1111144).</strong></span> <span class='ocrx_word' id='word_1_506' title='bbox 1251 3315 1460 3392; x_wconf 66' lang='lat' dir='ltr'>interscissam</span> <span class='ocrx_word' id='word_1_507' title='bbox 1493 3334 1554 3378; x_wconf 91' lang='lat' dir='ltr'>nes</span> <span class='ocrx_word' id='word_1_508' title='bbox 1587 3314 1774 3396; x_wconf 85' lang='lat' dir='ltr'>pontificem</span> <span class='ocrx_word' id='word_1_509' title='bbox 1806 3335 1873 3378; x_wconf 91' lang='lat' dir='ltr'>non</span> <span class='ocrx_word' id='word_1_510' title='bbox 1905 3314 2041 3394; x_wconf 91' lang='lat' dir='ltr'>habere,</span> <span class='ocrx_word' id='word_1_511' title='bbox 2076 3319 2131 3400; x_wconf 93' lang='lat' dir='ltr'>qui</span> <span class='ocrx_word' id='word_1_512' title='bbox 2165 3342 2232 3384; x_wconf 90' lang='lat' dir='ltr'>non</span> 
     </span>
     <span class='ocr_line' id='line_1_38' title="bbox 1251 3400 2233 3489; baseline 0.005 -26"><span class='ocrx_word' id='word_1_513' title='bbox 1251 3400 1356 3483; x_wconf 90' lang='lat' dir='ltr'>possit</span> <span class='ocrx_word' id='word_1_514' title='bbox 1388 3401 1528 3482; x_wconf 89' lang='lat' dir='ltr'>compati</span> <span class='ocrx_word' id='word_1_515' title='bbox 1562 3400 1806 3465; x_wconf 88' lang='lat' dir='ltr'>infirmitatibus</span> <span class='ocrx_word' id='word_1_516' title='bbox 1838 3400 1959 3464; x_wconf 79' lang='lat' dir='ltr'>nocuis</span> <span class='ocrx_word' id='word_1_517' title='bbox 1987 3402 2078 3487; x_wconf 86' lang='lat' dir='ltr'>(ibid.</span> <span class='ocrx_word' id='word_1_518' title='bbox 2099 3407 2134 3484; x_wconf 90' lang='grc'>4,</span> <span class='ocrx_word' id='word_1_519' title='bbox 2162 3406 2233 3489; x_wconf 82' lang='grc'><strong>15);</strong></span> 
     </span>
     <span class='ocr_line' id='line_1_39' title="bbox 1253 3484 2232 3572; baseline 0.005 -22"><span class='ocrx_word' id='word_1_520' title='bbox 1253 3494 1286 3550; x_wconf 90' lang='lat' dir='ltr'>et</span> <span class='ocrx_word' id='word_1_521' title='bbox 1307 3484 1435 3549; x_wconf 88' lang='lat' dir='ltr'>similia.</span> <span class='ocrx_word' id='word_1_522' title='bbox 1464 3485 1584 3551; x_wconf 78' lang='lat' dir='ltr'>Eodern</span> <span class='ocrx_word' id='word_1_523' title='bbox 1599 3487 1734 3568; x_wconf 85' lang='lat' dir='ltr'>pertinet</span> <span class='ocrx_word' id='word_1_524' title='bbox 1754 3487 1835 3567; x_wconf 72' lang='lat' dir='ltr'>quod</span> <span class='ocrx_word' id='word_1_525' title='bbox 1851 3487 1953 3567; x_wconf 88' lang='lat' dir='ltr'>paulo</span> <span class='ocrx_word' id='word_1_526' title='bbox 1970 3494 2043 3553; x_wconf 89' lang='lat' dir='ltr'>ante</span> <span class='ocrx_word' id='word_1_527' title='bbox 2059 3491 2232 3572; x_wconf 64' lang='lat' dir='ltr'>attigimus,</span> 
     </span>
     <span class='ocr_line' id='line_1_40' title="bbox 1234 3572 2233 3658; baseline 0.009 -26"><span class='ocrx_word' id='word_1_528' title='bbox 1234 3572 1422 3654; x_wconf 71' lang='lat' dir='ltr'>oportuisse</span> <span class='ocrx_word' id='word_1_529' title='bbox 1442 3572 1479 3634; x_wconf 88' lang='lat' dir='ltr'>in</span> <span class='ocrx_word' id='word_1_530' title='bbox 1499 3591 1592 3636; x_wconf 71' lang='lat' dir='ltr'>corice</span> <span class='ocrx_word' id='word_1_531' title='bbox 1612 3577 1718 3637; x_wconf 86' lang='lat' dir='ltr'>nostra</span> <span class='ocrx_word' id='word_1_532' title='bbox 1730 3574 1855 3655; x_wconf 76' lang='lat' dir='ltr'>copiari</span> <span class='ocrx_word' id='word_1_533' title='bbox 1870 3579 1998 3655; x_wconf 86' lang='lat' dir='ltr'>peccato</span> <span class='ocrx_word' id='word_1_534' title='bbox 2010 3577 2129 3654; x_wconf 79' lang='grc'><strong>1111111111,</strong></span> <span class='ocrx_word' id='word_1_535' title='bbox 2152 3578 2233 3658; x_wconf 74' lang='lat' dir='ltr'>meod</span> 
     </span>
     <span class='ocr_line' id='line_1_41' title="bbox 1251 3656 2231 3742; baseline 0.004 -20"><span class='ocrx_word' id='word_1_536' title='bbox 1251 3679 1273 3722; x_wconf 91' lang='lat' dir='ltr'>a</span> <span class='ocrx_word' id='word_1_537' title='bbox 1297 3656 1400 3720; x_wconf 89' lang='lat' dir='ltr'>Panlo</span> <span class='ocrx_word' id='word_1_538' title='bbox 1427 3658 1511 3720; x_wconf 86' lang='lat' dir='ltr'>clare</span> <span class='ocrx_word' id='word_1_539' title='bbox 1537 3660 1690 3723; x_wconf 68' lang='lat' dir='ltr'>assatur</span> <span class='ocrx_word' id='word_1_540' title='bbox 1711 3660 1821 3741; x_wconf 89' lang='lat' dir='ltr'>(Rom.</span> <span class='ocrx_word' id='word_1_541' title='bbox 1842 3663 1876 3736; x_wconf 83' lang='lat'>8,</span> <span class='ocrx_word' id='word_1_542' title='bbox 1897 3658 1941 3742; x_wconf 86' lang='lat'>3).</span> <span class='ocrx_word' id='word_1_543' title='bbox 1986 3661 2037 3725; x_wconf 82' lang='lat' dir='ltr'>Ac</span> <span class='ocrx_word' id='word_1_544' title='bbox 2062 3666 2138 3726; x_wconf 82' lang='lat' dir='ltr'>certe</span> <span class='ocrx_word' id='word_1_545' title='bbox 2163 3663 2231 3726; x_wconf 84' lang='lat' dir='ltr'>ideo</span> 
     </span>
     <span class='ocr_line' id='line_1_42' title="bbox 1253 3743 2231 3828; baseline 0.002 -19"><span class='ocrx_word' id='word_1_546' title='bbox 1253 3744 1296 3809; x_wconf 86' lang='lat' dir='ltr'>od</span> <span class='ocrx_word' id='word_1_547' title='bbox 1318 3764 1375 3807; x_wconf 81' lang='lat' dir='ltr'>rios</span> <span class='ocrx_word' id='word_1_548' title='bbox 1392 3744 1526 3823; x_wconf 84' lang='lat' dir='ltr'>pertinet</span> <span class='ocrx_word' id='word_1_549' title='bbox 1551 3745 1706 3825; x_wconf 78' lang='lat' dir='ltr'>quidquid</span> <span class='ocrx_word' id='word_1_550' title='bbox 1731 3743 1862 3809; x_wconf 64' lang='lat' dir='ltr'>&amp;irrisio-</span> <span class='ocrx_word' id='word_1_551' title='bbox 1875 3746 2002 3810; x_wconf 76' lang='lat' dir='ltr'>contulit</span> <span class='ocrx_word' id='word_1_552' title='bbox 2017 3752 2125 3828; x_wconf 84' lang='lat' dir='ltr'>pater,</span> <span class='ocrx_word' id='word_1_553' title='bbox 2153 3749 2231 3828; x_wconf 83' lang='lat' dir='ltr'>quia</span> 
     </span>
     <span class='ocr_line' id='line_1_43' title="bbox 1251 3832 2231 3913; baseline 0.003 -21"><span class='ocrx_word' id='word_1_554' title='bbox 1251 3835 1344 3910; x_wconf 85' lang='lat' dir='ltr'>caput</span> <span class='ocrx_word' id='word_1_555' title='bbox 1365 3834 1410 3893; x_wconf 86' lang='lat' dir='ltr'>est</span> <span class='ocrx_word' id='word_1_556' title='bbox 1426 3851 1465 3893; x_wconf 85' lang='lat' dir='ltr'>en</span> <span class='ocrx_word' id='word_1_557' title='bbox 1482 3850 1542 3910; x_wconf 79' lang='lat' dir='ltr'>ouo</span> <span class='ocrx_word' id='word_1_558' title='bbox 1559 3835 1655 3893; x_wconf 87' lang='lat' dir='ltr'>tetum</span> <span class='ocrx_word' id='word_1_559' title='bbox 1672 3850 1784 3911; x_wconf 87' lang='lat' dir='ltr'>cerpus</span> <span class='ocrx_word' id='word_1_560' title='bbox 1800 3851 1861 3913; x_wconf 86' lang='lat' dir='ltr'>per</span> <span class='ocrx_word' id='word_1_561' title='bbox 1878 3832 2043 3897; x_wconf 73' lang='lat' dir='ltr'>innotescas</span> <span class='ocrx_word' id='word_1_562' title='bbox 2059 3853 2231 3897; x_wconf 74' lang='lat' dir='ltr'>cormeum</span> 
     </span>
     <span class='ocr_line' id='line_1_44' title="bbox 1251 3914 2230 4000; baseline 0.005 -22"><span class='ocrx_word' id='word_1_563' title='bbox 1251 3914 1348 3978; x_wconf 81' lang='lat' dir='ltr'>sinent</span> <span class='ocrx_word' id='word_1_564' title='bbox 1375 3916 1515 3980; x_wconf 84' lang='lat' dir='ltr'>coalescit</span> <span class='ocrx_word' id='word_1_565' title='bbox 1542 3915 1642 4000; x_wconf 82' lang='lat' dir='ltr'>(Eph.</span> <span class='ocrx_word' id='word_1_566' title='bbox 1663 3922 1697 3995; x_wconf 82' lang='grc'><strong>4,</strong></span> <span class='ocrx_word' id='word_1_567' title='bbox 1727 3917 1789 4000; x_wconf 89' lang='grc'><strong>16).</strong></span> <span class='ocrx_word' id='word_1_568' title='bbox 1836 3916 1906 3981; x_wconf 86' lang='lat' dir='ltr'>Ima</span> <span class='ocrx_word' id='word_1_569' title='bbox 1931 3918 2106 3983; x_wconf 71' lang='lat' dir='ltr'>nataliter</span> <span class='ocrx_word' id='word_1_570' title='bbox 2126 3938 2230 3983; x_wconf 80' lang='lat' dir='ltr'>mnae</span> 
     </span>
     <span class='ocr_line' id='line_1_45' title="bbox 1250 4002 2231 4083; baseline 0.004 -19"><span class='ocrx_word' id='word_1_571' title='bbox 1250 4002 1315 4065; x_wconf 83' lang='lat' dir='ltr'>niet</span> <span class='ocrx_word' id='word_1_572' title='bbox 1335 4003 1416 4081; x_wconf 80' lang='lat' dir='ltr'>qnod</span> <span class='ocrx_word' id='word_1_573' title='bbox 1436 4002 1559 4081; x_wconf 84' lang='lat' dir='ltr'>dicitm,</span> <span class='ocrx_word' id='word_1_574' title='bbox 1582 4003 1730 4083; x_wconf 83' lang='lat' dir='ltr'>spiritum</span> <span class='ocrx_word' id='word_1_575' title='bbox 1751 4004 1781 4068; x_wconf 90' lang='lat' dir='ltr'>ei</span> <span class='ocrx_word' id='word_1_576' title='bbox 1798 4003 1908 4067; x_wconf 76' lang='grc'><strong>1111111111</strong></span> <span class='ocrx_word' id='word_1_577' title='bbox 1929 4023 1995 4068; x_wconf 88' lang='lat' dir='ltr'>esse</span> <span class='ocrx_word' id='word_1_578' title='bbox 2014 4004 2127 4083; x_wconf 76' lang='lat' dir='ltr'>absque</span> <span class='ocrx_word' id='word_1_579' title='bbox 2146 4024 2231 4069; x_wconf 78' lang='grc'><strong>111111-</strong></span> 
     </span>
     <span class='ocr_line' id='line_1_46' title="bbox 1250 4087 2231 4171; baseline 0.004 -20"><span class='ocrx_word' id='word_1_580' title='bbox 1250 4108 1329 4151; x_wconf 84' lang='lat' dir='ltr'>sura</span> <span class='ocrx_word' id='word_1_581' title='bbox 1350 4087 1479 4168; x_wconf 86' lang='lat' dir='ltr'>(Ieann.</span> <span class='ocrx_word' id='word_1_582' title='bbox 1503 4092 1534 4166; x_wconf 96' lang='lat' dir='ltr'>l,</span> <span class='ocrx_word' id='word_1_583' title='bbox 1557 4092 1595 4151; x_wconf 88' lang='lat'>16</span> <span class='ocrx_word' id='word_1_584' title='bbox 1616 4096 1650 4152; x_wconf 91' lang='lat' dir='ltr'>et</span> <span class='ocrx_word' id='word_1_585' title='bbox 1670 4092 1704 4167; x_wconf 89' lang='lat'>3,</span> <span class='ocrx_word' id='word_1_586' title='bbox 1725 4092 1796 4171; x_wconf 84' lang='grc'><strong>34),</strong></span> <span class='ocrx_word' id='word_1_587' title='bbox 1825 4093 1859 4152; x_wconf 88' lang='lat' dir='ltr'>ut</span> <span class='ocrx_word' id='word_1_588' title='bbox 1885 4090 1923 4154; x_wconf 83' lang='lat' dir='ltr'>de</span> <span class='ocrx_word' id='word_1_589' title='bbox 1944 4089 2139 4171; x_wconf 79' lang='lat' dir='ltr'>plmitudine</span> <span class='ocrx_word' id='word_1_590' title='bbox 2160 4093 2231 4156; x_wconf 87' lang='lat' dir='ltr'>cius</span> 
     </span>
     <span class='ocr_line' id='line_1_47' title="bbox 1251 4172 2232 4257; baseline 0.007 -22"><span class='ocrx_word' id='word_1_591' title='bbox 1251 4172 1440 4237; x_wconf 84' lang='lat' dir='ltr'>hauriamus</span> <span class='ocrx_word' id='word_1_592' title='bbox 1461 4195 1580 4252; x_wconf 76' lang='lat' dir='ltr'>omnes,</span> <span class='ocrx_word' id='word_1_593' title='bbox 1607 4175 1732 4255; x_wconf 71' lang='lat' dir='ltr'>perarida</span> <span class='ocrx_word' id='word_1_594' title='bbox 1758 4175 1839 4239; x_wconf 75' lang='lat' dir='ltr'>nibil</span> <span class='ocrx_word' id='word_1_595' title='bbox 1859 4176 2030 4240; x_wconf 85' lang='lat' dir='ltr'>absurdius</span> <span class='ocrx_word' id='word_1_596' title='bbox 2048 4196 2146 4257; x_wconf 79' lang='lat' dir='ltr'>quam</span> <span class='ocrx_word' id='word_1_597' title='bbox 2166 4176 2232 4242; x_wconf 86' lang='lat' dir='ltr'>De·</span> 
     </span>
    </p>
   </div>
   <div class='ocr_carea' id='block_1_5' title="bbox 1250 1162 2229 1333">
    <p class='ocr_par' dir='ltr' id='par_1_5' title="bbox 1250 1162 2229 1333">
     <span class='ocr_line' id='line_1_48' title="bbox 1250 1162 2229 1314; baseline 0.003 -87"><span class='ocrx_word' id='word_1_598' title='bbox 1250 1164 1361 1314; x_wconf 39' lang='lat' dir='ltr'>iiim·</span> <span class='ocrx_word' id='word_1_599' title='bbox 1385 1170 1418 1242; x_wconf 92' lang='lat' dir='ltr'>l,</span> <span class='ocrx_word' id='word_1_600' title='bbox 1439 1163 1489 1245; x_wconf 91' lang='lat'>3),</span> <span class='ocrx_word' id='word_1_601' title='bbox 1518 1162 1697 1228; x_wconf 90' lang='lat' dir='ltr'>seeundum</span> <span class='ocrx_word' id='word_1_602' title='bbox 1719 1184 1852 1229; x_wconf 89' lang='lat' dir='ltr'>carnem</span> <span class='ocrx_word' id='word_1_603' title='bbox 1873 1164 1979 1229; x_wconf 85' lang='lat' dir='ltr'>faetus</span> <span class='ocrx_word' id='word_1_604' title='bbox 2001 1165 2043 1229; x_wconf 87' lang='lat' dir='ltr'>sit</span> <span class='ocrx_word' id='word_1_605' title='bbox 2060 1186 2102 1228; x_wconf 83' lang='lat' dir='ltr'>ex</span> <span class='ocrx_word' id='word_1_606' title='bbox 2158 1166 2229 1230; x_wconf 81' lang='lat' dir='ltr'>avi·</span> 
     </span>
     <span class='ocr_line' id='line_1_49' title="bbox 1274 1248 2229 1333; baseline 0 -19"><span class='ocrx_word' id='word_1_607' title='bbox 1274 1251 1281 1263; x_wconf 86' lang='lat'>&#39;</span> <span class='ocrx_word' id='word_1_608' title='bbox 1327 1250 1465 1329; x_wconf 89' lang='lat' dir='ltr'>semine;</span> <span class='ocrx_word' id='word_1_609' title='bbox 1499 1250 1585 1314; x_wconf 89' lang='lat' dir='ltr'>sicut</span> <span class='ocrx_word' id='word_1_610' title='bbox 1609 1250 1686 1314; x_wconf 87' lang='lat' dir='ltr'>alibi</span> <span class='ocrx_word' id='word_1_611' title='bbox 1715 1248 1808 1315; x_wconf 86' lang='lat' dir='ltr'>decet</span> <span class='ocrx_word' id='word_1_612' title='bbox 1841 1249 1928 1313; x_wconf 89' lang='lat' dir='ltr'>idem</span> <span class='ocrx_word' id='word_1_613' title='bbox 1957 1250 2123 1333; x_wconf 87' lang='lat' dir='ltr'>apestolus</span> <span class='ocrx_word' id='word_1_614' title='bbox 2151 1272 2229 1316; x_wconf 91' lang='lat' dir='ltr'>eum</span> 
     </span>
    </p>
   </div>
   <div class='ocr_carea' id='block_1_6' title="bbox 551 3671 868 3756">
    <p class='ocr_par' dir='ltr' id='par_1_6' title="bbox 551 3671 868 3756">
     <span class='ocr_line' id='line_1_50' title="bbox 551 3671 868 3756; baseline -0.006 -18"><span class='ocrx_word' id='word_1_615' title='bbox 551 3672 702 3739; x_wconf 76' lang='lat' dir='ltr'>essue</span> <span class='ocrx_word' id='word_1_616' title='bbox 724 3671 823 3736; x_wconf 86' lang='grc'><strong>11111.</strong></span> <span class='ocrx_word' id='word_1_617' title='bbox 843 3671 868 3756; x_wconf 83' lang='lat'>1)</span> 
     </span>
    </p>
   </div>
   <div class='ocr_carea' id='block_1_7' title="bbox 220 3849 1199 4052">
    <p class='ocr_par' dir='ltr' id='par_1_7' title="bbox 220 3849 1199 4052">
     <span class='ocr_line' id='line_1_51' title="bbox 220 3849 1199 3936; baseline -0.005 0"><span class='ocrx_word' id='word_1_618' title='bbox 220 3849 441 3936; x_wconf 75' lang='lat' dir='ltr'>Christum</span> <span class='ocrx_word' id='word_1_619' title='bbox 478 3880 623 3932; x_wconf 81' lang='lat' dir='ltr'>veram</span> <span class='ocrx_word' id='word_1_620' title='bbox 658 3850 868 3932; x_wconf 88' lang='lat' dir='ltr'>humanae</span> <span class='ocrx_word' id='word_1_621' title='bbox 917 3849 1052 3931; x_wconf 89' lang='lat' dir='ltr'>carnis</span> <span class='ocrx_word' id='word_1_622' title='bbox 1099 3850 1199 3931; x_wconf 92' lang='lat' dir='ltr'>sub-</span> 
     </span>
     <span class='ocr_line' id='line_1_52' title="bbox 498 3970 925 4052; baseline -0.005 0"><span class='ocrx_word' id='word_1_623' title='bbox 498 3970 698 4052; x_wconf 83' lang='lat' dir='ltr'>stantiam</span> <span class='ocrx_word' id='word_1_624' title='bbox 727 3970 925 4051; x_wconf 84' lang='lat' dir='ltr'>induisse.</span> 
     </span>
    </p>
   </div>
   <div class='ocr_carea' id='block_1_8' title="bbox 310 4169 1200 4252">
    <p class='ocr_par' dir='ltr' id='par_1_8' title="bbox 310 4169 1200 4252">
     <span class='ocr_line' id='line_1_53' title="bbox 310 4169 1200 4252; baseline 0.001 -18"><span class='ocrx_word' id='word_1_625' title='bbox 310 4176 337 4237; x_wconf 96' lang='grc'>1.</span> <span class='ocrx_word' id='word_1_626' title='bbox 380 4170 434 4235; x_wconf 92' lang='lat' dir='ltr'>De</span> <span class='ocrx_word' id='word_1_627' title='bbox 463 4169 588 4236; x_wconf 86' lang='lat' dir='ltr'>Ohristi</span> <span class='ocrx_word' id='word_1_628' title='bbox 616 4170 803 4250; x_wconf 88' lang='lat' dir='ltr'>divinitate,</span> <span class='ocrx_word' id='word_1_629' title='bbox 836 4191 918 4252; x_wconf 78' lang='lat' dir='ltr'>quoe</span> <span class='ocrx_word' id='word_1_630' title='bbox 945 4169 1023 4234; x_wconf 80' lang='lat' dir='ltr'>aiibi</span> <span class='ocrx_word' id='word_1_631' title='bbox 1050 4170 1147 4234; x_wconf 86' lang='lat' dir='ltr'>claris</span> <span class='ocrx_word' id='word_1_632' title='bbox 1173 4176 1200 4235; x_wconf 91' lang='lat' dir='ltr'>et</span> 
     </span>
    </p>
   </div>
   <div class='ocr_carea' id='block_1_9' title="bbox 217 4255 1200 5010">
    <p class='ocr_par' dir='ltr' id='par_1_9' title="bbox 217 4255 1200 5010">
     <span class='ocr_line' id='line_1_54' title="bbox 217 4255 1200 4339; baseline -0.002 -17"><span class='ocrx_word' id='word_1_633' title='bbox 217 4256 322 4339; x_wconf 68' lang='lat' dir='ltr'>pinnis</span> <span class='ocrx_word' id='word_1_634' title='bbox 345 4257 530 4322; x_wconf 83' lang='lat' dir='ltr'>testimoniis</span> <span class='ocrx_word' id='word_1_635' title='bbox 546 4257 680 4338; x_wconf 82' lang='lat' dir='ltr'>probata</span> <span class='ocrx_word' id='word_1_636' title='bbox 701 4261 759 4334; x_wconf 85' lang='lat' dir='ltr'>est,</span> <span class='ocrx_word' id='word_1_637' title='bbox 788 4277 877 4322; x_wconf 91' lang='lat' dir='ltr'>nune</span> <span class='ocrx_word' id='word_1_638' title='bbox 898 4257 1019 4319; x_wconf 88' lang='lat' dir='ltr'>iterum</span> <span class='ocrx_word' id='word_1_639' title='bbox 1041 4255 1200 4321; x_wconf 88' lang='lat' dir='ltr'>disserere</span> 
     </span>
     <span class='ocr_line' id='line_1_55' title="bbox 219 4342 1200 4427; baseline -0.003 -17"><span class='ocrx_word' id='word_1_640' title='bbox 219 4364 475 4427; x_wconf 83' lang='lat' dir='ltr'>supervacuum,</span> <span class='ocrx_word' id='word_1_641' title='bbox 511 4343 576 4407; x_wconf 92' lang='lat' dir='ltr'>nisi</span> <span class='ocrx_word' id='word_1_642' title='bbox 605 4342 716 4421; x_wconf 89' lang='lat' dir='ltr'>fallor,</span> <span class='ocrx_word' id='word_1_643' title='bbox 746 4350 838 4406; x_wconf 87' lang='lat' dir='ltr'>esset</span> <span class='ocrx_word' id='word_1_644' title='bbox 898 4342 1075 4406; x_wconf 83' lang='lat' dir='ltr'>Videmium</span> <span class='ocrx_word' id='word_1_645' title='bbox 1101 4343 1200 4425; x_wconf 78' lang='lat' dir='ltr'>ipitnr</span> 
     </span>
     <span class='ocr_line' id='line_1_56' title="bbox 219 4428 1200 4511; baseline -0.003 -15"><span class='ocrx_word' id='word_1_646' title='bbox 219 4434 315 4496; x_wconf 76' lang='lat' dir='ltr'>radat</span> <span class='ocrx_word' id='word_1_647' title='bbox 336 4429 485 4511; x_wconf 78' lang='lat' dir='ltr'>quomedo</span> <span class='ocrx_word' id='word_1_648' title='bbox 506 4448 599 4493; x_wconf 85' lang='lat' dir='ltr'>carne</span> <span class='ocrx_word' id='word_1_649' title='bbox 619 4434 728 4493; x_wconf 83' lang='lat' dir='ltr'>nestra</span> <span class='ocrx_word' id='word_1_650' title='bbox 747 4429 878 4493; x_wconf 82' lang='lat' dir='ltr'>indutus</span> <span class='ocrx_word' id='word_1_651' title='bbox 893 4428 1075 4492; x_wconf 71' lang='lat' dir='ltr'>mediatam</span> <span class='ocrx_word' id='word_1_652' title='bbox 1089 4434 1200 4509; x_wconf 88' lang='lat' dir='ltr'>partes</span> 
     </span>
     <span class='ocr_line' id='line_1_57' title="bbox 218 4513 1199 4598; baseline 0 -17"><span class='ocrx_word' id='word_1_653' title='bbox 218 4516 401 4598; x_wconf 70' lang='lat' dir='ltr'>inpleverit.</span> <span class='ocrx_word' id='word_1_654' title='bbox 459 4518 510 4580; x_wconf 88' lang='lat' dir='ltr'>Ac</span> <span class='ocrx_word' id='word_1_655' title='bbox 549 4516 713 4579; x_wconf 87' lang='lat' dir='ltr'>humanae</span> <span class='ocrx_word' id='word_1_656' title='bbox 745 4513 877 4596; x_wconf 90' lang='lat' dir='ltr'>quidem</span> <span class='ocrx_word' id='word_1_657' title='bbox 909 4519 1048 4577; x_wconf 88' lang='lat' dir='ltr'>naturae</span> <span class='ocrx_word' id='word_1_658' title='bbox 1077 4515 1199 4581; x_wconf 85' lang='lat' dir='ltr'>veritas</span> 
     </span>
     <span class='ocr_line' id='line_1_58' title="bbox 219 4599 1199 4684; baseline -0.003 -17"><span class='ocrx_word' id='word_1_659' title='bbox 219 4601 299 4667; x_wconf 90' lang='lat' dir='ltr'>olim</span> <span class='ocrx_word' id='word_1_660' title='bbox 321 4609 390 4666; x_wconf 86' lang='lat' dir='ltr'>tam</span> <span class='ocrx_word' id='word_1_661' title='bbox 412 4623 432 4665; x_wconf 91' lang='lat' dir='ltr'>a</span> <span class='ocrx_word' id='word_1_662' title='bbox 453 4601 658 4666; x_wconf 87' lang='lat' dir='ltr'>Manichaeis</span> <span class='ocrx_word' id='word_1_663' title='bbox 679 4621 779 4683; x_wconf 89' lang='lat' dir='ltr'>quam</span> <span class='ocrx_word' id='word_1_664' title='bbox 802 4622 821 4663; x_wconf 89' lang='lat' dir='ltr'>a</span> <span class='ocrx_word' id='word_1_665' title='bbox 843 4599 1048 4664; x_wconf 84' lang='lat' dir='ltr'>Marcionitis</span> <span class='ocrx_word' id='word_1_666' title='bbox 1069 4601 1199 4684; x_wconf 79' lang='lat' dir='ltr'>impug-</span> 
     </span>
     <span class='ocr_line' id='line_1_59' title="bbox 219 4685 1200 4770; baseline -0.001 -18"><span class='ocrx_word' id='word_1_667' title='bbox 219 4694 300 4752; x_wconf 87' lang='lat' dir='ltr'>nata</span> <span class='ocrx_word' id='word_1_668' title='bbox 321 4695 387 4767; x_wconf 87' lang='lat' dir='ltr'>est;</span> <span class='ocrx_word' id='word_1_669' title='bbox 415 4710 555 4770; x_wconf 92' lang='lat' dir='ltr'>quorum</span> <span class='ocrx_word' id='word_1_670' title='bbox 583 4687 619 4752; x_wconf 94' lang='lat' dir='ltr'>hi</span> <span class='ocrx_word' id='word_1_671' title='bbox 645 4686 779 4769; x_wconf 88' lang='lat' dir='ltr'>quidem</span> <span class='ocrx_word' id='word_1_672' title='bbox 807 4692 973 4768; x_wconf 87' lang='lat' dir='ltr'>spectrum</span> <span class='ocrx_word' id='word_1_673' title='bbox 993 4706 1052 4767; x_wconf 92' lang='lat' dir='ltr'>pro</span> <span class='ocrx_word' id='word_1_674' title='bbox 1075 4685 1200 4752; x_wconf 85' lang='lat' dir='ltr'>Christi</span> 
     </span>
     <span class='ocr_line' id='line_1_60' title="bbox 220 4771 1199 4857; baseline 0 -20"><span class='ocrx_word' id='word_1_675' title='bbox 220 4793 354 4855; x_wconf 88' lang='lat' dir='ltr'>corpore</span> <span class='ocrx_word' id='word_1_676' title='bbox 387 4771 448 4836; x_wconf 91' lang='lat' dir='ltr'>sibi</span> <span class='ocrx_word' id='word_1_677' title='bbox 480 4774 662 4857; x_wconf 86' lang='lat' dir='ltr'>fingebant,</span> <span class='ocrx_word' id='word_1_678' title='bbox 703 4773 750 4836; x_wconf 91' lang='lat' dir='ltr'>illi</span> <span class='ocrx_word' id='word_1_679' title='bbox 792 4780 903 4837; x_wconf 83' lang='lat' dir='ltr'>autem</span> <span class='ocrx_word' id='word_1_680' title='bbox 936 4772 1068 4837; x_wconf 87' lang='lat' dir='ltr'>coelesti</span> <span class='ocrx_word' id='word_1_681' title='bbox 1100 4794 1199 4837; x_wconf 89' lang='lat' dir='ltr'>earne</span> 
     </span>
     <span class='ocr_line' id='line_1_61' title="bbox 219 4856 1199 4941; baseline 0.001 -19"><span class='ocrx_word' id='word_1_682' title='bbox 219 4858 406 4940; x_wconf 89' lang='lat' dir='ltr'>praeditum</span> <span class='ocrx_word' id='word_1_683' title='bbox 430 4860 645 4924; x_wconf 87' lang='lat' dir='ltr'>somniabant.</span> <span class='ocrx_word' id='word_1_684' title='bbox 690 4856 759 4923; x_wconf 79' lang='lat' dir='ltr'>Sed</span> <span class='ocrx_word' id='word_1_685' title='bbox 780 4858 927 4941; x_wconf 89' lang='lat' dir='ltr'>utrisque</span> <span class='ocrx_word' id='word_1_686' title='bbox 948 4859 1128 4940; x_wconf 87' lang='lat' dir='ltr'>scripturae</span> <span class='ocrx_word' id='word_1_687' title='bbox 1149 4866 1199 4923; x_wconf 85' lang='lat' dir='ltr'>te-</span> 
     </span>
     <span class='ocr_line' id='line_1_62' title="bbox 220 4943 1199 5010; baseline 0.002 -2"><span class='ocrx_word' id='word_1_688' title='bbox 220 4943 373 5008; x_wconf 85' lang='lat' dir='ltr'>stimonia</span> <span class='ocrx_word' id='word_1_689' title='bbox 406 4949 440 5006; x_wconf 84' lang='lat' dir='ltr'>et</span> <span class='ocrx_word' id='word_1_690' title='bbox 466 4944 573 5009; x_wconf 89' lang='lat' dir='ltr'>multa</span> <span class='ocrx_word' id='word_1_691' title='bbox 600 4954 633 5010; x_wconf 87' lang='lat' dir='ltr'>et</span> <span class='ocrx_word' id='word_1_692' title='bbox 657 4943 769 5009; x_wconf 85' lang='lat' dir='ltr'>valida</span> <span class='ocrx_word' id='word_1_693' title='bbox 795 4945 960 5010; x_wconf 89' lang='lat' dir='ltr'>resistunt.</span> <span class='ocrx_word' id='word_1_694' title='bbox 1004 4944 1082 5008; x_wconf 91' lang='lat' dir='ltr'>Non</span> <span class='ocrx_word' id='word_1_695' title='bbox 1110 4946 1199 5010; x_wconf 91' lang='lat' dir='ltr'>enim</span> 
     </span>
    </p>
   </div>
   <div class='ocr_carea' id='block_1_10' title="bbox 291 5178 861 5286">
    <p class='ocr_par' dir='ltr' id='par_1_10' title="bbox 291 5178 861 5286">
     <span class='ocr_line' id='line_1_63' title="bbox 291 5178 861 5286; baseline 0 -16"><span class='ocrx_word' id='word_1_696' title='bbox 291 5214 321 5286; x_wconf 90' lang='grc'>1)</span> <span class='ocrx_word' id='word_1_697' title='bbox 341 5216 412 5271; x_wconf 72' lang='lat' dir='ltr'>oiim</span> <span class='ocrx_word' id='word_1_698' title='bbox 432 5215 497 5285; x_wconf 71' lang='lat' dir='ltr'>cap.</span> <span class='ocrx_word' id='word_1_699' title='bbox 522 5216 588 5270; x_wconf 84' lang='lat' dir='ltr'>V11.</span> <span class='ocrx_word' id='word_1_700' title='bbox 606 5217 629 5282; x_wconf 75' lang='lat' dir='ltr'>s.</span> <span class='ocrx_word' id='word_1_701' title='bbox 648 5217 690 5270; x_wconf 89' lang='grc'>11.</span> <span class='ocrx_word' id='word_1_702' title='bbox 710 5217 749 5270; x_wconf 83' lang='lat' dir='ltr'>n.</span> <span class='ocrx_word' id='word_1_703' title='bbox 854 5178 861 5196; x_wconf 80' lang='grc'><strong>’</strong></span> 
     </span>
    </p>
   </div>
   <div class='ocr_carea' id='block_1_11' title="bbox 1249 4259 2232 5293">
    <p class='ocr_par' dir='ltr' id='par_1_11' title="bbox 1250 4259 2232 4515">
     <span class='ocr_line' id='line_1_64' title="bbox 1251 4259 2231 4343; baseline 0.007 -22"><span class='ocrx_word' id='word_1_704' title='bbox 1251 4279 1305 4321; x_wconf 88' lang='lat' dir='ltr'>nm</span> <span class='ocrx_word' id='word_1_705' title='bbox 1327 4259 1363 4321; x_wconf 87' lang='lat' dir='ltr'>in</span> <span class='ocrx_word' id='word_1_706' title='bbox 1384 4279 1445 4323; x_wconf 78' lang='lat' dir='ltr'>scca</span> <span class='ocrx_word' id='word_1_707' title='bbox 1466 4261 1599 4323; x_wconf 78' lang='lat' dir='ltr'>assertio</span> <span class='ocrx_word' id='word_1_708' title='bbox 1625 4261 1793 4325; x_wconf 72' lang='lat' dir='ltr'>advectitio</span> <span class='ocrx_word' id='word_1_709' title='bbox 1819 4262 1898 4327; x_wconf 84' lang='lat' dir='ltr'>done</span> <span class='ocrx_word' id='word_1_710' title='bbox 1924 4262 2114 4343; x_wconf 79' lang='lat' dir='ltr'>locupletari.</span> <span class='ocrx_word' id='word_1_711' title='bbox 2159 4263 2231 4329; x_wconf 86' lang='lat' dir='ltr'>Hac</span> 
     </span>
     <span class='ocr_line' id='line_1_65' title="bbox 1250 4344 2232 4435; baseline 0.006 -28"><span class='ocrx_word' id='word_1_712' title='bbox 1250 4344 1344 4408; x_wconf 89' lang='lat' dir='ltr'>etiam</span> <span class='ocrx_word' id='word_1_713' title='bbox 1364 4346 1485 4409; x_wconf 83' lang='lat' dir='ltr'>ratione</span> <span class='ocrx_word' id='word_1_714' title='bbox 1506 4345 1581 4410; x_wconf 80' lang='lat' dir='ltr'>ctio-it</span> <span class='ocrx_word' id='word_1_715' title='bbox 1602 4346 1680 4411; x_wconf 82' lang='lat' dir='ltr'>alibi</span> <span class='ocrx_word' id='word_1_716' title='bbox 1704 4346 1850 4413; x_wconf 76' lang='lat' dir='ltr'>Glrristus</span> <span class='ocrx_word' id='word_1_717' title='bbox 1871 4350 1940 4430; x_wconf 78' lang='lat' dir='ltr'>epse</span> <span class='ocrx_word' id='word_1_718' title='bbox 1962 4346 2053 4432; x_wconf 83' lang='lat' dir='ltr'>(ibid</span> <span class='ocrx_word' id='word_1_719' title='bbox 2079 4353 2135 4428; x_wconf 85' lang='lat'>17,</span> <span class='ocrx_word' id='word_1_720' title='bbox 2158 4350 2232 4435; x_wconf 82' lang='lat'>19).-</span> 
     </span>
     <span class='ocr_line' id='line_1_66' title="bbox 1251 4432 1906 4515; baseline 0.006 -21"><span class='ocrx_word' id='word_1_721' title='bbox 1251 4451 1304 4512; x_wconf 81' lang='lat' dir='ltr'>epe</span> <span class='ocrx_word' id='word_1_722' title='bbox 1318 4436 1449 4512; x_wconf 88' lang='lat' dir='ltr'>propter</span> <span class='ocrx_word' id='word_1_723' title='bbox 1471 4452 1522 4496; x_wconf 91' lang='lat' dir='ltr'>eos</span> <span class='ocrx_word' id='word_1_724' title='bbox 1542 4432 1702 4513; x_wconf 71' lang='lat' dir='ltr'>sarmifice</span> <span class='ocrx_word' id='word_1_725' title='bbox 1722 4454 1771 4498; x_wconf 80' lang='grc'><strong>1111</strong></span> <span class='ocrx_word' id='word_1_726' title='bbox 1791 4434 1906 4515; x_wconf 87' lang='lat' dir='ltr'>ipsum.</span> 
     </span>
    </p>

    <p class='ocr_par' dir='ltr' id='par_1_12' title="bbox 1249 4516 2232 5293">
     <span class='ocr_line' id='line_1_67' title="bbox 1337 4516 2232 4597; baseline 0.009 -18"><span class='ocrx_word' id='word_1_727' title='bbox 1337 4520 1366 4580; x_wconf 82' lang='lat'>2.</span> <span class='ocrx_word' id='word_1_728' title='bbox 1412 4516 1503 4597; x_wconf 76' lang='lat' dir='ltr'>Ques</span> <span class='ocrx_word' id='word_1_729' title='bbox 1535 4540 1613 4584; x_wconf 84' lang='lat' dir='ltr'>vero</span> <span class='ocrx_word' id='word_1_730' title='bbox 1646 4519 1680 4583; x_wconf 93' lang='lat' dir='ltr'>in</span> <span class='ocrx_word' id='word_1_731' title='bbox 1713 4520 1832 4584; x_wconf 89' lang='lat' dir='ltr'>erroris</span> <span class='ocrx_word' id='word_1_732' title='bbox 1864 4520 1916 4584; x_wconf 90' lang='lat' dir='ltr'>sui</span> <span class='ocrx_word' id='word_1_733' title='bbox 1949 4521 2232 4587; x_wconf 81' lang='lat' dir='ltr'>confirmationem</span> 
     </span>
     <span class='ocr_line' id='line_1_68' title="bbox 1251 4603 2230 4689; baseline 0.004 -22"><span class='ocrx_word' id='word_1_734' title='bbox 1251 4603 1337 4668; x_wconf 90' lang='lat' dir='ltr'>locos</span> <span class='ocrx_word' id='word_1_735' title='bbox 1359 4605 1537 4685; x_wconf 86' lang='lat' dir='ltr'>proferunt,</span> <span class='ocrx_word' id='word_1_736' title='bbox 1560 4606 1660 4670; x_wconf 90' lang='lat' dir='ltr'>nimis</span> <span class='ocrx_word' id='word_1_737' title='bbox 1681 4606 1791 4687; x_wconf 88' lang='lat' dir='ltr'>inepte</span> <span class='ocrx_word' id='word_1_738' title='bbox 1813 4613 2041 4689; x_wconf 88' lang='lat' dir='ltr'>contorquent,</span> <span class='ocrx_word' id='word_1_739' title='bbox 2065 4627 2119 4672; x_wconf 87' lang='lat' dir='ltr'>nec</span> <span class='ocrx_word' id='word_1_740' title='bbox 2139 4608 2230 4688; x_wconf 79' lang='lat' dir='ltr'>quid·</span> 
     </span>
     <span class='ocr_line' id='line_1_69' title="bbox 1250 4690 2231 4775; baseline 0.001 -21"><span class='ocrx_word' id='word_1_741' title='bbox 1250 4710 1348 4771; x_wconf 78' lang='lat' dir='ltr'>quam</span> <span class='ocrx_word' id='word_1_742' title='bbox 1367 4690 1492 4772; x_wconf 72' lang='grc'><strong>[11111111</strong></span> <span class='ocrx_word' id='word_1_743' title='bbox 1514 4693 1650 4775; x_wconf 80' lang='lat' dir='ltr'>arputiis</span> <span class='ocrx_word' id='word_1_744' title='bbox 1665 4692 1843 4772; x_wconf 67' lang='lat' dir='ltr'>proficiunt,</span> <span class='ocrx_word' id='word_1_745' title='bbox 1865 4693 1920 4756; x_wconf 83' lang='lat' dir='ltr'>uhi</span> <span class='ocrx_word' id='word_1_746' title='bbox 1940 4693 2060 4759; x_wconf 85' lang='lat' dir='ltr'>diluere</span> <span class='ocrx_word' id='word_1_747' title='bbox 2080 4698 2231 4758; x_wconf 80' lang='lat' dir='ltr'>conamur</span> 
     </span>
     <span class='ocr_line' id='line_1_70' title="bbox 1251 4777 2228 4861; baseline -0.001 -19"><span class='ocrx_word' id='word_1_748' title='bbox 1251 4797 1331 4857; x_wconf 84' lang='lat' dir='ltr'>quae</span> <span class='ocrx_word' id='word_1_749' title='bbox 1362 4780 1428 4841; x_wconf 90' lang='lat' dir='ltr'>iam</span> <span class='ocrx_word' id='word_1_750' title='bbox 1453 4799 1492 4842; x_wconf 83' lang='lat' dir='ltr'>ea</span> <span class='ocrx_word' id='word_1_751' title='bbox 1515 4783 1610 4858; x_wconf 85' lang='lat' dir='ltr'>parte</span> <span class='ocrx_word' id='word_1_752' title='bbox 1638 4782 1745 4841; x_wconf 89' lang='lat' dir='ltr'>nostra</span> <span class='ocrx_word' id='word_1_753' title='bbox 1773 4777 1904 4842; x_wconf 80' lang='lat' dir='ltr'>adduci.</span> <span class='ocrx_word' id='word_1_754' title='bbox 1947 4779 2097 4845; x_wconf 84' lang='lat' dir='ltr'>Marcion</span> <span class='ocrx_word' id='word_1_755' title='bbox 2121 4778 2228 4861; x_wconf 90' lang='lat' dir='ltr'>phan-</span> 
     </span>
     <span class='ocr_line' id='line_1_71' title="bbox 1250 4861 2228 4950; baseline 0.002 -23"><span class='ocrx_word' id='word_1_756' title='bbox 1250 4871 1358 4927; x_wconf 88' lang='lat' dir='ltr'>tasma</span> <span class='ocrx_word' id='word_1_757' title='bbox 1385 4885 1444 4946; x_wconf 90' lang='lat' dir='ltr'>pro</span> <span class='ocrx_word' id='word_1_758' title='bbox 1473 4883 1606 4945; x_wconf 88' lang='lat' dir='ltr'>corpore</span> <span class='ocrx_word' id='word_1_759' title='bbox 1634 4861 1807 4927; x_wconf 78' lang='lat' dir='ltr'>Christum</span> <span class='ocrx_word' id='word_1_760' title='bbox 1839 4863 1985 4929; x_wconf 88' lang='lat' dir='ltr'>induisse</span> <span class='ocrx_word' id='word_1_761' title='bbox 2017 4865 2228 4950; x_wconf 78' lang='lat' dir='ltr'>imaginatur,</span> 
     </span>
     <span class='ocr_line' id='line_1_72' title="bbox 1250 4947 2229 5031; baseline 0.003 -18"><span class='ocrx_word' id='word_1_762' title='bbox 1250 4950 1327 5031; x_wconf 90' lang='lat' dir='ltr'>quia</span> <span class='ocrx_word' id='word_1_763' title='bbox 1348 4949 1476 5014; x_wconf 86' lang='lat' dir='ltr'>dicatur</span> <span class='ocrx_word' id='word_1_764' title='bbox 1492 4947 1612 5013; x_wconf 82' lang='lat' dir='ltr'>alieubi</span> <span class='ocrx_word' id='word_1_765' title='bbox 1631 4948 1666 5011; x_wconf 88' lang='lat' dir='ltr'>in</span> <span class='ocrx_word' id='word_1_766' title='bbox 1684 4948 1932 5015; x_wconf 88' lang='lat' dir='ltr'>similitudinem</span> <span class='ocrx_word' id='word_1_767' title='bbox 1954 4951 2097 5016; x_wconf 89' lang='lat' dir='ltr'>hominis</span> <span class='ocrx_word' id='word_1_768' title='bbox 2114 4951 2229 5030; x_wconf 86' lang='lat' dir='ltr'>factus,</span> 
     </span>
     <span class='ocr_line' id='line_1_73' title="bbox 1250 5033 2230 5119; baseline 0.005 -22"><span class='ocrx_word' id='word_1_769' title='bbox 1250 5042 1284 5098; x_wconf 91' lang='lat' dir='ltr'>et</span> <span class='ocrx_word' id='word_1_770' title='bbox 1310 5037 1418 5119; x_wconf 74' lang='lat' dir='ltr'>ligura</span> <span class='ocrx_word' id='word_1_771' title='bbox 1438 5042 1623 5117; x_wconf 90' lang='lat' dir='ltr'>compertus</span> <span class='ocrx_word' id='word_1_772' title='bbox 1647 5040 1686 5098; x_wconf 91' lang='lat' dir='ltr'>ut</span> <span class='ocrx_word' id='word_1_773' title='bbox 1705 5033 1813 5101; x_wconf 86' lang='lat' dir='ltr'>hemo.</span> <span class='ocrx_word' id='word_1_774' title='bbox 1857 5034 1925 5102; x_wconf 79' lang='lat' dir='ltr'>Sed</span> <span class='ocrx_word' id='word_1_775' title='bbox 1946 5037 1994 5102; x_wconf 90' lang='lat' dir='ltr'>ita</span> <span class='ocrx_word' id='word_1_776' title='bbox 2015 5038 2151 5102; x_wconf 92' lang='lat' dir='ltr'>minime</span> <span class='ocrx_word' id='word_1_777' title='bbox 2171 5059 2230 5102; x_wconf 83' lang='lat' dir='ltr'>ex·</span> 
     </span>
     <span class='ocr_line' id='line_1_74' title="bbox 1249 5119 2230 5206; baseline 0.002 -20"><span class='ocrx_word' id='word_1_778' title='bbox 1249 5121 1366 5204; x_wconf 88' lang='lat' dir='ltr'>pendit</span> <span class='ocrx_word' id='word_1_779' title='bbox 1386 5120 1462 5204; x_wconf 89' lang='lat' dir='ltr'>quid</span> <span class='ocrx_word' id='word_1_780' title='bbox 1484 5119 1551 5184; x_wconf 91' lang='lat' dir='ltr'>illie</span> <span class='ocrx_word' id='word_1_781' title='bbox 1573 5126 1651 5202; x_wconf 79' lang='lat' dir='ltr'>agat</span> <span class='ocrx_word' id='word_1_782' title='bbox 1671 5120 1806 5187; x_wconf 88' lang='lat' dir='ltr'>Paulus.</span> <span class='ocrx_word' id='word_1_783' title='bbox 1841 5122 1918 5187; x_wconf 89' lang='lat' dir='ltr'>Non</span> <span class='ocrx_word' id='word_1_784' title='bbox 1938 5123 2029 5188; x_wconf 87' lang='lat' dir='ltr'>enim</span> <span class='ocrx_word' id='word_1_785' title='bbox 2049 5124 2146 5206; x_wconf 85' lang='lat' dir='ltr'>quale</span> <span class='ocrx_word' id='word_1_786' title='bbox 2167 5125 2230 5189; x_wconf 89' lang='lat' dir='ltr'>sibi</span> 
     </span>
     <span class='ocr_line' id='line_1_75' title="bbox 1250 5204 2229 5293; baseline 0.002 -20"><span class='ocrx_word' id='word_1_787' title='bbox 1250 5228 1369 5290; x_wconf 89' lang='lat' dir='ltr'>eorpus</span> <span class='ocrx_word' id='word_1_788' title='bbox 1401 5205 1579 5289; x_wconf 81' lang='lat' dir='ltr'>nrmpserit</span> <span class='ocrx_word' id='word_1_789' title='bbox 1604 5204 1759 5272; x_wconf 79' lang='lat' dir='ltr'>Christus</span> <span class='ocrx_word' id='word_1_790' title='bbox 1785 5207 1860 5274; x_wconf 84' lang='lat' dir='ltr'>vult</span> <span class='ocrx_word' id='word_1_791' title='bbox 1885 5209 2009 5290; x_wconf 60' lang='lat' dir='ltr'>decern·</span> <span class='ocrx_word' id='word_1_792' title='bbox 2039 5209 2098 5275; x_wconf 88' lang='lat' dir='ltr'>sed</span> <span class='ocrx_word' id='word_1_793' title='bbox 2127 5232 2229 5293; x_wconf 89' lang='lat' dir='ltr'>quum</span> 
     </span>
    </p>
   </div>
   <div class='ocr_carea' id='block_1_12' title="bbox 0 0 2346 5842">
    <p class='ocr_par' dir='ltr' id='par_1_13' title="bbox 0 0 2346 5842">
     <span class='ocr_line' id='line_1_76' title="bbox 0 0 2346 5842; baseline 0 0"><span class='ocrx_word' id='word_1_794' title='bbox 0 0 2346 5842; x_wconf 95' lang='lat' dir='ltr'> </span> 
     </span>
    </p>
   </div>
  </div>
 </body>
</html>
