4672 5842
161 294 243 356 rou
811 282 1078 349 nisururuo
1099 281 1204 347 usu.
1223 279 1402 351 curma
1424 287 1517 348 1559.
2020 346 2024 359 ,
2087 281 2163 345 ron

159 478 284 561 pletum
302 477 337 539 iu
354 475 488 541 Christe
506 492 540 539 et
557 477 592 539 in
610 475 703 539 nobis
721 480 861 537 testatur
882 471 1016 548 Paulus,
1035 493 1137 552 quum
1188 494 1264 536 rum
1286 475 1403 537 seriem
1431 472 1490 537 uni
1518 473 1622 536 errori
1655 470 1889 536 attenuenmt?
1917 480 1956 536 ut
1979 469 2072 536 dicas
2090 470 2167 535 nihil

160 563 308 627 membra
329 583 388 627 nos
410 583 480 626 esse
498 563 544 624 ait
565 561 708 642 corporis
731 560 809 636 eius,
829 558 985 622 decarne
1007 557 1086 635 eius,
1105 569 1139 620 et
1189 559 1278 622 aliud
1298 581 1396 640 quam
1414 559 1695 624 abominationum
1713 556 1870 622 latebram
1889 556 2083 639 quaesiisse,
2095 556 2168 621 dum

161 649 201 712 de
228 648 354 713 ossibus
381 649 466 725 eius,
490 647 633 729 adeoque
667 666 768 709 unam
796 646 967 726 cumipse
996 664 1136 706 carnem.
1190 647 1438 709 amatrimonio
1464 654 1707 710 sacramentum
1728 644 1884 709 fecerunt
1930 641 2000 708 Ubi
2029 643 2120 706 enim
2138 641 2169 706 id

160 733 308 799 Tandem
326 733 542 814 epiphonema
559 733 737 797 subnectit:
760 752 918 812 magnum
938 730 998 793 hoc
1015 739 1138 812 myste-
1191 731 1292 794 semel
1309 731 1489 806 obtinuere,
1512 730 1734 813 coniugalium
1755 750 1928 794 causarum
1950 728 2168 812 cognitionem

159 820 264 897 rium,
287 828 329 895 et,
352 841 395 883 ne
418 821 491 900 quis
514 817 754 900 amphibologia
776 817 958 892 falleretur,
982 815 1139 896 exprimit
1190 816 1232 880 ad
1250 838 1285 881 se
1303 825 1491 882 traxerunt:
1515 818 1636 898 quippo
1658 837 1711 880 res
1734 816 1911 897 spiritualis
1934 823 2010 879 erat
2029 814 2169 897 profanis

160 927 196 971 so
218 926 284 969 non
307 904 347 969 de
370 906 492 968 carnali
517 905 580 968 viri
603 914 636 967 et
657 903 807 966 mulieris
840 903 1069 967 coniunctione
1092 901 1138 964 lo-
1190 902 1351 967 iudicibus
1383 925 1449 967 nou
1482 902 1697 966 attrectanda
1742 903 1827 965 Tum
1861 901 1952 985 leges
1990 910 2170 965 sanxerunt

160 992 231 1075 qui,
259 991 319 1055 sed
347 990 387 1054 dc
417 991 577 1072 spirituali
599 990 726 1055 Christi
747 997 781 1052 et
802 988 956 1052 ecclesiae
978 978 1137 1069 coniugio.
1191 988 1309 1070 quibus
1339 987 1547 1073 tyrannidem
1576 1009 1670 1052 suam
1698 989 1888 1066 firmanmt,
1911 987 1971 1052 sed
1995 987 2169 1068 partimin

160 1077 207 1142 Et
236 1097 315 1141 sane
343 1099 419 1141 verc
451 1098 505 1139 ma
553 1098 610 1139 um
644 1075 839 1159 mysterium
866 1085 929 1151 est,
962 1072 1048 1154 quod
1077 1070 1139 1136 sibi
1190 1073 1303 1138 Deum
1335 1075 1507 1138 manifeste
1539 1073 1675 1155 impias,
1709 1075 1827 1154 partim
1858 1074 1894 1137 in
1922 1072 2081 1137 homines
2113 1073 2170 1135 ini·

161 1161 316 1228 Christus
345 1171 468 1227 costam
498 1099 627 1225 dautran
657 1182 773 1242 passus
797 1169 847 1224 est
870 1158 957 1222 unde
981 1160 1138 1222 formare-
1190 1162 1371 1242 quissimas.
1417 1159 1539 1240 Quales
1567 1167 1659 1237 sunt,
1682 1169 1721 1222 ut
1742 1160 1895 1242 coniugia
1923 1159 2016 1223 inter
2046 1157 2169 1222 adules-

160 1269 252 1314 mur:
278 1248 339 1313 hoc
362 1258 420 1324 est,
444 1270 544 1329 quum
566 1248 659 1311 fortis
682 1256 775 1324 esset,
799 1245 914 1310 debilis
936 1266 1007 1308 esse
1025 1244 1138 1322 voluit,
1191 1247 1346 1324 centulos,
1369 1257 1545 1328 parentum
1567 1247 1693 1310 iniussu
1716 1254 1892 1322 contracta,
1915 1247 2018 1309 firma
2040 1256 2170 1326 rataque

162 1355 226 1417 quo
249 1355 310 1398 sua
331 1332 521 1397 fortitudine
550 1334 787 1409 roboraremur,
812 1342 849 1395 ut
870 1332 937 1394 iam
958 1352 1026 1394 nou
1046 1330 1138 1394 viva·
1190 1341 1361 1411 maneant;
1398 1354 1439 1396 ne
1467 1333 1555 1397 inter
1588 1342 1757 1414 cognatos,
1787 1331 1829 1395 ad
1858 1332 2042 1413 septimum
2074 1351 2169 1411 usque

162 1441 238 1484 mus
260 1420 331 1502 ipsi,
355 1417 412 1483 sed
434 1420 526 1482 vivat
548 1420 617 1500 ipse
640 1421 676 1481 in
698 1419 799 1482 nobis.
1191 1418 1339 1501 gradum,
1363 1419 1393 1482 le
1419 1419 1510 1482 'tima
1528 1418 1595 1482 sint
1616 1418 1834 1488 matrimonia,
1853 1428 1990 1498 atquae
2009 1425 2169 1480 contracta

249 1508 298 1568 36.
343 1504 504 1586 Imposuit
525 1505 590 1568 illis
613 1504 808 1569 sacramenti
837 1524 964 1566 nomen.
1010 1501 1138 1565 Verum
1191 1515 1284 1582 sunt,
1313 1503 1401 1569 disso
1417 1512 1550 1583 vantur;
1579 1502 1700 1586 gradus
1724 1524 1800 1567 vcro
1820 1505 1923 1585 ipsos,
1951 1511 2074 1567 contra
2094 1524 2166 1585 geu·

163 1597 346 1672 aequumne
373 1599 445 1654 erat
468 1601 639 1654 uteorum
672 1589 819 1655 inscitiae
847 1609 969 1671 poenas
996 1597 1064 1651 tota
1086 1609 1138 1652 ec-
1192 1591 1274 1654 tium
1301 1593 1448 1654 omnium
1469 1590 1558 1667 iura,
1581 1598 1615 1653 et
1636 1589 1739 1654 Mosis
1761 1611 1888 1671 quoque
1916 1588 2070 1671 politiam
2096 1608 2164 1653 eou-

163 1676 261 1741 clesia
279 1675 457 1757 penderet?
502 1677 700 1759 Mysterium
723 1675 853 1739 dixerat
873 1674 1015 1738 Paulus:
1039 1694 1138 1755 quam
1191 1677 1324 1758 fingunt
1331 1701 1338 1755 ;
1358 1698 1401 1740 ne
1413 1677 1486 1740 viro
1503 1678 1559 1757 qui
1577 1674 1761 1740 adulteram
1778 1673 2017 1757 repudiaverit,
2036 1673 2165 1738 alteram

163 1761 337 1826 dictionem
360 1783 461 1842 quum
483 1762 669 1843 relinquere
698 1771 807 1842 posset
828 1762 1004 1841 interpres,
1028 1758 1139 1822 latinis
1191 1761 1348 1827 inducere
1374 1762 1486 1840 liccat;
1512 1783 1554 1826 ne
1582 1761 1771 1843 spirituales
1799 1761 1932 1844 cognati
1960 1760 2165 1824 matrimonio

91 1922 94 1928 .
163 1848 296 1912 auribus
320 1868 385 1910 non
404 1849 652 1928 infrequentem,
676 1847 729 1911 vel
752 1867 908 1912 arcanum
930 1853 1068 1921 vertere,
1086 1867 1140 1908 sa·
1191 1848 1399 1929 copulentur;
1422 1870 1464 1912 ne
1487 1869 1507 1911 a
1528 1849 1768 1931 septuagesima
1789 1847 1831 1911 ad
1853 1856 1989 1911 octavas
2023 1845 2164 1927 paschae,

163 1941 368 1998 crementum
400 1954 521 2015 ponere
553 1934 684 2010 maluit,
718 1954 784 1997 non
812 1944 922 1995 tamen
949 1931 1012 1994 alio
1040 1952 1140 1995 seusu
1191 1934 1297 1998 tribus
1324 1932 1582 1998 hebdomadibus
1604 1947 1680 1997 ante
1703 1933 1848 1998 natalem
1876 1932 2030 2010 Ioannis,
2052 1930 2093 1995 ab
2114 1930 2165 1994 ad·

166 2040 265 2100 quam
287 2040 402 2100 graece
424 2019 559 2083 aPaulo
582 2020 776 2102 mysterium
798 2017 923 2081 dictum
940 2025 1019 2081 erat
1050 2017 1141 2080 Eant
1192 2029 1295 2082 ventu
1316 2019 1358 2083 ad
1380 2020 1604 2102 epiphaniam,
1628 2019 1762 2100 nuptiae
1784 2018 2003 2096 celebrentur,
2027 2028 2061 2081 et
2082 2018 2165 2081 simi·

166 2123 271 2181 nunc,
301 2114 334 2167 et
361 2104 549 2186 linguarum
578 2105 729 2186 peritiam
757 2105 897 2168 clamose
930 2103 1140 2178 insectentur,
1191 2105 1239 2169 les
1267 2105 1474 2183 innumerae,
1503 2127 1583 2188 quas
1610 2126 1779 2169 recensere
1809 2104 1865 2168 lon
1890 2126 1947 2167 um
1972 2105 2083 2168 fuerit.
2124 2103 2164 2166 Et

166 2210 304 2272 quarum
334 2190 519 2273 ignorantia
538 2191 574 2253 in
595 2212 631 2254 re
653 2191 738 2255 facili
760 2198 794 2254 ot
816 2189 920 2254 crriris
943 2187 1040 2253 obvia
1056 2197 1141 2252 tam·
1193 2212 1235 2254 ex
1256 2212 1368 2255 corum
1390 2212 1488 2255 coeno
1509 2191 1684 2274 aliquando
1704 2126 1940 2274 emergentium
1962 2203 2029 2269 est,
2048 2190 2085 2253 in
2105 2209 2163 2271 qno

167 2276 223 2339 diu
254 2274 438 2339 foedissime
471 2277 662 2341 hallucinati
693 2286 778 2340 sunt
831 2274 899 2340 Sed
927 2296 986 2339 cur
1013 2275 1048 2337 in
1076 2295 1141 2337 uno
1192 2277 1260 2341 iam
1292 2276 1416 2342 diutius
1452 2277 1560 2341 haesit
1596 2277 1701 2341 oratio
1733 2298 1833 2358 quam
1865 2275 1999 2340 animus
2037 2273 2163 2340 ferebat

167 2360 320 2426 hocloco
343 2364 537 2426 sacramenti
564 2362 713 2427 voculam
741 2371 910 2444 tantopere
930 2368 1058 2443 urgent,
1082 2359 1141 2423 ali·
1192 2363 1447 2444 Aliquantulum
1480 2371 1591 2427 tamen
1617 2362 1700 2426 mihi
1726 2362 1899 2444 profecisse
1926 2360 2057 2439 videor,
2086 2359 2164 2443 quod

167 2448 295 2528 quoties
316 2447 497 2529 neglectam
519 2447 750 2529 praetercunt?
784 2447 872 2511 Nam
894 2457 927 2511 et
948 2447 983 2511 in
1004 2445 1142 2527 epistola
1192 2449 1296 2514 leonis
1329 2448 1449 2531 pellem
1470 2449 1541 2514 istis
1563 2449 1664 2513 asinis
1685 2448 1826 2530 quadam
1849 2469 1892 2511 ex
1915 2456 2012 2531 parte
2033 2446 2164 2512 detraxi

167 2532 210 2598 ad
243 2533 452 2596 Timotheum
485 2535 593 2616 priore
623 2534 673 2616 (3,
698 2533 732 2616 9)
761 2555 780 2597 a
802 2533 858 2598 vul
882 2533 931 2597 ari
955 2533 1142 2613 interprete

167 2619 273 2700 posita
301 2628 367 2698 est;
395 2621 487 2684 acin
509 2619 624 2683 eadem
650 2622 721 2701 ipsa
743 2618 785 2682 ad
812 2554 974 2701 Ephesios
1006 2617 1142 2700 epistola

167 2704 213 2787 (1,
233 2709 251 2768 9
271 2715 304 2767 et
323 2710 351 2781 3,
375 2704 418 2787 9),
442 2705 560 2786 ubique
582 2726 641 2787 pro
664 2706 829 2788 mysterio.
857 2703 1070 2769 Condonetur
1092 2711 1142 2767 ta·

167 2811 244 2854 men
271 2790 337 2855 illis
365 2790 417 2855 hic
445 2792 568 2873 lapsus:
604 2792 720 2855 saltem
748 2789 921 2855 mendaces
954 2796 1142 2872 oportuerat
1529 2789 1681 2856 CAPUT
1703 2790 1783 2856 XX.
1803 2789 1828 2873 ¹)

167 2896 239 2941 esse
261 2897 431 2941 memores.
477 2878 725 2942 Matrimonium
751 2898 844 2955 vero,
873 2876 1071 2941 sacramenti
1100 2875 1141 2937 ti-

166 2961 236 3025 tulo
258 2964 538 3040 commendatum,
568 2962 810 3027 immunditiem
833 2971 959 3045 postea,
980 2969 1014 3025 et
1036 2960 1141 3044 pollu·
1342 2951 1410 3032 ΒΘ
1441 2949 1614 3061 politica
1644 2950 2021 3032 administratione·

168 3048 300 3125 tionem,
323 3060 356 3111 et
378 3049 525 3113 carnales
548 3049 659 3114 sordes
681 3070 798 3113 vocare
821 3069 919 3131 quam
942 3047 1142 3129 vertiginosa

167 3142 219 3197 est
242 3132 379 3198 levitas?
426 3133 535 3214 Quam
566 3133 745 3201 absurdum
771 3147 822 3200 est
849 3155 959 3199 arcere
988 3153 1007 3195 a
1034 3152 1141 3197 sacra-
1283 3139 1308 3198 1.
1354 3135 1476 3213 Porro,
1505 3155 1608 3216 quum
1640 3133 1763 3215 duplex
1792 3133 1827 3197 in
1859 3133 1996 3198 homine
2024 3134 2165 3216 regimen

166 3227 278 3284 mento
299 3218 505 3284 sacerdotes?
549 3221 588 3286 Si
610 3242 630 3285 a
651 3228 856 3286 sacramento
883 3242 917 3284 se
945 3239 1057 3284 arcere
1084 3238 1142 3281 ne·
1194 3221 1343 3304 superius
1365 3220 1591 3298 statuerimus,
1616 3218 1711 3284 etde
1734 3219 1837 3284 altero
1859 3218 1932 3299 illo,
1956 3217 2044 3301 quod
2067 3218 2166 3282 estin

167 3314 262 3388 gent,
291 3305 349 3370 sed
376 3308 522 3370 acoitus
551 3317 680 3372 tantum
713 3306 862 3384 libidine,
890 3327 958 3370 non
987 3306 1033 3369 ita
1059 3303 1141 3369 mihi
1194 3309 1317 3385 anima,
1341 3317 1399 3371 se'u
1419 3305 1569 3370 interiori
1598 3305 1730 3369 homine
1751 3306 1910 3388 positum,
1938 3314 2166 3387 aeternamque

167 3389 351 3455 elabuntur.
396 3390 484 3455 Nam
505 3402 539 3456 et
559 3393 681 3457 coitum
708 3393 815 3473 ipsum
842 3401 970 3474 partem
997 3412 1068 3455 esse
1090 3411 1142 3454 sa·
1194 3394 1299 3457 vitam
1331 3392 1476 3473 respicit,
1505 3392 1584 3456 satis
1611 3391 1716 3455 multa
1747 3392 1847 3456 verba
1874 3390 1954 3456 alibi
1988 3391 2164 3464 fecerimus.

167 3479 327 3540 crementi
349 3477 492 3554 tradunt,
507 3477 531 3560 ¹)
554 3499 654 3560 eoque
676 3477 807 3542 demum
829 3477 966 3559 figurari
987 3477 1142 3541 unionem
1194 3479 1234 3543 de
1252 3478 1355 3542 altero
1378 3478 1486 3555 etiam,
1509 3477 1596 3559 quod
1613 3476 1655 3541 ad
1675 3476 1912 3542 instituendam
1932 3476 2071 3542 civilem
2092 3476 2165 3540 dun·

168 3582 250 3642 quae
277 3560 369 3626 nobis
397 3572 448 3625 est
475 3584 549 3626 cum
577 3563 723 3640 Christo,
746 3564 782 3626 in
803 3572 942 3627 naturae
969 3561 1142 3628 conformi·
1194 3574 1289 3629 taxat
1311 3572 1547 3645 externamque
1572 3585 1704 3627 morum
1724 3563 1883 3628 iustitiam
1911 3564 2073 3646 pertinet,
2094 3584 2165 3627 non·

167 3653 248 3711 tate:
272 3648 347 3729 quia
364 3649 416 3712 vir
433 3657 466 3712 et
484 3649 602 3714 mulier
622 3671 688 3713 non
710 3649 774 3713 nisi
795 3649 920 3713 carnali
940 3649 1056 3730 copula
1077 3668 1144 3711 una
1194 3650 1279 3714 nihil
1301 3658 1338 3714 ut
1358 3649 1565 3727 disseramus,
1588 3649 1677 3713 locus
1698 3649 1751 3714 hic
1772 3649 1907 3731 appetit
1952 3648 2030 3713 Era
2053 3650 2165 3716 enno

166 3755 241 3798 carc
263 3735 352 3798 fiant.
399 3732 597 3816 Quanquam
616 3735 679 3799 duo
701 3744 906 3800 sacramenta
933 3734 1066 3818 quidam
1088 3754 1142 3797 eo-
1195 3736 1359 3817 spirituuli
1388 3736 1464 3816 fidei
1495 3737 1650 3814 mnne,
1684 3756 1779 3816 quum
1811 3734 2012 3800 tractandam
2041 3733 2164 3814 escwi,

164 3841 240 3883 rum
274 3819 328 3885 hic
361 3834 571 3903 repererunt,
606 3822 747 3887 alterum
780 3822 844 3885 Dei
877 3830 909 3886 et
935 3821 1078 3898 animae,
1106 3819 1143 3882 in
1194 3826 1342 3903 separatu
1358 3842 1423 3887 esse
1439 3822 1560 3886 videtur
1576 3821 1672 3885 baina
1689 3822 1863 3904 argumenti
1879 3821 1973 3900 rotie,
1985 3837 2166 3905 proprerm

165 3926 283 3987 sponso
310 3915 344 3970 ct
365 3928 500 3988 sponsa:
529 3908 671 3972 alterum
699 3907 826 3972 Christi
853 3916 886 3970 et
908 3906 1077 3983 eeclesiae,
1106 3904 1141 3967 in
1193 3913 1297 3972 tunna
1318 3909 1459 3985 candet,
1482 3909 1589 3971 aterio
1611 3929 1631 3971 a
1652 3928 1701 3971 me
1721 3907 1883 3989 coniungi,
1907 3908 1972 3970 imo
1994 3909 2166 3972 neoesedule

164 3992 284 4053 marito
312 4000 345 4054 et
372 4013 482 4056 uxore.
528 3994 717 4075 Utcunque,
752 3994 856 4058 coitus
892 4001 1004 4057 tamen
1031 4011 1140 4055 sacra-
1193 4015 1242 4057 me
1263 3994 1381 4074 impelli
1403 3999 1436 4056 nt
1457 3993 1493 4057 id
1511 3993 1646 4074 seciani:
1665 3993 1855 4075 aaronem
1875 3993 2029 4073 qnoniam
2050 3993 2089 4059 ud
2104 4011 2165 4054 ano

165 4084 313 4139 mentum
336 4087 399 4154 cst,
423 4101 527 4160 aquo
549 4081 653 4144 ullum
676 4080 903 4145 Christianum
925 4078 1027 4143 arceri
1048 4077 1140 4140 nefas
1188 4085 1282 4160 parte
1302 4084 1438 4143 arnonas
1459 4085 1487 4143 et
1508 4079 1636 4143 barbari
1660 4079 1797 4144 homines
1824 4079 1968 4143 ordinem
1989 4078 2070 4143 lninc
2088 4077 2165 4141 dioi-

164 4162 234 4227 fuit.
285 4162 358 4226 Nisi
397 4165 480 4228 forte
517 4164 782 4229 Christianorum
820 4173 1024 4229 sacramenta
1060 4161 1140 4226 adeo
1193 4167 1281 4229 nitas
1303 4165 1459 4228 sanatam
1485 4165 1608 4246 furiose
1634 4171 1765 4229 evertere
1794 4169 1963 4243 mmntar,
1988 4164 2165 4247 principiam

164 4247 251 4313 male
273 4250 490 4325 conveniunt,
519 4260 606 4316 stare
629 4260 666 4315 ut
688 4251 787 4315 simul
809 4271 877 4314 non
899 4251 1033 4332 possint
1078 4249 1141 4312 Est
1193 4272 1263 4315 vero
1281 4249 1467 4330 necares,
1490 4272 1595 4316 eornm
1611 4252 1780 4333 potentiam
1797 4251 1865 4314 sine
1881 4251 1975 4314 modo
1991 4249 2164 4325 enodata,

165 4335 325 4399 etaltera
341 4337 512 4399 incorum
540 4337 746 4419 dogmatibus
779 4336 971 4401 absurditas.
1016 4335 1059 4399 In
1089 4355 1141 4400 sa·
1194 4337 1258 4402 Dei
1285 4338 1390 4418 ipsius
1413 4337 1545 4418 imperio
1574 4358 1724 4418 amonem
1750 4357 1812 4401 non
1838 4336 1993 4401 debiam.
2043 4335 2165 4416 Utrique

166 4429 331 4485 eramento
353 4423 492 4486 conferri
515 4425 655 4504 gratiam
678 4422 812 4504 spiritus
835 4424 939 4488 sancti
961 4423 1140 4498 affirmant;
1194 4423 1276 4488 mulo
1297 4423 1364 4486 nisi
1385 4422 1505 4486 obiam
1526 4428 1625 4501 eatur,
1642 4423 1759 4503 peribit
1776 4421 1852 4503 fidei
1868 4421 2047 4487 sinceriter.
2080 4420 2166 4486 Adde

166 4509 289 4570 coitum
310 4506 447 4570 tradunt
470 4530 540 4573 esse
562 4520 822 4573 sacramentum:
852 4511 887 4572 in
909 4509 996 4573 coitu
1018 4514 1143 4589 negant
1194 4509 1275 4590 qnod
1305 4509 1394 4586 scire,
1424 4529 1520 4589 quom
1549 4508 1674 4591 deniqne
1704 4508 1763 4572 laec
1793 4508 1829 4572 in
1854 4511 1950 4588 porte
1984 4507 2166 4573 moen

166 4614 313 4676 unquam
337 4595 488 4674 spiritum
511 4602 662 4659 sanctum
684 4593 806 4659 adesse.
1194 4595 1285 4660 Dens
1303 4596 1410 4677 paneri
1430 4595 1581 4674 bmnune,
1602 4615 1665 4659 non
1680 4614 1801 4675 panna
1820 4598 1929 4658 coare
1951 4596 2059 4675 refert,
2080 4600 2115 4658 st
2129 4592 2167 4657 ud

254 4683 304 4742 37.
341 4681 390 4744 Ac
408 4703 450 4743 ne
468 4680 661 4761 simpliciter
679 4680 847 4746 ecclesiam
865 4680 1024 4756 luderent,
1043 4697 1142 4759 quam
1192 4682 1415 4762 gratitudinem
1439 4682 1611 4746 testandmn
1632 4682 1737 4746 maius
1758 4681 1794 4744 in
1814 4678 1903 4742 nebia
1924 4681 2031 4763 vigeat
2044 4679 2167 4763 piduiir

128 4819 133 4833 .
165 4764 299 4849 longam
323 4785 486 4845 errorum,
509 4765 768 4846 mendaciorum,
791 4766 957 4843 fraudum,
980 4762 1141 4845 nequitia·
1193 4767 1343 4831 studium.
1385 4767 1562 4850 Principio,
1586 4775 1761 4849 antequam
1782 4765 1819 4829 in
1840 4786 1911 4829 rem
1932 4766 2044 4848 ipsam
2065 4768 2168 4850 ingrc-

1194 4851 1333 4930 diamur,
1356 4852 1498 4917 tenenda
1518 4852 1576 4916 illa
1597 4865 1646 4918 est
1668 4850 1830 4916 distinctio
1852 4859 1930 4915 ante
1952 4874 1974 4916 a
1996 4852 2094 4918 nobis

167 4957 371 4966 --
1194 4940 1266 5015 sita,
1289 4959 1332 5002 ne
1353 4938 1456 5023 (quod
1474 4939 1587 5004 multis
1608 4939 1708 5022 vulgo
1729 4935 1862 5022 accidit)
1884 4936 1967 5004 haec
1990 4939 2092 5005 simul
2132 4956 2168 5001 uc

237 5077 265 5141 1)
284 5077 359 5128 Libr.
377 5073 401 5126 4„
422 5076 496 5128 Scut.
516 5076 577 5128 dist.
598 5074 638 5128 17.
658 5092 679 5128 c.
698 5073 723 5127 4.
742 5081 770 5128 et
788 5076 816 5127 in
834 5075 912 5128 Decr.
931 5073 973 5128 27.
993 5085 1096 5144 quaest.
1115 5073 1139 5129 2.
1193 5115 1201 5122 .
1314 5115 1392 5120 -

165 5155 206 5193 ca
226 5145 312 5207 Quum
330 5145 446 5197 societas
465 5145 560 5197 Clossa
579 5162 616 5196 ca.
642 5146 697 5197 Lex
723 5145 822 5196 diviua.
850 5146 919 5198 Ibid.
938 5147 1015 5197 Decr.
1034 5143 1137 5197 libra

168 5212 243 5264 tient.
262 5213 324 5266 dist.
342 5212 385 5266 33.
405 5230 426 5266 c.
445 5212 470 5266 2.
490 5221 518 5267 et
536 5217 564 5266 in
584 5215 663 5269 Dect.
684 5212 726 5266 32.
746 5221 849 5282 quaest
867 5213 891 5264 2.
911 5232 949 5268 ca
969 5215 1114 5281 Quidquid
1262 5214 1290 5281 l)
1310 5213 1501 5267 Praecedentis
1518 5215 1646 5269 adnare
1665 5213 1732 5282 Gap.
1751 5211 1817 5267 XX.
1834 5215 1900 5268 bine
1917 5214 1984 5269 inde
2000 5218 2137 5271 auctu?
