4672 5842
105 306 167 368 653
346 301 437 367 LIB.
459 303 524 368 ΠΙ.
567 305 633 369 DE
654 303 791 371 MODO
812 306 1163 376 PEROIPIENDAE
1187 309 1377 377 cHRISrl
1400 310 1618 380 unumne.
1664 314 1763 380 OAP.
1786 314 1866 380 XX.
2048 321 2110 384 654

104 511 246 557 amanus
267 489 374 574 (aucti
389 491 578 572 posthabitis
594 494 737 558 amitibus
760 494 928 575 suenheiis
953 520 974 561 a
996 497 1084 561 nome
1135 519 1221 576 mus,
1251 504 1407 580 ameptam
1432 499 1562 579 ferentes
1591 503 1658 565 eins
1688 503 1870 568 liberalitati
1891 506 2045 585 quidquid
2067 508 2110 572 od

106 578 162 643 hoc
177 578 308 658 pietatis
329 577 467 658 officium
488 580 598 662 eaiqil)
626 600 687 642 uon
715 581 782 644 siue
802 583 967 662 ananilesto
986 585 1084 648 sacri
1135 605 1191 648 nos
1208 585 1354 648 botrorum
1373 588 1522 664 peruenit.
1563 586 1676 668 Itaque
1693 589 1776 653 duos
1793 590 1873 654 istos
1884 596 1995 670 partes
2012 594 2110 658 simul

107 665 184 746 leqio
202 664 371 728 orationem
388 664 431 728 ad
448 665 530 729 alios
546 665 653 748 diripi.
686 664 772 729 Unde
789 668 883 731 etiam
900 669 934 731 iu
955 668 1083 733 Psalmo
1135 671 1310 750 compleras
1325 677 1369 754 est
1385 671 1495 736 Dauid
1512 672 1613 757 (Psal.
1636 678 1686 751 50,
1713 675 1782 755 15)·
1803 677 1912 740 invoca
1932 667 1981 739 m'e
2003 679 2037 741 in
2059 679 2110 745 die

106 751 180 901 344,
205 750 262 832 21)
290 751 424 815 dicitnr.-
452 752 482 814 si
511 752 721 830 expandimus
747 773 861 817 monus
888 759 1012 818 nostros
1040 756 1084 819 ad
1135 758 1340 821 necessitatis:
1367 777 1477 821 auam
1503 763 1544 837 te,
1572 764 1600 822 et
1619 759 1809 842 ¹clarificabis
1830 782 1887 826 me.
1939 760 2110 845 Utramque

129 856 200 901 eum
232 837 384 912 aliatum,
417 856 517 900 noune
547 836 635 901 Deus
666 839 800 917 reqieiret
832 840 917 903 uta?
960 839 1083 905 Deinde
1135 843 1223 906 nobis
1250 845 1435 906 continenter
1462 845 1497 907 in
1524 865 1586 907 usu
1614 866 1678 909 esse
1710 868 1771 910 non
1803 847 1859 911 abs
1892 868 1925 910 re
1949 851 2110 931 praecipit

107 943 205 1004 quum
226 921 317 985 Deus
338 923 463 985 uortnisi
490 943 527 986 ea
554 924 616 1003 fide
642 925 715 988 uelit
742 926 897 1003 invocari,
923 931 950 989 et
972 927 1084 990 duale
1135 930 1303 1009 scriptura.
1350 929 1485 993 Tantam
1512 932 1595 993 enim
1621 937 1760 996 reostram
1781 953 1845 997 esse
1866 934 2010 1012 inopiam
2031 935 2109 1000 alibi

109 1009 153 1074 ud
174 1007 327 1072 amussim
347 1008 431 1071 uerbi
451 1009 504 1073 sui
526 1010 680 1073 oralionus
699 1009 836 1090 formari
858 1011 975 1091 iubent,
998 1013 1083 1077 deui-
1135 1015 1292 1092 dicimus,
1319 1035 1370 1078 res
1396 1036 1467 1078 vero
1489 1017 1561 1095 ipsa
1588 1017 1702 1081 clantat
1726 1024 1767 1081 tot
1793 1040 1830 1083 ao
1858 1020 1955 1083 tantis
1976 1040 2032 1083 nos
2053 1042 2108 1085 aaa

109 1114 167 1176 que
188 1114 284 1174 quum
303 1093 390 1172 rides
413 1096 447 1157 in
462 1093 552 1158 aerbo
571 1094 723 1175 fundata,
752 1097 793 1159 sit
815 1102 913 1162 rectae
934 1099 1083 1162 orationis
1133 1102 1248 1182 qustiis
1270 1101 1407 1180 undique
1428 1103 1535 1183 urqeri
1556 1123 1593 1166 ac
1608 1105 1727 1183 pruni,
1756 1111 1791 1168 al
1818 1107 1899 1169 satis
1926 1106 1969 1169 sit
1995 1126 2109 1172 causae

108 1184 223 1245 mater:
250 1180 386 1244 simulac
407 1200 428 1242 a
449 1179 537 1244 aerbo
565 1182 745 1260 deflectitur,
773 1184 944 1247 orationem
966 1183 1083 1247 adicite·
1108 1198 1110 1205 '
1136 1186 1285 1264 amitibus,
1308 1206 1364 1249 cnr
1385 1188 1512 1251 assidue
1537 1195 1662 1269 ponant
1689 1195 1716 1252 et
1744 1193 1903 1270 suspirent
1932 1192 1974 1255 od
1995 1190 2109 1272 Deum,

107 1267 180 1330 rari
197 1285 316 1329 necesse
333 1270 385 1328 est.
417 1265 519 1346 Atqui
536 1268 602 1330 mire
620 1272 773 1332 ostercsum
790 1273 841 1344 ert,
864 1269 895 1331 si
911 1269 1083 1333 consulitur
1135 1273 1351 1354 supplicesque
1377 1293 1447 1336 eum
1474 1273 1646 1352 implorent.
1692 1275 1779 1339 Nam
1807 1277 1864 1340 etsi
1890 1298 1912 1339 a
1938 1277 2030 1340 rebus
2055 1279 2110 1342 od-

107 1357 170 1417 tota
198 1352 364 1431 scriptura,
388 1351 453 1415 illic
475 1351 555 1416 liutto
577 1352 720 1417 lusorem
742 1353 801 1417 soli
823 1353 891 1418 Deo
912 1356 1082 1420 vendicari.
1134 1359 1233 1423 oensis
1255 1360 1319 1422 sint
1341 1360 1510 1436 immunes,
1539 1361 1753 1425 suauissimus
1772 1367 1876 1426 tamen
1904 1383 2037 1442 quosque
2056 1365 2111 1429 sti-

112 1437 200 1519 Quod
222 1438 513 1510 adintercessionis
534 1459 649 1502 33333
667 1441 807 1518 perimet,
828 1441 922 1505 ctiam
944 1442 1083 1505 uidimus
1133 1444 1255 1508 mutare
1276 1443 1359 1509 debet
1380 1445 1529 1509 scelerum
1550 1466 1679 1509 ssumam
1700 1447 1801 1527 cabaa,
1824 1447 1933 1513 deinde
1950 1449 2110 1514 iuraunuri

110 1522 233 1587 Christo
259 1523 420 1602 peculiare
452 1543 533 1601 3333,
567 1545 620 1589 333
648 1525 748 1589 ullam
776 1525 845 1590 Deo
868 1532 993 1608 pratum
1019 1547 1084 1591 esse
1133 1533 1334 1594 tentationum
1366 1530 1510 1607 insultas,
1538 1531 1581 1594 ad
1610 1533 1808 1612 expetendum
1839 1535 2016 1597 remedium.
2067 1536 2109 1599 ln

104 1609 312 1691 precationem
338 1610 405 1672 nisi
432 1630 526 1690 quam
552 1612 703 1675 mediator
729 1611 783 1676 ille
810 1614 990 1692 sanctificat,
1034 1613 1083 1678 Ac
1134 1616 1290 1696 sacrificio
1319 1621 1420 1679 autem
1447 1616 1554 1680 laudis
1587 1623 1615 1680 ct
1645 1621 1824 1699 qratiaram
1857 1621 1988 1682 actionis
2020 1621 2108 1694 nulla

107 1695 232 1759 tametsi
256 1695 363 1775 fideles
389 1695 471 1760 ultro
499 1696 634 1776 citroque
657 1717 763 1776 preces
792 1698 879 1778 apud
900 1699 1005 1762 Deum
1021 1719 1083 1780 pro
1133 1722 1199 1765 esse
1215 1707 1315 1781 potest
1336 1703 1404 1766 sine
1425 1703 1534 1766 scelere
1555 1703 1758 1782 interruptim
1785 1705 1909 1784 quondo
1930 1725 1990 1767 nou
2012 1711 2109 1771 cessat

106 1781 262 1862 fratmbas
280 1782 419 1861 offeruit,
442 1782 496 1845 boc
512 1781 593 1845 nihil
614 1784 724 1846 urticae
737 1783 855 1848 Christi
872 1785 1083 1848 intercessioni
1135 1786 1224 1850 Deus
1246 1788 1312 1850 alia
1333 1788 1410 1851 aliis
1430 1787 1576 1868 beneficio
1603 1789 1775 1867 cumulare,
1803 1795 1838 1853 ut
1865 1810 1936 1865 uos,
1964 1793 2109 1869 quamuis

106 1868 255 1949 derepere
272 1867 475 1931 ostendimus:
496 1869 572 1947 quia
590 1889 692 1933 33333
708 1870 804 1934 simul
821 1892 857 1933 ea
875 1871 1001 1934 sabaim
1019 1875 1082 1933 tant
1135 1874 1230 1937 lentos
1246 1877 1273 1937 et
1285 1873 1404 1955 piqros,
1428 1874 1470 1936 od
1484 1875 1709 1955 qratitudinem
1726 1881 1819 1958 coqot.
1850 1876 1993 1955 Denique
2015 1884 2108 1941 tanta

107 1973 141 2017 33
169 1972 263 2034 quam
291 1952 372 2017 alios
393 1952 461 2017 Deo
488 1956 706 2019 commendant.
751 1954 807 2020 Ad
828 1955 901 2019 lraec
921 1957 1082 2020 docuimus
1134 1979 1171 2021 33
1194 1969 1261 2022 tam
1283 1960 1387 2023 effusa
1409 1960 1651 2024 benefactorum
1673 1962 1740 2025 eins
1766 1962 1902 2044 largitas
1924 1981 1984 2024 nos
2005 1982 2107 2043 paene

108 2039 217 2103 inscite
237 2037 292 2102 hoc
311 2039 395 2103 trahi
413 2040 455 2104 ad
472 2045 617 2117 nioduos,
639 2041 753 2121 quibus
774 2061 929 2122 crusquam
952 2043 1083 2124 leqimm
1133 2044 1255 2121 obruit,
1285 2053 1333 2108 tot
1355 2066 1392 2109 33
1414 2052 1481 2109 tam
1503 2046 1651 2129 ingentia
1673 2048 1742 2110 eius
1764 2047 1934 2124 miracula,
1962 2068 2106 2130 quaqua·

106 2125 291 2189 mundatum
318 2145 384 2190 esse
405 2129 440 2189 at
455 2146 518 2205 pro
538 2126 626 2190 nobis
646 2133 738 2190 ment.
785 2127 885 2209 Saepe
905 2148 961 2192 nos
983 2129 1082 2210 scrip
1133 2152 1266 2196 versum
1288 2140 1422 2212 spectes,
1446 2139 1636 2208 cernuntur,
1658 2140 1696 2196 ut
1717 2154 1886 2215 nunquam
1907 2132 2000 2197 nobis
2023 2132 2107 2197 desit

105 2215 181 2274 tura
202 2210 344 2274 hortatur
366 2213 409 2276 ad
428 2216 556 2275 meoticas
576 2212 672 2275 liuius
694 2211 791 2294 officii
816 2215 913 2292 uices;
938 2214 976 2278 de
1002 2234 1081 2278 mor-
1132 2215 1239 2282 laudis
1267 2218 1511 2300 gratiarumque
1533 2219 1667 2283 aetionis
1689 2226 1922 2301 argumentum
1944 2239 1981 2282 33
2003 2225 2106 2284 3333-

105 2298 170 2359 tuis
197 2318 235 2360 nc
261 2296 382 2377 syllaba
410 2298 543 2378 quiden.
588 2297 658 2362 Into
686 2297 818 2362 Iocobrcs
846 2299 896 2379 (5,
923 2300 986 2383 lb),
1007 2299 1081 2365 haec
1132 2305 1190 2366 ria.
1237 2304 1361 2385 Atque,
1389 2311 1428 2365 33
1450 2302 1530 2368 haec
1552 2304 1681 2385 planius
1704 2305 1871 2386 aliquanto
1892 2304 2105 2385 explicentur,

105 2383 167 2446 duo
194 2383 393 2464 camaracus,
425 2389 461 2447 ut
488 2383 688 2463 mahteamur
708 2391 836 2465 peccata
864 2391 970 2449 nostra
998 2387 1081 2450 irrter
1132 2409 1235 2470 quum
1257 2390 1303 2453 sie
1324 2390 1360 2452 in
1382 2389 1454 2452 Deo
1476 2410 1550 2472 spes
1570 2410 1682 2454 ornnes
1705 2411 1845 2472 opesque
1868 2398 1999 2455 nostrae
2024 2392 2106 2455 sitae

105 2488 175 2545 nos,
203 2473 231 2533 et
251 2468 392 2534 moissim
412 2469 473 2532 alii
488 2489 552 2549 pro
574 2469 651 2533 aliis
671 2490 806 2548 3333333,
833 2475 969 2535 mortuos
991 2473 1080 2537 tacite
1132 2476 1200 2539 sint
1221 2473 1323 2557 (quod
1345 2474 1413 2538 iam
1435 2482 1531 2538 antea
1552 2478 1631 2540 satis
1653 2476 1826 2559 probatum
1849 2478 1923 2559 333),
1946 2485 1984 2539 33
2000 2496 2107 2558 neque

105 2553 246 2618 excludit.
292 2554 433 2621 Proinde
454 2556 497 2621 ad
520 2554 601 2619 hano
622 2576 758 2620 errorem
779 2557 995 2621 damnandum
1015 2559 1081 2638 suf-
1132 2580 1207 2638 nos,
1234 2581 1339 2641 neque
1368 2570 1481 2625 333333
1502 2562 1612 2625 omnia
1630 2583 1783 2644 prospere
1807 2561 1928 2626 habere
1949 2562 2013 2626 nisi
2036 2563 2105 2626 eius

102 2638 168 2719 ficit
194 2661 260 2704 333
286 2639 344 2705 illa
370 2643 466 2718 ratio,
498 2642 662 2706 caudium
692 2643 751 2706 rite
782 2642 897 2706 orandi
923 2644 1013 2708 nasci
1041 2663 1080 2708 33
1131 2646 1355 2711 benedictione
1385 2648 1565 2729 possimus,
1607 2648 1736 2712 assidue
1775 2669 1835 2712 nos
1868 2648 1899 2710 ei
1930 2656 2105 2729 nostraque

101 2724 177 2804 fide,
203 2725 297 2806 [idun
323 2748 394 2792 uero
423 2747 488 2792 esse
509 2748 548 2789 eu·
568 2728 681 2791 auditu
701 2729 784 2793 uerbi
807 2728 885 2806 Dei,
912 2729 967 2792 ubi
988 2730 1079 2794 nulla
1131 2732 1242 2796 omnia
1263 2738 1389 2813 oportet
1411 2732 1682 2797 commendemus.
1717 2732 1846 2797 Deinde
1868 2732 2025 2815 quidquid
2049 2732 2104 2796 de-

101 2810 229 2890 fictitiae
262 2814 489 2878 intercessionis
520 2815 652 2891 mentio,·
683 2816 762 2894 quio
793 2818 901 2878 umere
927 2819 1079 2894 patronos
1130 2818 1322 2888 liberamus.
1357 2818 1534 2899 loquimur,
1569 2819 1710 2902 agimus,
1745 2820 1806 2883 sub
1838 2820 1908 2883 eius
1936 2840 2037 2882 manu
2066 2840 2104 2885 aa

101 2897 162 2961 sibi
190 2900 300 2962 asciuit
325 2900 522 2980 superstitio,
549 2901 604 2979 qni
631 2900 786 2964 diviuitas
811 2901 879 2965 dati
899 2920 961 2965 non
982 2907 1077 2966 aaut.
1130 2904 1309 2982 voluntate,
1334 2904 1394 2968 sub
1417 2925 1474 2986 epe
1497 2903 1633 2987 denique
1656 2905 1770 2969 auxilii
1788 2905 1857 2969 eius
1876 2903 2102 2984 deliberemus,

104 2983 310 3065 Numquam
331 2985 440 3050 maltis
455 2985 610 3065 precandi
627 2985 741 3066 formis
768 2987 884 3067 referta
912 2986 953 3050 sit
980 2989 1079 3066 scrip-
1129 2989 1317 3072 loquamur,
1345 3011 1489 3073 agamus.
1535 2988 1660 3055 Omnes
1687 2991 1776 3054 enim
1798 3010 1818 3053 a
1838 2988 1912 3054 Dea
1937 2989 2103 3054 maledieti

101 3074 189 3148 tina,
217 3071 341 3134 nullum
367 3073 525 3150 reperitur
545 3072 718 3152 eaunplum
739 3070 836 3136 baius
858 3071 1078 3151 advocationis,
1129 3077 1398 3158 pronuntiantur,
1421 3077 1477 3157 qui
1500 3076 1550 3141 sui
1571 3076 1746 3140 alteriusve
1769 3076 1951 3158 cuiuspiam
1972 3075 2101 3154 fiducia,

100 3156 170 3219 sine
198 3176 261 3236 qua
289 3158 326 3219 in
346 3161 472 3236 papatu
499 3157 590 3222 nulla
617 3158 752 3222 creditu
778 3178 843 3222 esse
870 3160 978 3224 oratu.
1022 3159 1078 3223 Ad
1129 3162 1265 3228 consilia
1287 3162 1416 3245 agitant
1437 3183 1475 3227 ao
1495 3168 1646 3227 statuunt
1667 3162 1748 3312 slas.
1772 3166 1808 3239 4,
1835 3167 1891 3241 143
1915 3161 1977 3225 Ies.
2002 3166 2058 3240 30,
2085 3166 2099 3224 l

102 3238 175 3304 haec
196 3243 445 3320 superstitionem
466 3242 545 3307 lianc
567 3248 683 3308 maslot
704 3264 742 3308 eu
763 3243 942 3325 diffidentia
969 3251 1078 3309 natam
1129 3257 1163 3311 33
1186 3252 1241 3326 31,
1268 3248 1299 3330 1)
1305 3271 1314 3327 ;
1343 3250 1398 3330 qui
1425 3256 1519 3312 extra
1541 3247 1674 3314 eius'vo
1688 3255 1850 3326 untatem,
1878 3249 2014 3331 ipsaque
2036 3269 2103 3311 non

102 3345 180 3388 3333·
202 3326 484 3406 quiaaethristo
506 3330 699 3408 deprecatore
719 3331 930 3394 coutentium
950 3331 1076 3411 fuerint,
1128 3335 1289 3412 invocato,
1312 3333 1490 3417 quidquam
1510 3334 1693 3398 moliuntur
1709 3342 1768 3398 ant
1787 3333 1942 3418 inchoare
1964 3341 2101 3397 tentant
2221 3336 2224 3343 '

100 3411 149 3474 uel
176 3431 246 3475 enm
273 3414 396 3477 annino
422 3414 626 3495 spoliaverint
651 3416 709 3479 hac
743 3416 842 3481 laude.
887 3417 991 3499 Atque
1023 3416 1078 3482 hoc
1128 3419 1173 3484 El
1193 3441 1296 3502 quum
1316 3422 1383 3485 iam
1399 3421 1566 3501 aliquoties
1586 3419 1709 3487 dietum
1732 3421 1783 3499 sit,
1805 3421 1887 3484 iusto
1905 3440 1975 3483 eum
1992 3418 2103 3483 honore

97 3497 255 3576 posterius
276 3520 314 3563 33
336 3519 440 3563 eorum
461 3501 655 3579 imprudentia
674 3502 768 3581 facile
783 3505 979 3585 coarquitur:
1000 3504 1077 3583 quia
1127 3505 1215 3587 affici
1235 3506 1291 3570 ubi
1315 3507 1476 3572 bonorum
1505 3506 1654 3570 omnium
1679 3515 1775 3570 autor
1802 3506 2002 3590 agnoscitur,
2031 3505 2103 3569 inde

99 3602 162 3646 non
184 3583 247 3647 alio
268 3584 421 3650 ualidiore
442 3591 621 3668 arqumento
636 3594 790 3669 3393333,
812 3609 890 3669 opas
906 3589 995 3654 nobis
1012 3610 1076 3654 csse
1128 3593 1351 3674 consequitur,
1376 3594 1422 3658 sie
1444 3614 1485 3657 ex
1507 3614 1610 3657 manu
1632 3593 1702 3658 eius
1723 3592 1932 3674 suscipienda
1953 3612 2024 3655 3333
2045 3590 2103 3655 illa

98 3673 278 3733 sandorum
300 3672 492 3749 patrocinio,
521 3693 615 3752 quam
642 3675 718 3738 dum
746 3674 906 3752 obiiciunt,
934 3696 990 3739 uos
1011 3695 1077 3741 esse
1127 3678 1253 3756 omnia,
1280 3687 1318 3743 ut
1346 3678 1479 3743 assidua
1500 3678 1680 3761 gratiarum
1704 3679 1831 3743 actione
1852 3697 2102 3760 prosequamur;

97 3756 246 3838 indiqnos
267 3756 426 3837 lentiliaci
444 3758 486 3821 ad
503 3757 609 3822 Deam
627 3779 758 3824 accessu.
794 3761 882 3841 Quod
903 3781 960 3824 nos
980 3763 1076 3826 nems-
1127 3763 1316 3847 nullamque
1339 3786 1409 3830 esse
1431 3766 1552 3829 iustam
1574 3766 1736 3828 rationem
1763 3785 1830 3845 qua
1855 3764 1924 3826 eius
1946 3762 2104 3825 beneficia

97 3843 216 3905 amum
234 3843 360 3924 quidem
377 3862 442 3906 esse
462 3843 606 3922 fateumr,
628 3847 682 3910 sed
703 3845 777 3910 iude
793 3846 976 3929 eolliqimus,
993 3846 1076 3911 nihil
1127 3871 1337 3933 usurpemus,
1371 3872 1454 3934 quae
1486 3871 1553 3914 non
1586 3850 1650 3913 alio
1683 3851 1748 3912 fine
1782 3849 1822 3913 ab
1851 3848 1920 3911 eius
1949 3846 2104 3928 largitate

97 3947 148 3998 eos
177 3926 300 3993 Christo
333 3928 490 4009 reliquum
520 3929 622 4009 tacere
654 3933 709 4011 qui
734 3952 797 4012 pro
829 3932 927 3997 niltilo
959 3933 1076 3997 ducunt
1126 3936 1221 4001 nobis
1237 3939 1408 4018 profluunt
1430 3957 1467 4000 aa
1489 3936 1702 4018 proveniunt,
1734 3936 1797 3999 nisi
1827 3933 1926 3997 etium
1948 3933 1984 3996 in
2005 3930 2120 3996 laude‘

97 4015 165 4077 eius
187 4015 449 4091 intercessionem,
477 4016 543 4077 nisi
565 4018 708 4082 comdant
732 4018 885 4100 Georqius
905 4023 932 4082 et
953 4019 1075 4100 Hippo
1127 4024 1197 4087 eius
1230 4022 1415 4088 confitenda
1447 4029 1480 4084 et
1513 4021 1628 4104 gratiis
1662 4019 1798 4101 agendis
1831 4017 1953 4082 assidui
1988 4018 2101 4082 simus.

97 4098 188 4180 lalus,
212 4107 268 4165 atil
290 4101 411 4166 titubes
433 4101 549 4165 larvat-
1125 4108 1251 4174 Paulus
1274 4110 1371 4186 enim,
1396 4108 1475 4171 dum
1497 4113 1636 4170 testatur
1659 4106 1690 4188 (l
1718 4106 1800 4168 Tim.
1825 4112 1855 4182 4,
1880 4105 1924 4188 5),
1947 4125 2007 4187 per
2029 4125 2103 4169 ver·

184 4189 235 4250 28.
266 4187 372 4269 ¹)Etsi
390 4191 493 4251 nalem
511 4188 611 4252 oratio
623 4192 753 4268 proprie
771 4191 813 4256 aa
835 4196 905 4255 uota
922 4197 949 4255 et
965 4212 1075 4272 preces
1125 4193 1204 4258 bum
1232 4202 1265 4259 et
1291 4195 1471 4259 3333333333
1498 4192 1709 4269 sanctificari,
1743 4191 1841 4255 simul
1871 4191 1996 4264 innuit,
2032 4191 2102 4253 sine

96 4273 312 4356 restrinqitar,
341 4278 429 4337 tarda
457 4278 501 4336 est
529 4278 629 4337 tamen
658 4276 737 4339 inter
752 4278 935 4356 petitionem
956 4284 983 4342 et
1001 4300 1075 4361 qra-
1125 4280 1226 4346 verbo
1244 4289 1277 4345 et
1297 4281 1441 4345 oratione
1463 4279 1597 4345 minime
1618 4290 1732 4342 sancta
1753 4282 1779 4342 et
1796 4297 1885 4358 pura
1906 4276 1995 4340 33333
2016 4294 2101 4351 3333;

95 4358 216 4422 tiaram
244 4361 394 4424 actionum
420 4358 577 4439 affinitas,
611 4364 644 4422 ut
675 4363 827 4427 cmunode
859 4364 917 4426 sab
951 4366 1075 4428 naniue
1125 4387 1184 4449 per
1212 4365 1349 4433 verbnm
1378 4366 1501 4431 scilieet
1528 4363 1627 4427 fidem
1656 4363 1875 4448 metonymice
1905 4360 2100 4443 intelligens

95 4463 157 4508 uno
175 4445 390 4526 comprehendi
407 4451 528 4526 queant.
564 4446 651 4509 Nam
670 4467 750 4526 quas
770 4447 894 4513 Paulus
915 4456 1075 4515 enumerat
1124 4452 1268 4517 Proinde
1296 4452 1464 4535 eleganter
1491 4447 1602 4517 David
1629 4449 1731 4532 (Psal.
1756 4455 1811 4528 40,
1825 4448 1885 4530 4),
1921 4446 1999 4509 dum
2026 4466 2101 4527 per·

96 4532 227 4609 species,
258 4531 315 4595 sub
344 4533 442 4612 prius
468 4531 640 4597 numbram
666 4532 764 4595 huius
784 4536 970 4615 partitionis
997 4537 1073 4600 reci·
1124 4546 1219 4619 cepta
1235 4537 1372 4602 Domini
1393 4537 1588 4603 liberalitate
1606 4535 1720 4600 datum
1738 4537 1799 4600 sibi
1820 4536 1857 4597 in
1879 4555 1914 4598 os
1937 4531 2101 4595 canticum

95 4616 182 4680 dunt.
229 4617 379 4700 Iloqando
411 4623 438 4682 et
465 4618 623 4699 precando
655 4618 813 4684 desideria
844 4625 954 4684 nostru
985 4621 1073 4702 apud
1124 4644 1248 4689 novum
1275 4623 1450 4707 praedicet.
1497 4622 1572 4703 Quo
1607 4622 1729 4687 scilicet
1759 4621 1884 4696 innuit,
1918 4617 2101 4706 malignum

94 4700 201 4766 Deum
219 4705 418 4784 effundimus,
436 4711 600 4785 poscentes
616 4711 681 4768 lom
698 4725 777 4785 quae
796 4706 919 4787 faciant
940 4708 982 4771 ad
997 4728 1073 4787 pro-
1124 4730 1195 4775 esse
1222 4710 1404 4789 silentium,
1434 4712 1465 4775 si·
1483 4708 1571 4791 quod
1593 4709 1663 4773 eius
1685 4707 1879 4772 beneficium
1907 4704 1977 4801 sine
2001 4701 2100 4767 laude

90 4791 277 4870 papandam
304 4792 372 4856 eius
398 4792 534 4875 ploriam
561 4796 588 4855 et
616 4792 843 4856 illustrandum
865 4792 934 4855 eius
954 4813 1071 4872 333333,
1123 4797 1353 4878 praeterimns;
1376 4818 1479 4879 quum
1500 4797 1597 4858 toties
1618 4791 1829 4858 benedicendi
1849 4800 2022 4855 matenam
2039 4808 2099 4888 no-

95 4893 191 4953 quam
220 4875 364 4957 beneficia
394 4899 473 4959 quoe
495 4879 571 4941 usui
591 4882 694 4943 nostro
715 4879 894 4944 conducunt.
941 4877 1073 4944 Gratias
1123 4882 1174 4946 bis
1198 4882 1359 4961 exhibeat,
1384 4883 1512 4963 quoties
1536 4880 1704 4944 benefacit.
1752 4879 1839 4943 Sicut
1862 4878 1956 4941 dmm
1974 4875 2100 4941 Iesaaas

94 4961 227 5042 aqcndo,
257 4960 414 5044 beredacta
441 4964 509 5028 eins
536 4985 611 5048 erqo
638 4985 694 5029 nos
722 4966 808 5030 insto
830 4963 924 5029 unae
944 4965 1072 5031 celebra-
1125 4966 1270 5053 (42,10)‚
1292 4969 1483 5051 sinqnlorem
1504 4965 1570 5030 Dei
1588 4967 1727 5047 qratiam
1743 4965 1944 5047 praedicans,
1966 4963 2008 5027 ad
2029 4982 2100 5026 cau

91 5101 227 5109 -,,,,
1123 5053 1219 5117 tuum
1245 5074 1358 5119 mcum
1390 5058 1417 5117 et
1446 5073 1509 5117 aaa
1540 5051 1668 5133 culpae
1699 5050 1842 5115 hornum
1871 5049 1987 5129 fideles.
2034 5048 2099 5130 Qtto

932 5170 1070 5239 <nn
1123 5134 2099 5307 Batinna

255 5273 257 5277 ,
312 5255 326 5288 e
381 5256 399 5290 a
429 5277 435 5289 ·
1248 5276 1256 5306 '
1959 5271 1966 5285 ι
