4672 5842
77 319 139 380 857
365 317 455 383 LIB.
478 318 539 384 IV.
583 320 647 386 DIl
668 317 906 385 EX'IERNIS
927 318 1094 385 MEDIIS
1116 320 1181 386 AD
1204 318 1435 386 SALUTEM.
1480 318 1579 384 CAP.
1602 319 1698 383 VIII.
1738 319 1801 384 IX.
2026 323 2090 386 858

78 507 127 570 At
145 505 199 569 hoc
215 506 327 571 ceraso
345 506 441 572 valde
461 509 582 572 mirum
605 517 663 587 est,
687 518 755 572 tam
777 508 861 572 nihil
880 529 950 572 esse
971 509 1060 573 fron·
1111 529 1285 592 perperam
1324 511 1390 592 egit
1430 508 1681 587 Constantinus,
1721 510 1777 590 qui
1812 508 1964 574 ccclesiae
1997 531 2091 575 suam

79 594 123 656 tis
152 592 223 655 istis
253 592 470 658 nebulonibus
497 602 535 657 ut
556 595 691 659 ferocire
713 593 790 658 inde
810 615 876 658 non
899 582 1058 659 dubitent.
1112 602 1305 678 potestatem
1333 596 1467 679 eripuit,
1495 593 1611 659 deinde
1640 593 1726 675 quod
1748 616 1845 658 nemo
1866 596 2092 679 opiscoporum

80 676 168 758 Quid
187 679 274 742 enim
293 678 427 742 tandem
446 679 648 758 obtinebunt,
672 680 735 745 nisi
754 702 820 744 non
839 681 1060 763 spernendum
1113 690 1186 744 tum
1216 682 1372 759 surrexit,
1400 690 1438 744 ut
1466 701 1538 745 eam
1561 688 1674 745 contra
1695 680 1886 758 vindicaret,
1910 681 1971 746 hoc
1993 682 2092 746 silen-

78 762 234 829 ecolesiae
264 784 472 842 eonsensum,
501 786 584 849 quae
607 788 774 848 nunquam
797 767 862 829 nisi
884 768 917 829 in
940 768 1060 831 verita-
1113 769 1197 831 tium
1216 765 1354 849 perfidia
1375 787 1442 831 non
1464 765 1608 831 carebat:
1631 767 1677 829 sic
1699 776 1794 831 erant
1808 766 1988 849 proditores
2009 768 2092 832 iuris

80 857 148 915 tem
181 849 273 914 verbi
300 851 365 914 Dei
393 850 576 916 consentit?
627 853 774 918 Ecclesia
804 851 966 917 audienda
1000 860 1059 931 est,
1114 853 1331 918 ecclesiastici.
1363 850 1431 917 Sed
1448 874 1549 935 quum
1567 851 1783 916 Theodoritus
1805 853 1933 930 referat,
1953 853 2092 918 libenter

78 937 242 1020 inquiunt.
289 934 373 1016 Quis
391 937 512 1021 negat?
537 937 797 1021 quandoquidem
815 938 899 1001 nihil
917 960 1060 1021 pronun·
1114 940 1282 1022 amplexos
1310 960 1380 1003 csse
1408 937 1491 1020 quod
1520 936 1647 1004 dicebat
1672 940 1863 1021 imperator,
1886 946 2011 1004 constat
2032 960 2092 1003 no-

77 1024 141 1086 tiat
169 1022 244 1086 nisi.
260 1045 301 1086 ex
332 1023 431 1087 verbo
460 1025 604 1088 Domini.
650 1025 688 1089 si
709 1023 783 1106 plus
806 1023 928 1105 aliquid
949 1032 1061 1106 postu·
1113 1047 1193 1090 vum
1215 1026 1277 1090 hoc
1299 1024 1417 1108 dogma
1439 1033 1518 1090 tunc
1540 1025 1638 1088 hrisse
1660 1026 1793 1090 omnino
1815 1026 2026 1108 incognitum.

78 1109 160 1187 lant,
184 1108 290 1173 sciant
312 1107 396 1172 nihil
419 1109 479 1173 sibi
504 1111 539 1173 in
562 1132 599 1175 eo
628 1110 803 1193 suffragari
830 1109 910 1174 haec
934 1110 1060 1175 Christi

78 1194 188 1260 verba.
238 1194 307 1259 Neo
336 1194 442 1258 videri
469 1194 569 1260 debeo
589 1198 696 1261 nimis
724 1196 947 1260 contentiosus
974 1195 1061 1278 quod

77 1280 160 1345 adeo
177 1280 391 1345 vehementer
412 1281 448 1344 in
470 1281 532 1346 hoo
553 1283 678 1361 insisto,
702 1303 767 1345 non
785 1282 883 1347 licere
906 1280 1061 1346 ecclesiae

78 1366 220 1433 condere
238 1366 340 1430 ullam
352 1388 474 1431 novam
485 1367 676 1447 doctrinam,
689 1369 750 1433 hoo
768 1374 826 1446 est,
848 1367 923 1450 plus
935 1366 1059 1447 dooere,
1455 1368 1607 1433 CAPUT
1629 1367 1691 1432 [X.
1711 1369 1736 1450 ¹)

77 1462 112 1517 et
133 1475 192 1536 pro
215 1452 348 1517 oraculo
376 1453 519 1531 tradere,
549 1475 646 1536 quam
669 1453 756 1537 quod
776 1453 939 1517 Dominus
961 1455 1060 1518 verbo

77 1560 137 1603 suo
160 1538 326 1603 revelavit.
373 1537 498 1603 Vident
519 1541 607 1603 enim
629 1542 701 1606 sani
724 1540 874 1604 homines
901 1548 1060 1622 quantum
1158 1529 1260 1610 ‘De
1292 1528 1476 1611 conciliis
1508 1556 1738 1636 eorumque
1771 1526 2010 1608 autoritate.

77 1627 121 1690 sit
146 1624 328 1707 periculum
357 1625 384 1688 si
413 1625 602 1690 hominibus
630 1626 730 1691 semel
753 1645 941 1690 concessum
961 1626 1061 1689 fuerit

75 1716 207 1776 tantum
227 1711 319 1774 iuris.
355 1710 483 1774 Vident
503 1713 602 1776 etiam
645 1720 748 1777 uanta
769 1713 912 1776 fenestra
933 1712 1059 1795 aporia·
1202 1716 1227 1775 l.
1274 1712 1371 1777 Nunc
1398 1719 1435 1776 ut
1463 1712 1573 1775 omnia
1597 1711 1664 1776 illis
1690 1710 1729 1775 de
1752 1710 1886 1775 ecclesia
1907 1709 2090 1790 concedam,

76 1807 133 1860 tur
161 1797 337 1878 impiorum
365 1797 476 1860 sannis
499 1804 533 1861 et
555 1798 624 1863 cav'
655 1798 661 1811 '
687 1849 695 1875 ,
718 1799 747 1862 si
769 1797 922 1876 dicamus,
946 1796 979 1860 id
1022 1818 1059 1860 ro
1111 1819 1170 1880 pro
1208 1820 1267 1862 sua
1301 1806 1411 1862 tamen
1438 1799 1619 1861 intentione
1648 1818 1689 1860 ne
1719 1797 1766 1861 sio
1793 1795 1923 1878 quidem
1951 1795 2092 1860 multum

77 1881 209 1947 oraculo
239 1881 428 1947 habendum
460 1904 530 1948 esse
559 1885 646 1949 iuter
665 1882 872 1949 Christianos
894 1882 977 1965 quod
1000 1818 1059 1946 io·
1112 1883 1219 1948 adhuc
1239 1885 1443 1967 profecerint.
1487 1884 1575 1948 Nam
1603 1881 1759 1965 quidquid
1788 1881 1991 1946 deecclesia
2012 1880 2091 1947 dioi-

77 1969 185 2032 mines
207 1968 403 2033 censuerint.
449 1969 555 2047 Adde,
584 1971 665 2050 quod
687 1991 748 2051 pro
765 1970 914 2051 turperis
934 1970 986 2033 sui
1006 1988 1059 2032 ro·
1112 1978 1181 2048 tur,
1209 1968 1243 2033 id
1270 1992 1346 2033 mox
1374 1968 1415 2033 ad
1442 1969 1578 2034 concilia
1605 1969 1819 2045 transierunt,
1849 1988 1950 2050 quum
1977 1987 2092 2032 eorum

78 2057 161 2118 lione
194 2055 320 2134 laquem
350 2052 508 2132 Christum
543 2057 689 2138 εῃηεάνὲο
716 2054 827 2120 tribuit
854 2054 907 2118 boe
943 2076 1058 2133 lumea,
1112 2057 1261 2138 opinione
1296 2056 1465 2121 ecclesiam
1497 2062 1751 2137 repraesentent.
1803 2050 1876 2117 Imo
1910 2052 1994 2135 quod
2023 2061 2092 2118 tam

78 2147 115 2204 ul
137 2146 249 2222 postea
277 2139 428 2220 discipali
449 2143 503 2205 eui
530 2162 636 2206 sacros
658 2143 801 2207 corkaiae
827 2145 988 2205 moedus
1010 2162 1058 2205 re·
1111 2142 1322 2225 pertinaciter
1349 2141 1553 2207 contendunt
1581 2140 1621 2204 de
1650 2140 1804 2205 ecclesiae
1832 2146 2091 2222 potestatuum

76 2227 177 2291 cerea
200 2226 331 2290 diseunt.
376 2224 430 2290 Ito
450 2228 537 2306 {ieret
556 2233 591 2290 ut
608 2227 744 2311 siugulis
763 2227 893 2291 urbibus
920 2232 948 2290 et
963 2228 1060 2310 pupis
1112 2228 1176 2291 alio
1199 2227 1332 2293 consilio
1355 2228 1487 2305 faciunt,
1510 2227 1574 2290 nisi
1595 2234 1633 2290 ut
1650 2247 1785 2290 romano
1802 2225 1948 2309 pontifici
1967 2232 2000 2288 et
2020 2226 2091 2290 eius

73 2333 142 2394 por
163 2317 239 2376 esset
260 2313 295 2375 ia
316 2313 511 2395 doqomtibua
528 2314 675 2378 cudendis
696 2313 830 2378 libertos.
1112 2314 1264 2379 satellitio
1282 2320 1387 2378 totum
1405 2313 1553 2377 deferant
1569 2311 1656 2395 quod
1677 2313 1881 2376 extorserint.
1905 2312 2092 2393 Antequam

169 2402 216 2461 16.
260 2397 424 2479 Exempla
445 2398 563 2480 quibus
583 2407 732 2477 utuntur,
755 2398 838 2461 nihil
857 2419 911 2462 eos
933 2398 1058 2463 iuvant.
1112 2420 1190 2464 vero
1217 2400 1303 2465 hanc
1331 2400 1555 2482 quaestionem
1576 2397 1729 2482 expedire
1751 2398 1920 2480 incipiam,
1952 2397 2015 2461 duo
2036 2396 2091 2464 hio

78 2484 187 2548 Aiunt
216 2482 518 2566 paedobaptismum
547 2505 614 2548 non
644 2494 712 2549 tam
744 2507 786 2549 ex
817 2492 930 2567 aperto
957 2485 1058 2567 scrip-
1111 2486 1193 2549 mihi
1215 2486 1359 2551 breviter
1379 2485 1520 2568 praefari
1545 2506 1675 2550 necesse
1697 2492 1755 2548 ost.
1802 2481 1899 2563 Quod
1930 2483 1984 2547 hio
2012 2484 2091 2566 rigi-

79 2582 174 2634 turae
190 2568 353 2646 mandato,
375 2590 475 2652 quam
493 2591 533 2634 ex
556 2571 708 2635 ecclesiae
723 2570 858 2635 decreto
880 2592 1057 2636 emanasse.
1112 2570 1183 2636 dior
1204 2594 1277 2637 sum
1300 2572 1446 2649 futurus,
1474 2592 1540 2635 non
1567 2570 1640 2635 ideo
1662 2592 1733 2635 esse
1755 2568 1841 2652 quod
1864 2576 1994 2633 vetusta
2015 2591 2091 2634 con·

79 2660 128 2722 At
144 2657 366 2722 miserrimum
389 2657 519 2742 asylum
539 2657 624 2721 foret
645 2658 672 2721 si
694 2677 753 2739 pro
775 2655 961 2721 defensione
982 2677 1059 2739 pae-
1112 2657 1187 2722 cilia
1214 2659 1350 2723 minoris
1378 2658 1495 2723 faciam
1516 2678 1615 2739 quam
1634 2656 1733 2720 decet.
1772 2656 1921 2720 Veneror
1943 2656 2030 2719 enim
2053 2676 2092 2720 ea

81 2743 275 2825 dobaptismi
304 2742 346 2805 ad
374 2741 499 2806 nudam
528 2743 681 2807 ecclesiae
709 2743 919 2807 autoritatem
954 2744 1058 2807 suffu·
1112 2766 1153 2808 ex
1175 2746 1292 2822 animo,
1315 2765 1437 2827 suoque
1455 2744 1490 2806 in
1512 2743 1634 2809 honore
1657 2740 1743 2826 apud
1762 2762 1874 2805 omnes
1893 2761 1963 2805 esse
1986 2741 2090 2823 cupio.

80 2852 157 2913 gere
191 2849 396 2913 cogeremur:
433 2849 548 2893 verum
577 2828 657 2893 satis
684 2828 762 2892 alibi
788 2829 928 2911 patebit,
962 2828 1058 2912 longe
1112 2827 1180 2895 Sed
1201 2830 1255 2895 hic
1278 2837 1328 2894 est
1352 2830 1469 2912 aliquis
1490 2829 1618 2894 modus:
1642 2836 1681 2891 ut
1702 2827 1787 2891 nihil
1815 2826 1938 2892 seilicet
1958 2824 2091 2892 Christo
2147 2872 2150 2880 .

78 2937 172 2982 secus
199 2935 278 2980 esse.
324 2912 501 2991 Similiter,
527 2914 612 2997 quod
635 2915 792 2979 obiiciunt
813 2935 977 2997 nusquam
999 2915 1058 2980 ha
1112 2914 1294 2999 derogetur.
1330 2917 1434 2981 Porro
1452 2915 1512 2981 hoo
1524 2920 1575 2980 est
1585 2914 1709 2980 Christi¹
1727 2914 1787 2992 ius,
1812 2924 1849 2976 ut
1860 2912 2005 2978 conciliis
2021 2934 2091 2977 om·

78 3001 148 3067 beri
177 3002 214 3064 in
241 3002 409 3083 scripturis
437 3000 522 3082 quod
547 3002 583 3065 in
611 2998 735 3085 synodo
756 3001 892 3065 nicaena
913 3022 1058 3083 pronun·
1110 3003 1208 3067 nibus
1225 3000 1417 3085 praesideat,
1436 3023 1495 3067 nee
1513 3001 1635 3066 socium
1653 3001 1772 3065 habeat
1789 2999 1957 3063 hominem
1974 2998 2010 3062 in
2027 3000 2093 3064 ista

77 3088 197 3150 tiatum
218 3086 289 3164 fnit,
312 3086 416 3150 filium
434 3108 504 3151 esse
522 3087 830 3152 consubstantialem
848 3088 947 3168 patri:
967 3088 1003 3151 in
1021 3108 1059 3151 eo
1111 3087 1281 3172 dignitate.
1323 3089 1416 3153 'Iunc
1438 3094 1548 3153 autem
1570 3087 1702 3151 demum
1724 3085 1908 3168 praesidere
1931 3083 2017 3163 dico,¹
2034 3084 2091 3149 ubi

79 3191 216 3256 gravem
232 3172 355 3235 faciunt
370 3172 520 3254 patribus
534 3172 696 3251 iniuriam,
715 3173 809 3254 quasi
827 3180 949 3238 temore
967 3173 1058 3238 dam·
1111 3182 1217 3238 totum
1233 3195 1422 3240 consessum
1439 3172 1539 3239 verbo
1552 3182 1586 3237 et
1596 3172 1713 3255 spiritu
1724 3192 1783 3237 suo
1793 3169 1991 3235 moderatur.
2023 3170 2091 3233 De-

80 3256 195 3321 narint
222 3257 341 3321 Arium
375 3257 461 3340 quod
494 3258 529 3320 in
557 3280 617 3323 sua
643 3257 744 3324 verba
770 3259 879 3323 iurare
909 3259 1058 3338 noluerit,
1111 3260 1203 3339 inde,
1233 3260 1318 3343 quod
1343 3262 1453 3325 minus
1475 3258 1620 3324 conciliis
1647 3258 1756 3322 tribuo
1785 3277 1883 3340 quam
1911 3255 2091 3321 adversarii

81 3364 182 3426 quum
200 3349 302 3406 totam
313 3364 385 3407 eam
399 3343 579 3408 doctrinam
598 3346 806 3426 profiteretur
818 3366 901 3427 quae
918 3345 1059 3429 prophe·
1111 3352 1237 3428 petunt,
1268 3368 1335 3411 non
1364 3368 1403 3411 ea
1429 3366 1527 3409 eausa
1553 3345 1660 3408 facere
1687 3342 1772 3428 quod
1803 3365 1822 3407 a
1849 3341 1994 3407 conciliis
2021 3363 2091 3407 me·

79 3429 153 3495 tisis
180 3435 213 3492 et
242 3429 427 3510 apostolicis
453 3430 582 3511 scriptis
610 3437 660 3495 est
694 3430 936 3514 comprehensa.
982 3431 1059 3496 Non
1110 3440 1216 3510 tuam,
1251 3434 1344 3515 quasi
1375 3432 1508 3496 illorum
1542 3451 1657 3495 causae
1691 3431 1931 3513 suffragentur,
1960 3437 2091 3494 nostrae

78 3521 196 3591 exstat,
213 3515 324 3593 fateor,
345 3515 405 3578 hoo
423 3515 618 3581 vocabulum
636 3517 864 3600 inscriptura:
884 3517 1059 3600 sedquum
1110 3539 1189 3582 vero
1217 3518 1284 3583 sint
1309 3517 1481 3584 contraria.
1527 3516 1613 3581 Nam
1635 3517 1730 3582 sicuti
1753 3514 1795 3580 ad
1817 3515 1949 3598 plenam
1971 3514 2091 3580 doctri·
2129 3541 2135 3600 .'

79 3601 147 3665 illio
165 3601 262 3664 toties
281 3610 446 3665 asseratur
462 3623 565 3666 unum
585 3623 656 3666 esse
675 3603 794 3682 Deum,
814 3624 945 3667 rursmn
963 3604 1059 3669 toties
1109 3625 1172 3668 nae
1200 3612 1332 3669 nostrae
1359 3602 1635 3687 approbationem
1653 3610 1686 3667 et
1712 3602 1812 3666 totius
1834 3600 1976 3684 papismi
1998 3622 2092 3666 ever-

80 3694 216 3752 vooetur
236 3684 388 3750 Christus
409 3709 505 3752 verus
528 3695 561 3752 et
583 3695 735 3753 aeternus
752 3689 853 3766 Deus,
875 3710 962 3753 unus
983 3711 1060 3754 cum
1111 3691 1237 3755 sionem
1266 3691 1394 3756 abunde
1421 3689 1522 3754 verbo
1549 3688 1685 3754 Domini
1712 3688 1865 3753 instructi
1893 3707 2023 3762 sumus,
2053 3694 2091 3747 ut

79 3784 183 3856 patre,
211 3771 289 3853 quid
317 3771 405 3835 aliud
432 3773 557 3838 faciunt
582 3781 693 3856 patres
714 3775 851 3852 nicaeni,
880 3795 981 3856 quum
1003 3775 1059 3839 de-
1110 3776 1195 3840 nihil
1212 3782 1381 3859 praeterea
1397 3776 1561 3859 requirere
1585 3795 1784 3858 magnopere
1806 3793 1887 3854 opus
1909 3772 1960 3848 sit,
1982 3771 2038 3847 ita,
2062 3769 2091 3833 si

83 3860 210 3925 clarant
228 3878 298 3922 esse
316 3858 412 3923 unius
430 3859 598 3938 essentiae,
621 3861 685 3924 nisi
698 3859 785 3943 quod
797 3862 946 3926 nativum
957 3862 1058 3944 scrip·
1111 3883 1163 3927 res
1180 3863 1315 3946 flagitet,
1333 3884 1455 3946 magna
1473 3868 1624 3943 exparte
1642 3859 1729 3942 quod
1747 3858 1827 3923 satis
1843 3856 1888 3927 sit
1906 3854 1947 3919 ad
1959 3864 2090 3919 utrum·

79 3953 174 4010 turae
191 3964 325 4009 sensum
343 3943 533 4025 simpliciter
553 3946 728 4011 enarrant?
758 3949 868 4030 Atque
886 3945 947 4012 hae
963 3969 1059 4029 prae·
1111 3969 1173 4031 que
1195 3956 1308 4015 vetera
1328 3948 1463 4014 eoncilia
1483 3945 1577 4010 nobis
1599 3945 1856 4010 subministrant.

80 4032 202 4097 satione
229 4032 263 4093 in
292 4050 405 4094 eorum
431 4038 523 4095 coetu
551 4053 646 4095 usum
673 4033 773 4098 fitisse
802 4032 1059 4099 Constantinum
1197 4038 1226 4099 2.
1271 4034 1344 4099 Iam
1365 4034 1405 4098 de
1427 4046 1463 4097 re
1485 4034 1557 4115 ipsa
1577 4031 1759 4112 loquamur.
1796 4027 1835 4094 Si
1857 4050 1898 4092 ex
1920 4027 2090 4110 scripturis

81 4119 182 4183 refert
216 4115 442 4181 Theodoritus.
459 4114 492 4199 ¹).
543 4116 585 4180 In
621 4117 907 4200 disputationibus,
942 4120 1058 4202 inquit,
1111 4141 1193 4203 quae
1227 4121 1272 4185 sit
1298 4120 1508 4185 conciliorum
1536 4117 1693 4181 autoritas
1716 4114 1894 4197 quaeritur,
1917 4114 2010 4178 nulla
2032 4135 2089 4178 ex·

79 4225 190 4268 rerum
208 4201 407 4280 divinarum,
426 4201 566 4266 habetur
583 4206 784 4287 praescripta
803 4207 937 4289 spiritus
955 4207 1060 4289 saqcti
1111 4214 1179 4271 stat
1206 4207 1366 4271 illustrior
1392 4203 1564 4287 promissio
1590 4223 1688 4284 quam
1716 4202 1751 4264 in
1778 4201 1841 4266 hac
1868 4199 1993 4265 Christi
2015 4220 2089 4264 sen·

79 4288 240 4368 doetrina3
263 4288 446 4372 evangelici
465 4295 499 4351 et
519 4288 686 4370 apostolici
706 4289 796 4369 libri,
823 4312 898 4355 cum
919 4293 1059 4374 prophe·
1111 4294 1230 4358 tentia:
1254 4292 1310 4356 ubi
1333 4290 1397 4355 duo
1422 4293 1481 4371 aut
1500 4296 1568 4354 tres
1588 4287 1779 4371 congregati
1807 4288 1842 4351 in
1864 4288 1995 4351 nomine
2016 4304 2090 4349 meo

80 4382 189 4439 tarum
216 4375 369 4452 oraculis,
398 4374 494 4457 plene
516 4373 610 4438 nobis
638 4375 815 4440 ostendunt
840 4397 974 4442 sensum
996 4399 1059 4441 nu·
1110 4379 1242 4454 fuerint,
1269 4377 1336 4441 illic
1364 4378 1400 4441 in
1426 4372 1533 4440 m'edio
1561 4395 1674 4439 eorum
1696 4395 1769 4438 sum
1796 4371 1931 4458 (Matth.
1954 4376 2002 4449 18,
2022 4371 2088 4454 20).

78 4462 189 4526 minis.
231 4460 384 4540 Proinde,
408 4460 568 4525 discordia
589 4460 704 4541 posita,
733 4482 900 4527 sumamus
922 4485 964 4527 ex
986 4485 1059 4527 ver·
1110 4464 1238 4529 Verum
1254 4464 1289 4528 id
1300 4463 1403 4528 nihilo
1420 4463 1529 4526 minus
1546 4462 1582 4524 in
1598 4460 1830 4543 particularem
1851 4458 1999 4540 quemvis
2017 4477 2089 4521 coo-

79 4544 130 4610 bis
153 4546 286 4628 spiritus
307 4548 534 4630 quaestionum
562 4546 804 4628 explicationes.
848 4548 913 4614 His
937 4550 1059 4615 sanctis
1111 4557 1182 4615 tum
1203 4551 1357 4633 competit
1376 4570 1473 4633 quam
1495 4549 1531 4611 in
1551 4547 1722 4612 concilium
1746 4545 1938 4610 universale.
1973 4544 2089 4626 Neque

80 4633 313 4698 monitionibus
335 4654 431 4697 nemo
453 4641 531 4699 tuno
552 4633 616 4698 fuit
641 4632 697 4714 qui
720 4633 947 4717 refragaretm.
993 4634 1060 4699 Ne·
1111 4644 1222 4701 tamen
1243 4637 1279 4699 in
1300 4659 1338 4701 eo
1360 4636 1476 4701 haeret
1495 4634 1693 4716 quaestionis
1710 4631 1824 4709 nodus,
1848 4629 1905 4695 sed
1923 4627 2010 4714 quod
2032 4627 2089 4693 ad·

79 4738 136 4782 mo
158 4719 293 4800 excepit,
316 4719 485 4785 eeclesiam
510 4717 632 4869 aliquid
650 4716 789 4782 adiicere
806 4739 901 4800 posse
923 4719 964 4784 de
986 4741 1059 4801 suo;
1111 4721 1180 4786 dita
1196 4728 1247 4787 est
1264 4722 1416 4799 conditio,
1434 4723 1482 4785 ita
1499 4718 1710 4783 demumfore
1732 4716 1903 4782 Christum
1925 4718 1960 4780 in
1981 4712 2089 4780 medio

82 4803 236 4886 spiritum
263 4826 327 4869 non
355 4806 465 4870 omnia
485 4825 563 4873 reve
576 4825 648 4870 asse
671 4804 840 4888 apostolis,
867 4805 921 4869 vel
943 4805 1059 4871 saltem
1111 4808 1254 4888 concilii,
1283 4808 1311 4873 si
1340 4809 1376 4872 in
1402 4829 1460 4872 suo
1489 4806 1619 4869 nomine
1648 4808 1872 4888 congregetur.
1917 4801 2029 4882 Quare
2051 4807 2090 4864 ut

81 4888 124 4954 ad
150 4895 297 4971 posteros
324 4913 390 4956 non
418 4890 654 4977 prodidisse,²)
677 4897 736 4955 aut
757 4891 822 4956 tale
844 4890 976 4973 aliquid.
1021 4889 1060 4958 Si
1111 4894 1229 4959 millies
1266 4895 1489 4977 episcoporum
1523 4890 1659 4957 concilia
1693 4889 1864 4953 nominent
1898 4887 2088 4967 adversarii,

79 4996 198 5040 verum
226 4984 275 5040 est
302 4977 387 5059 quod
414 4977 531 5043 volunt
557 4978 662 5045 nostri
691 4976 886 5056 adversarii,
914 4979 1059 5062 primum
1110 4999 1227 5064 parum
1247 4978 1497 5064 promovebunt,
1520 4998 1581 5043 nec
1603 4985 1678 5042 ante
1699 4975 1842 5041 efficient
1862 4982 1900 5040 ut
1916 4975 2089 5041 credamus

148 5251 178 5319 ι)
195 5251 270 5304 nter.
281 5249 306 5302 1.
316 5247 417 5318 scu)
426 5250 489 5306 usi.
499 5253 592 5308 etuas
640 5250 672 5323 a)
689 5254 833 5308 amase
844 5252 920 5309 1617.
930 5251 1058 5311 usca
1179 5252 1209 5324 1)
1227 5255 1354 5311 uma
1370 5253 1437 5310 tuo
1453 5257 1536 5309 asae
1555 5252 1621 5323 cap.
1644 5251 1731 5309 r111.
1750 5253 1773 5320 s.
1792 5249 1941 5305 1a-1sa.
