4672 5842
196 1503 543 1574 PO'PEN'PISSIMO
565 1508 1027 1591 ILLUSTRISSIMOQUE
1051 1507 1355 1581 MONAROHAu
1378 1504 1652 1577 rRANtusoO.
1675 1505 1968 1573 FRANCORUM
1989 1508 2107 1573 REGI

260 1616 686 1700 CHRISTIANISSIMO,
708 1620 918 1686 PRINCIPI
940 1620 1040 1699 SUO,
1063 1618 1268 1685 IOANNES
1290 1616 1525 1683 OALVINUs
1547 1618 1707 1682 Paean
1730 1616 1789 1683 Ao
1813 1615 2034 1685 SALUTEM

873 1732 925 1797 IN
946 1730 1149 1798 CHRISTO
1172 1730 1429 1797 PRECATUR.
1726 1751 1728 1757 ’

233 1916 346 1999 Quum
367 1919 445 1985 huic
467 1922 556 2003 operi
580 1943 718 1985 manum
740 1924 882 2003 primum
906 1922 1123 2000 admoverem,
1178 1919 1313 1985 reddere
1331 1940 1441 1995 conor,
1464 1920 1611 1984 omnium
1630 1918 1785 1981 ordinum
1805 1919 1936 1983 calculis
1954 1919 2152 2001 damnatam,

141 2029 231 2093 nihil
242 2031 352 2096 miuus
365 2034 557 2115 cogitabam,
576 2033 651 2096 Rex
668 2032 855 2112 clarissime,
875 2032 1125 2115 quamscribere
1177 2031 1291 2095 multis
1314 2032 1377 2095 fori
1399 2031 1607 2114 praeiudiciis
1629 2030 1809 2094 confossam
1839 2029 2028 2094 iamdudrun
2050 2032 2153 2097 fuisse

143 2162 231 2222 quae
248 2143 412 2208 maiestati
432 2158 508 2208 tuac
527 2156 639 2226 postea
656 2144 862 2209 offerrentur.
893 2146 1038 2209 'lautum
1053 2156 1125 2208 orat
1178 2155 1345 2221 causetur,
1375 2143 1459 2207 nihil
1486 2142 1574 2207 aliud
1601 2141 1735 2219 dixerit,
1761 2162 1861 2222 quam
1888 2144 2008 2223 partim
2035 2143 2153 2209 adver-

145 2253 274 2317 animus
296 2253 486 2319 rudimenta
507 2255 668 2337 quaedam
693 2255 837 2336 tradere,
866 2255 982 2338 quibus
1004 2258 1124 2319 l'orrna-
1177 2256 1338 2319 sariorum
1370 2255 1512 2319 dictione
1546 2266 1579 2317 ct-
1612 2253 1759 2335 potentia
1793 2253 1951 2316 violenter
1984 2253 2151 2335 deiectam,

146 2372 263 2427 rentur
283 2364 323 2429 ad
347 2386 459 2431 veram
481 2368 635 2449 pietatem
657 2368 714 2449 qui
737 2368 845 2450 aliquo
866 2368 1032 2451 roligionis
1055 2375 1124 2431 stu-
1177 2367 1298 2449 partim
1316 2366 1505 2444 mendaciis,
1526 2365 1664 2439 technis,
1688 2365 1868 2435 calumniis,
1892 2365 2045 2431 insidiose
2066 2367 2155 2431 frau-

144 2475 200 2540 dio
223 2483 416 2559 tanguntur.
462 2480 573 2560 Atque
596 2479 686 2545 hunc
709 2479 852 2544 laborem
878 2479 984 2544 Gallis
1003 2480 1124 2543 uostris
1178 2478 1394 2560 dulenterquo
1411 2498 1608 2560 oppressam.
1648 2478 1711 2541 Vis
1729 2488 1787 2553 cst,
1812 2475 1900 2557 quod
1916 2477 2041 2542 indicta
2058 2498 2157 2543 causa

144 2589 352 2669 potissimum
374 2587 588 2669 dcsudabam,
619 2613 759 2674 quorum
789 2592 970 2673 permultos
999 2592 1125 2655 esurire
1178 2590 1411 2673 sanguinariae
1444 2589 1627 2653 sententiae
1659 2588 1817 2654 adversus
1856 2588 1948 2651 illam
1987 2590 2155 2671 feruntur;

143 2708 179 2763 ot
201 2700 292 2763 sitire
314 2699 488 2765 Christum
510 2702 749 2787 intelligebam;
777 2703 992 2785 paucissimos
1013 2711 1124 2766 autem
1177 2703 1282 2779 fraus,
1312 2700 1398 2783 quod
1428 2700 1597 2765 seditionis
1619 2710 1653 2765 et
1675 2700 1827 2766 maleficii
1847 2708 1977 2783 praeter
1998 2703 2155 2766 meritum

143 2810 295 2875 videbam
318 2812 372 2893 qui
396 2812 448 2877 vel
470 2813 597 2879 modica
619 2814 690 2879 cius
712 2815 899 2898 cognitione
921 2814 984 2879 rite
1007 2813 1124 2878 imbuti
1177 2813 1395 2877 insimulatur.
1440 2814 1491 2877 Ne
1518 2814 1592 2895 quis
1620 2813 1701 2877 haec
1729 2812 1850 2877 iniuria
1876 2833 1937 2877 nos
1964 2815 2058 2896 queri
2083 2814 2154 2879 exi-

143 2932 262 2988 essent
298 2923 396 2990 Hanc
417 2925 500 2989 milii
520 2926 622 2990 fuisse
639 2928 839 3008 propositam
861 2926 1021 2990 rationem
1042 2906 1125 2991 liber
1177 2926 1296 2999 stimet,
1319 2926 1389 3009 ipse
1411 2924 1505 2989 nobis
1529 2926 1622 2989 testis
1639 2946 1710 2989 osse
1727 2933 1829 3006 potes,
1850 2925 1925 2989 Rex
1942 2925 2151 3005 nobilissime,

143 3036 214 3116 ipse
235 3035 397 3118 loquitur,
427 3036 469 3100 ad
496 3037 678 3120 simplicem
707 3038 831 3103 scilicet
857 3038 1037 3119 rudemque
1066 3036 1123 3101 do·
1176 3058 1275 3118 quam
1303 3036 1513 3102 mendacibus
1540 3036 1714 3101 calumniis
1743 3035 1887 3118 quotidie
1914 3038 2003 3121 apud
2029 3046 2063 3101 te
2085 3048 2153 3103 tra-

143 3145 237 3212 oendi
269 3147 410 3211 formam
442 3149 652 3231 compositus.
703 3149 830 3214 Verum
863 3171 967 3232 quum
999 3150 1123 3232 pcrspi-
1177 3148 1330 3225 ducatur,
1353 3148 1439 3231 quod
1461 3169 1529 3213 non
1551 3149 1707 3212 aliorsum
1729 3156 1854 3230 spectet
1874 3149 1938 3212 nisi
1960 3160 1999 3213 ut.
2021 3149 2153 3232 regibus

143 3279 252 3324 oercm
284 3279 389 3341 usque
416 3280 454 3324 eo
477 3260 699 3343 ¹quorumdam
725 3262 950 3345 improborum
977 3262 1123 3325 furorem
1176 3282 1236 3326 sua
1257 3269 1385 3342 sceptra
1405 3283 1423 3325 e
1444 3261 1597 3325 manibus
1620 3268 1827 3343 extorqueat,
1851 3258 2043 3341 tribunalia,
2065 3261 2152 3327 iudi-

140 3369 323 3435 invaluissc
349 3371 385 3434 in
406 3392 508 3456 regno
530 3379 602 3447 tuo,
633 3379 673 3435 ut
698 3373 812 3437 nullus
835 3394 934 3438 sanae
956 3371 1122 3437 doctrinae
1176 3373 1300 3454 ciaque'
1318 3373 1429 3437 omnia
1456 3372 1664 3455 praecipitet,
1695 3372 1866 3436 subvertat
1886 3372 2018 3438 ordines
2039 3394 2152 3439 omnes

141 3481 192 3545 sit
217 3478 292 3542 istic
318 3480 422 3560 locus,
450 3484 600 3548 facturus
622 3484 706 3548 mihi
728 3504 846 3567 operae
867 3485 1010 3567 pretinm
1031 3484 1121 3549 visus
1175 3492 1209 3549 et
1225 3484 1366 3568 politius,
1389 3504 1503 3566 paoem
1521 3491 1554 3548 et
1572 3484 1714 3565 quietem
1731 3484 1844 3565 populi
1863 3483 2041 3566 perturbet,
2062 3485 2153 3569 leges

17 3670 20 3675 ,
140 3612 222 3659 sum
244 3591 273 3655 si
296 3588 408 3655 eadem
429 3614 527 3677 opera
548 3604 582 3660 et
602 3596 844 3660 institutionem
868 3597 908 3659 iis
931 3597 1059 3673 darem,
1089 3606 1122 3660 et
1175 3618 1287 3661 onmes
1320 3597 1469 3679 abroget,
1509 3593 1654 3659 dominia
1686 3603 1719 3658 et
1752 3596 1972 3676 possessiones
2006 3595 2151 3679 dissipa,

141 3703 383 3771 confessionem
409 3704 496 3786 apud
523 3714 556 3771 te
584 3708 730 3785 ederem,
765 3706 854 3772 unde
882 3707 987 3773 discas
1015 3708 1122 3790 qualis
1174 3710 1285 3773 omnia
1312 3707 1452 3789 denique
1477 3728 1609 3771 sursum
1632 3705 1786 3770 deorsum
1808 3706 1927 3771 volvat
1972 3708 2018 3771 Et
2039 3716 2152 3773 tamen

141 3816 189 3881 sit
215 3814 366 3880 doctrina
394 3814 428 3878 in
455 3835 554 3897 quam
582 3826 673 3884 tanta
707 3820 796 3884 rabie
823 3818 1044 3883 exardescunt
1071 3820 1121 3883 fu-
1173 3820 1345 3884 minimam
1362 3818 1608 3902 portiunculam
1625 3817 1728 3882 audis.
1757 3816 1934 3882 Horrenda
1951 3819 2039 3883 enim
2052 3839 2151 3901 quae-

142 3927 222 3993 riosi
247 3927 312 4005 illi,
342 3926 399 4009 qui
422 3927 509 3989 ferro
536 3938 571 3991 et
590 3930 720 4013 ignibus
744 3952 885 4014 regnum
906 3939 1001 3994 tunm
1025 3930 1121 3995 hodie
1174 3932 1249 3996 dam
1283 3933 1316 3995 iu
1352 3931 1470 4013 vulgus
1503 3938 1721 4013 spruguntur3
1755 3950 1836 4012 quae
1870 3932 1896 3994 si
1925 3952 2006 3997 vera
2032 3940 2150 4011 essent,

141 4040 288 4104 turbant.
334 4040 450 4121 Neque
475 4038 564 4102 enim
584 4040 719 4106 verebor
740 4045 852 4121 fateri,
881 4043 936 4108 hie
956 4064 1010 4107 me
1031 4064 1121 4107 sum-
1172 4044 1290 4108 merito
1317 4043 1408 4106 illam
1438 4065 1513 4107 oum
1541 4043 1610 4106 suis
1637 4041 1808 4106 autoribus
1836 4042 1926 4107 mille
1954 4043 2087 4126 ignibus
2113 4063 2151 4109 ac

141 4170 231 4213 mam
263 4151 331 4214 fere
365 4151 437 4215 cius
470 4150 575 4232 ipsius
607 4151 772 4219 doctrinae
810 4155 1017 4238 complexiun
1050 4176 1121 4219 esse
1172 4154 1324 4219 cursibus
1351 4153 1485 4237 dignam
1516 4154 1690 4218 universus
1716 4153 1862 4218 mundus
1892 4154 2022 4220 iudicet.
2068 4153 2152 4235 Quis

140 4282 241 4344 quam
268 4262 318 4325 illi
345 4283 490 4341 carcerc,
527 4263 658 4341 exsilio,
688 4268 939 4350 proscriptione,
968 4267 1120 4333 incendio
1172 4267 1238 4331 iam
1270 4267 1410 4330 miretur
1441 4264 1608 4348 publicum
1642 4265 1753 4329 odium
1785 4265 1821 4327 in
1855 4265 1945 4329 illam
1977 4284 2150 4331 accensum

141 4372 380 4451 mulctandam,
415 4396 515 4457 quam
543 4388 633 4439 terra
660 4377 806 4459 marique
835 4379 1120 4443 exterminandam
1173 4400 1257 4455 esse,
1298 4378 1355 4442 ubi
1393 4377 1607 4459 iniquissimis
1645 4377 1717 4443 istis
1754 4377 2037 4441 criminationibus
2069 4374 2151 4441 fides

139 4486 373 4550 vociferantur.
423 4486 588 4569 Equidem
622 4488 703 4563 sci0,
737 4508 836 4568 quam
869 4491 1032 4556 atrocibus
1064 4491 1119 4555 de-
1172 4490 1335 4554 babetur?
1368 4491 1422 4554 En
1445 4511 1505 4554 cur
1526 4490 1563 4551 in
1586 4496 1734 4555 nostram
1751 4489 1897 4571 ipsorum
1918 4487 2151 4569 doctrinaeque

139 4597 320 4662 lotionibus
348 4619 444 4664 aures
471 4600 684 4680 animumque
715 4608 810 4662 tuum
832 4600 1053 4682 impleverint,
1082 4613 1120 4667 ut.
1172 4612 1303 4666 nostrae
1331 4601 1576 4666 damnationem
1597 4620 1711 4665 omnes
1732 4600 1863 4664 ordines
1885 4598 2092 4664 consentiant
2113 4620 2151 4667 ac

139 4728 276 4774 causam
298 4720 445 4775 nostram
469 4710 530 4776 tibi
552 4732 652 4794 quam
674 4709 911 4775 odiosissimum
932 4712 1118 4779 redderent:
1172 4715 1368 4796 conspirent.
1419 4713 1493 4777 Hoc
1521 4714 1639 4777 affectu
1665 4711 1822 4793 correpti,
1851 4712 1907 4793 qui
1933 4710 1976 4776 ad
2004 4710 2151 4777 iudican-

140 4818 201 4884 sed
233 4818 267 4882 id
294 4820 355 4884 tibi
385 4843 444 4904 pro
474 4832 533 4888 tua
559 4823 734 4889 clementia
762 4819 1043 4904 perpendendum·
1060 4837 1118 4905 ost,
1173 4826 1251 4889 dum
1274 4824 1404 4899 sedent,
1427 4822 1627 4908 praeiudicia
1649 4844 1732 4905 quae
1755 4821 1850 4885 domo
1872 4824 2068 4904 attulerunt,
2091 4845 2151 4907 pro

140 4929 268 4996 nullam
290 4954 396 5015 neque
417 4933 454 4997 in
476 4934 581 5013 dictis,
603 4956 710 5017 neque
730 4934 768 4997 in
786 4932 881 4998 frictis
899 4935 1120 5000 innocentiam
1173 4937 1345 5001 sententiis
1375 4937 1609 5020 pronuntiant:
1645 4947 1678 4999 et
1707 4956 1742 4999 se
1768 4936 1831 4998 rite
1859 4937 2049 5019 pedunctos
2081 4937 2150 5001 suis

140 5042 225 5120 fore,
251 5042 283 5108 'si
305 5064 474 5110 accusasse
496 5047 644 5112 sufficiat.
690 5044 780 5111 Sane
808 5046 934 5129 siquis
954 5046 1120 5113 faciendae
1172 5048 1320 5131 part-ibus
1347 5055 1483 5130 putant,
1520 5049 1548 5113 si
1575 5048 1740 5111 nemiuem
1768 5047 1809 5112 ad
1837 5048 2035 5130 supplicium
2060 5046 2149 5113 trulii

139 5152 285 5218 invidiae
306 5176 412 5232 causa,
436 5154 617 5222 doctrinam
639 5156 733 5236 hanc,
758 5158 852 5225 ouius
873 5159 1038 5225 rationem
1050 5154 1120 5225 'tibi
1171 5159 1318 5235 iubeant,
1345 5160 1410 5223 nisi
1439 5172 1496 5224 aut
1517 5180 1576 5223 sua
1598 5160 1814 5235 confessione,
1842 5170 1900 5224 aut
1928 5158 2040 5223 solidis
2056 5159 2149 5225 testi-
