4672 5842
170 292 232 352 997
505 286 595 350 LIB.
618 287 678 350 IV.
724 287 787 351 DE
810 287 1046 354 EXTDRNIS
1069 288 1235 356 Munus
1258 292 1322 356 AD
1347 289 1576 358 SALUTEM.
1622 293 1720 359 ulf.
1744 294 1840 362 XVI.
2113 305 2178 367 998

168 477 326 541 1119191991
358 494 435 540 suae
467 474 668 539 institutioni
705 476 914 541 autoritatem
947 478 1142 558 conciliaret,
1194 480 1363 544 vertimus.
1410 479 1622 546 Circumcisio
1642 481 1787 564 quidem,
1811 505 1909 565 quam
1933 483 2094 568 baptismo
2117 511 2177 555 no·

168 585 228 627 suo
261 562 364 644 ipsius
392 582 525 643 corpore
551 561 660 643 ipsum
688 563 919 642 sanctificavit,
955 564 1052 647 idque
1080 587 1144 648 qua
1195 573 1264 629 stro
1286 566 1483 647 respondere
1506 576 1621 631 notum
1639 575 1696 646 est,
1715 568 1894 635 infantibus
1913 570 2077 637 destinata
2093 583 2174 640 erat

166 649 312 712 maxime
349 647 483 712 decebat
521 647 677 728 temporis
717 651 979 729 opportunitate,
1025 672 1143 733 nempe
1194 652 1325 716 Pascha
1342 672 1429 731 vero,
1452 653 1487 715 in
1509 655 1600 718 cuius
1623 655 1728 719 vicem
1750 676 1837 720 nunc
1855 677 1955 720 coena
1978 658 2086 738 subiit,
2109 683 2174 726 non

167 756 268 818 quum
297 754 391 798 suam
414 732 689 815 praedicationem
719 735 951 815 auspicaretur.
1002 736 1144 818 Denique
1196 736 1356 819 quoslibet
1377 739 1559 819 promiscuo
1581 742 1735 805 convivas
1757 741 1962 819 admittebat,
1992 744 2049 808 sod
2072 745 2176 813 abiis
2236 739 2237 742 ¹

167 820 357 898 9191191199
377 819 547 898 9911991991,
577 820 641 882 9191
663 818 852 898 baptismum
873 823 1144 905 9191999999-
1196 825 1257 887 1119
1280 822 1411 886 demum
1434 823 1592 890 edebatur
1626 826 1743 908 99119
1771 827 1842 892 eius
1864 829 2101 910 significatione
2123 852 2176 896 ro-

166 909 290 972 ordium
315 906 487 986 sumpsisse
520 906 559 969 ab
582 906 733 988 999999111
755 907 998 985 praedicatione.
1056 910 1144 990 139991
1196 931 1274 992 garo
1308 929 1366 990 per
1398 917 1537 975 99191991
1571 921 1712 994 possent.
1765 911 1802 977 Si
1830 915 1915 978 mica
1943 917 2015 980 9991
2050 916 2175 983 cerebri

166 997 196 1057 si
225 1014 344 1057 annum
372 993 560 1057 tricesimum
583 991 756 1073 praefiqere
783 993 869 1071 tibet,
899 1015 955 1057 cur
986 1015 1055 1058 anu
1082 1016 1143 1059 nou
1194 996 1266 1060 istis
1287 1002 1441 1075 restaret,
1466 1016 1508 1059 an
1531 996 1572 1061 ad
1594 1019 1665 1061 rem
1686 1020 1789 1080 usque
1812 998 1891 1063 adeo
1914 1001 2120 1083 perspicuam
2141 1011 2176 1068 et

166 1081 333 1156 observant,
355 1079 409 1142 sed
430 1079 615 1158 utquisque
636 1098 742 1141 eorum
767 1077 884 1143 iudicio
905 1081 985 1144 satis
1001 1082 1142 1162 profecit,
1195 1082 1325 1146 obviam
1346 1082 1567 1147 caecutirent?

167 1186 238 1230 eum
260 1167 302 1231 ed
324 1165 516 1246 baptismum
543 1164 723 1245 recipiunt?
769 1164 966 1244 Quinetiam
991 1166 1142 1246 Serretes,
1282 1171 1331 1231 31.
1381 1168 1519 1233 Tametsi
1544 1190 1702 1253 9999999
1732 1171 1867 1253 99999919
1899 1172 2022 1236 tectores
2044 1194 2175 1239 onerare

164 1272 250 1315 unus
277 1269 314 1315 99
340 1271 447 1315 eorum
467 1251 643 1332 magistris,
667 1269 764 1330 quum
785 1255 905 1331 tempus
928 1252 982 1316 boc
999 1255 1142 1335 pertine
1188 1253 1291 1336 pipat,
1321 1275 1402 1334 quas
1424 1259 1526 1318 tamen
1551 1255 1703 1334 Serretes,
1725 1277 1786 1320 999
1808 1257 1959 1320 minimus
1981 1259 2062 1322 inter
2083 1260 2175 1323 Arm-

164 1340 240 1402 citer
258 1337 880 1418 9999191,19991999199991999919119
902 1359 984 1402 9999
1006 1345 1144 1419 coeperat
1195 1339 1356 1420 baptistas,
1380 1341 1442 1402 imo
1460 1340 1557 1406 119199
1574 1347 1714 1407 cateruae
1731 1362 1879 1424 rnaqnum
1896 1343 1996 1421 decus,
2020 1345 2063 1407 ad
2079 1365 2173 1426 proe-

158 1424 344 1504 propbetam
378 1443 410 1487 se
442 1422 566 1486 iactare.
622 1421 722 1502 Quasi
750 1443 819 1486 uero
845 1423 994 1503 ferendus
1020 1427 1062 1488 sit
1088 1427 1142 1506 qui
1194 1426 1274 1489 tium
1300 1446 1333 1488 se
1360 1427 1538 1509 aeeinqeus,
1572 1429 1727 1507 speciosas
1762 1429 1897 1490 rationes
1926 1429 2078 1494 adducere
2111 1429 2173 1495 sibi

164 1511 300 1574 doctoris
327 1509 425 1574 locum
451 1509 487 1571 19
514 1507 640 1571 99919919
661 1508 721 1571 sibi
749 1516 884 1591 9999991,
914 1516 1080 1591 nunquam
1101 1513 1143 1576 sit
1192 1512 1281 1575 91999
1303 1516 1355 1588 991,
1376 1512 1506 1577 19991199
1527 1515 1647 1579 diluere
1668 1534 1778 1594 operae
1793 1514 1933 1593 pretium
1955 1516 2023 1578 erit.
2066 1515 2173 1581 011199-

162 1597 269 1677 ipsius
290 1594 629 1664 ecetesiaemembrum.
1194 1599 1256 1676 dit,
1287 1596 1405 1661 Christi
1432 1599 1582 1680 squibota,
1609 1605 1644 1663 91
1665 1604 1738 1664 sunt
1759 1599 1914 1680 perfecta,
1937 1601 2058 1682 9919999
2079 1603 2173 1666 etiam

251 1685 300 1745 30.
346 1679 494 1745 Tandem
516 1680 681 1759 obiiciunt,
704 1700 771 1744 non
794 1682 950 1745 maiorem
972 1703 1042 1747 esse
1065 1702 1142 1746 cau·
1190 1683 1356 1764 perfeetos,
1384 1684 1430 1746 991
1452 1686 1653 1766 perfeetionis
1678 1706 1816 1766 capaces.
1866 1685 1968 1766 Atqui
1995 1687 2106 1751 solutio
2129 1693 2173 1752 est

163 1789 234 1832 sam
258 1787 317 1831 cur
334 1767 515 1831 infantibus
537 1766 719 1847 baptismus
748 1769 1018 1847 communicetur,
1042 1790 1141 1851 quam
1194 1770 1352 1851 expedita:
1379 1771 1526 1851 baptismi
1545 1771 1776 1852 perfectionem,
1805 1791 1886 1851 quae
1908 1771 1950 1834 ad
1970 1777 2099 1835 mortem
2120 1792 2172 1837 99-

163 1874 266 1919 99999
286 1854 436 1930 Domini,
459 1872 542 1934 9999
565 1861 676 1916 191999
697 1852 762 1916 11119
785 1855 919 1918 minime
943 1854 1139 1919 conceditur.
1194 1876 1252 1934 qne
1273 1857 1463 1935 eeteriditur,
1481 1877 1649 1939 perperam
1670 1858 1819 1939 restrinqi
1841 1857 1882 1920 act
1904 1877 2003 1920 unum
2024 1859 2172 1938 temporis
2255 1913 2260 1941 ,

164 1938 268 2020 Quasi
294 1959 372 2004 vero
400 1939 563 2021 scriptura
590 1938 696 2003 latum
722 1938 827 2002 modis
854 1941 1004 2005 omnibus
1027 1941 1139 2005 (119911-
1193 1940 1368 2005 9911991999.
1417 1943 1512 2008 Addo
1541 1945 1648 2021 etiam,
1676 1945 1765 2008 stulte
1788 1944 1968 2022 primodie
1994 1943 2172 2010 innomine

162 2046 241 2088 men
258 2046 325 2089 non
343 2031 481 2089 notaret.
518 2024 600 2088 Fuit
616 2025 748 2106 quidem
765 2025 800 2088 id
822 2026 856 2089 in
878 2028 983 2089 veteri
1005 2026 1141 2107 ecclesia
1193 2029 1304 2107 quaeri
1325 2028 1544 2107 perfectionem
1564 2030 1607 2093 ad
1629 2050 1725 2110 quam
1752 2028 1926 2108 baptismus
1947 2032 2008 2091 tota
2029 2030 2095 2092 9119
2110 2049 2172 2111 per

162 2113 364 2189 factitatum,
394 2118 434 2174 ut
460 2132 501 2174 er
531 2109 698 2195 Cypriano
725 2120 759 2175 ot
780 2113 968 2195 Augustino
997 2120 1139 2193 constat;
1193 2115 1352 2178 continuos
1369 2115 1491 2195 qradus
1511 2136 1566 2179 nos
1587 2117 1709 2179 1991191.
1757 2114 1868 2178 Cbiicit
1893 2113 2013 2178 Christi
2034 2114 2171 2196 99911919

162 2197 220 2263 sed
239 2200 358 2262 merito
380 2219 451 2262 mos
472 2197 528 2261 ille
550 2194 716 2260 obsolevit.
756 2197 843 2260 Nam
866 2199 893 2262 si
914 2200 1084 2281 ingenium
1103 2221 1140 2263 ae
1193 2199 1236 2263 ad
1264 2200 1445 2263 memoriam
1480 2203 1626 2265 1119111919
1654 2221 1733 2279 esse,
1767 2205 1802 2264 ut
1835 2201 1966 2281 quisque
1999 2201 2113 2264 recolat
2138 2221 2172 2265 se

161 2285 395 2368 proprietatem
426 2283 578 2366 baptismi
600 2292 805 2365 reputamus,
827 2283 960 2366 quidam
981 2294 1068 2349 certe
1090 2292 1141 2348 est
1195 2283 1317 2349 Chr-isto
1344 2285 1445 2365 fuisse
1469 2288 1688 2367 consepultum.
1735 2286 1930 2366 Respondeo,
1960 2287 2041 2365 quod
2063 2307 2101 2350 99
2122 2306 2172 2351 aa

162 2372 198 2434 in
220 2370 388 2435 ecclesiam
416 2371 643 2454 ingressusne
673 2369 776 2434 veluti
798 2369 938 2434 initiatio
960 2391 1019 2452 per
1041 2392 1139 2453 quam
1187 2372 1254 2451 pite
1276 2391 1331 2435 999
1353 2373 1508 2452 9991199911,
1530 2373 1715 2454 refutatione
1737 2393 1799 2435 non
1820 2392 1922 2453 eqere,·
1943 2372 2006 2434 imo
2024 2373 2106 2451 quod
2128 2372 2172 2436 ad

163 2459 198 2520 in
234 2456 300 2521 Dei
337 2456 495 2539 populum
535 2475 757 2534 accensemnr;
797 2457 928 2538 signum
961 2457 1140 2540 spiritualis
1192 2456 1380 2536 baptismum
1403 2458 1513 2536 trabit,
1534 2479 1643 2524 sacrae
1665 2478 1773 2522 coenae
1794 2459 1967 2539 proprium
1988 2478 2053 2521 esse
2075 2463 2172 2522 99199-

164 2549 296 2607 9991199
323 2542 601 2625 regenerationis,
624 2562 683 2623 per
710 2563 809 2623 quam
836 2542 872 2604 19
900 2542 984 2606 filios
1003 2545 1066 2607 Dei
1089 2565 1139 2607 re·
1191 2544 1270 2606 dicut
1294 2542 1392 2607 Perdi
1413 2545 1520 2623 verba,
1550 2551 1584 2609 91
1605 2567 1637 2609 99
1665 2545 1795 2625 quisque
1816 2545 1980 2607 examinet.
2025 2542 2171 2624 1191199-

161 2629 336 2693 nascimur.
388 2626 500 2708 Quum
529 2649 547 2691 9
581 2647 737 2693 converso
772 2649 872 2692 coena
899 2627 1139 2710 grandiusculis
1191 2629 1281 2693 11999
1313 2650 1471 2710 nusquam
1504 2631 1629 2712 aliquid
1652 2630 1720 2694 1919.
1772 2628 1858 2693 Unde
1891 2626 2079 2710 9911191999,
2111 2629 2172 2694 rite

162 2714 320 2780 attributa
348 2714 405 2792 sit,
434 2714 488 2796 qui
516 2722 670 2794 superata
697 2715 861 2777 teneriore
891 2715 1046 2792 infantia,
1073 2717 1139 2778 iam
1191 2715 1361 2795 baptizari,
1387 2717 1442 2796 qui
1470 2718 1607 2781 nondum
1633 2736 1695 2798 pro
1723 2716 1834 2779 aetatis
1862 2714 1985 2778 modulo
2012 2715 2171 2781 araminis

159 2801 294 2866 ferendo
322 2802 389 2864 sint
415 2798 516 2864 solido
544 2800 624 2864 cibo.
670 2798 764 2880 Quae
793 2800 957 2863 (1191199119
980 2822 1140 2883 perquam
1191 2805 1425 2882 9991999999.
1480 2801 2171 2884 99991199199911119911,919999919919119
2207 2837 2208 2843 1

160 2888 330 2952 evidenter
346 2888 382 2949 in
400 2887 563 2969 scriptura
584 2886 836 2950 demonstratur.
873 2886 958 2949 Nam
981 2886 1048 2949 illic
1070 2885 1139 2950 Do·
1192 2886 1940 2968 9199999919119119199999991991,9119919
1956 2885 2022 2949 Dei
2043 2906 2169 2951 manere

160 2974 286 3051 minus,
311 2981 470 3054 quantum
492 2971 534 3034 ad
555 2973 756 3054 baptismum
777 2973 908 3050 attinet,
932 2973 1061 3037 nullum
1085 2995 1138 3037 ae·
1191 2993 1286 3054 super
1307 2995 1364 3052 eos,
1386 2975 1513 3055 ideoque
1533 2973 1688 3054 infantes,
1711 2973 1767 3054 991
1789 2973 1910 3036 cratere
1931 2978 2098 3051 99999991,
2122 2973 2169 3035 ia

161 3064 268 3121 tatum
298 3057 460 3139 delectum
487 3059 573 3122 facit.
619 3057 765 3122 Coenam
792 3078 870 3123 vero
897 3080 965 3122 non
987 3057 1138 3123 omnibus
1190 3078 1255 3123 cere
1277 3060 1312 3123 ia
1328 3080 1389 3122 sua
1406 3061 1622 3124 damnatione:
1643 3060 1817 3140 respondeo,
1841 3057 2001 3122 Christum
2020 3057 2085 3121 11119
2106 3078 2169 3122 999

160 3143 297 3226 perinde
329 3144 590 3226 participandam
621 3145 769 3221 exhibet,
804 3144 862 3209 sod
888 3144 928 3209 119
956 3145 1052 3208 modo
1082 3147 1138 3226 qui
1190 3146 1227 3209 de
1246 3144 1386 3228 qenerali
1414 3152 1503 3211 reatu
1530 3147 1696 3226 19991999
1719 3144 1865 3224 impliciti
1891 3148 2089 3208 9991919999
2114 3163 2169 3223 pe

162 3229 375 3294 discernendo
403 3231 528 3312 corpori
556 3252 593 3295 ac
619 3231 773 3314 sanguini
800 3231 951 3308 Domini,
982 3232 1138 3313 9919999
1191 3232 1266 3295 steri
1288 3231 1395 3309 Adae,
1424 3233 1478 3297 sed
1500 3237 1622 3296 tantum
1643 3232 1764 3295 minari
1786 3230 1938 3312 9991999111
1960 3228 2169 3310 contemptori-

160 3316 306 3399 ipsorum
333 3316 571 3381 examinandae
598 3319 828 3396 conscientiae,
858 3317 914 3398 qui
942 3317 1040 3380 morti
1069 3317 1138 3381 Do·
1190 3316 1255 3395 bus,
1279 3318 1336 3399 991
1358 3318 1491 3382 oblatam
1510 3318 1573 3381 sibi
1592 3319 1732 3400 qratiam
1753 3315 1882 3398 superbe
1903 3321 1932 3379 91
1953 3315 2169 3379 mmirmaeiter

162 3402 245 3464 mini
255 3403 509 3479 annuntiandae,
529 3404 584 3485 qui
603 3403 720 3467 virtuti
737 3404 807 3467 9199
826 3403 1059 3485 expendendae
1071 3404 1139 3468 sint
1190 3408 1346 3484 respuunt.
1391 3403 1459 3468 Hoc
1479 3425 1548 3467 uero
1570 3404 1651 3467 nibil
1673 3404 1715 3467 ad
1735 3403 1878 3483 infames
1925 3400 2028 3465 Simul
2049 3404 2169 3466 caedra·

161 3486 278 3551 idonei.
328 3488 490 3553 Volumus
522 3488 667 3571 apertius
699 3488 886 3571 quidpiam,
920 3511 1020 3571 quam
1053 3488 1139 3570 quod
1190 3490 1275 3552 rium
1296 3491 1446 3553 rationem
1468 3511 1599 3572 oppono:
1623 3509 1829 3571 quemcunque
1847 3488 1993 3551 benedicit
2014 3485 2167 3567 Christus,

163 3574 328 3654 apostolus
358 3574 459 3638 tradit
487 3574 518 3657 (l
545 3575 618 3639 Cor.
647 3580 699 3652 ll,
725 3575 796 3658 28),
831 3574 910 3638 dum
943 3575 1139 3639 exhortatur
1191 3596 1261 3638 eum
1282 3575 1322 3640 ab
1345 3576 1437 3640 Adae
1464 3577 1678 3642 nmtedietione
1706 3582 1734 3639 91
1754 3576 1808 3639 ira
1829 3575 1894 3639 Dei
1916 3574 2019 3638 enimi.
2066 3573 2168 3654 Quum

162 3669 199 3722 91
233 3679 267 3723 99
299 3660 434 3741 9919999
465 3661 575 3743 ipsum
607 3660 723 3743 probet
748 3669 844 3743 atque
874 3662 1032 3738 excutiat,
1067 3668 1138 3725 tum
1191 3682 1261 3744 erqo
1282 3661 1418 3743 infantes
1437 3663 1477 3728 ab
1498 3684 1532 3726 eo
1553 3663 1720 3727 benedictos
1742 3681 1806 3725 esse
1829 3666 1935 3724 not-um
1956 3661 2004 3736 sit,
2027 3660 2169 3739 sequitur

162 3745 861 3827 9191911199999991999119911111911
905 3747 1056 3810 Examen
1078 3748 1139 3830 igi·
1191 3768 1212 3810 a
1233 3753 1328 3811 919919
1349 3755 1503 3831 99999199
1523 3769 1595 3813 esse.
1642 3747 1739 3812 Falso
1765 3747 1876 3810 deinde
1897 3746 1969 3807 citat
1991 3744 2168 3823 99991999-

162 3839 218 3895 tur
239 3831 366 3913 praeire
388 3839 529 3912 oportet,
560 3833 646 3916 quod
671 3832 713 3896 ab
734 3833 914 3897 infantibus
936 3833 1060 3897 frustra
1082 3854 1138 3897 ex·
1191 3854 1285 3915 quam
1318 3835 1446 3918 1991199.ι
1479 3835 1624 3916 99199919
1650 3838 1744 3896 natus
1770 3836 1814 3894 991
1841 3850 1880 3892 ea
1906 3829 2038 3908 spiritu,
2066 3847 2167 3890 uocem

162 3923 336 4000 spectetur.
382 3917 481 3980 Item:
505 3920 559 4000 qui
581 3918 715 4002 indigno
737 3918 928 3998 manducat,
956 3917 1138 3984 damnatio-
1190 3921 1325 4000 spir-itus
1346 3921 1466 3986 aridire.
1502 3921 1589 4000 Quod
1611 3920 1668 3982 etsi
1689 3919 1798 3981 doinus
1817 3935 1882 3978 9999
1903 3914 2061 3992 seriptum,
2084 3913 2167 3977 uidit

162 4025 240 4067 nem
268 4002 330 4068 sibi
356 4002 532 4067 manducat
554 4013 585 4068 et
607 4005 697 4084 bibit,
716 4027 782 4069 non
806 4006 995 4070 discernens
1019 4026 1138 4088 eorpus
1190 4011 1293 4070 tomen
1320 4007 1410 4072 atiud
1439 4007 1538 4070 9119191
1564 4023 1659 4085 quam
1682 4001 1803 4082 fideles,
1834 4003 1932 4081 prout
1959 4004 2103 4090 operatur
2130 3999 2166 4063 19

162 4090 307 4153 Domini.
358 4086 395 4153 Si
423 4087 522 4172 digno
548 4090 744 4172 participare
772 4089 958 4175 nequeunt,
991 4093 1055 4156 9191
1081 4093 1137 4174 991
1191 4093 1259 4156 11119
1280 4093 1424 4172 spiritus,
1448 4092 1489 4155 ad
1511 4090 1688 4169 obsequium
1708 4087 1852 4167 formari.
1890 4083 2000 4165 Atqui,
2024 4086 2189 4167 99991119Ι

162 4177 370 4240 sanctitatem
382 4175 526 4256 corporis
538 4173 663 4240 Christi
675 4178 737 4240 rite
754 4177 956 4261 distinguere
975 4179 1136 4255 noverint,
1190 4182 1268 4242 certo
1289 4198 1416 4241 nunuro
1443 4178 1559 4240 dictum
1580 4180 1638 4252 est,
1667 4175 1710 4237 ad
1731 4192 1836 4235 omnes
1862 4191 1959 4251 aeque
1980 4172 2101 4236 trabere
2122 4172 2168 4234 oi-

162 4284 219 4324 cur
243 4282 408 4327 venenum
435 4282 495 4342 pro
523 4261 653 4326 vivifico
681 4263 836 4327 alimento
865 4264 995 4329 tenellis
1017 4266 1137 4329 nostris
1190 4265 1303 4327 tiosurn
1324 4268 1376 4326 est.
1422 4261 1535 4325 Cbiieit
1556 4266 1686 4342 quarto:
1716 4259 1793 4339 qnia
1814 4258 1976 4338 praecedit
1995 4257 2077 4339 quod
2099 4257 2168 4320 ani-

161 4347 271 4413 liberis
289 4345 518 4430 porrigamus?
549 4345 640 4427 Quid
657 4347 739 4412 illud
757 4350 895 4412 Domini
911 4357 1135 4432 praeceptum:
1189 4349 1271 4413 male
1288 4353 1342 4427 est,
1364 4347 1602 4429 exspectandum
1619 4366 1684 4411 esse
1700 4351 1822 4424 tempus
1838 4349 1998 4407 maturum
2015 4342 2167 4423 baptismo

160 4436 196 4495 19
225 4436 291 4498 9191
322 4434 664 4499 commemorationem
696 4434 842 4498 facietis?
877 4434 955 4517 quid
980 4437 1137 4515 alterum,
1191 4437 1247 4516 991
1269 4439 1313 4498 991
1335 4435 1523 4515 spiritualis
1569 4429 1969 4516 1199991999191191999
1991 4448 2094 4492 999199
2110 4446 2168 4509 po-

163 4518 248 4600 quod
275 4520 352 4585 inde
380 4519 544 4603 apostolus
573 4519 717 4583 deducit:
745 4521 872 4603 quotics
900 4541 1021 4603 panem
1050 4521 1138 4587 hunc
1190 4527 1286 4586 steros
1315 4520 1408 4584 Adae
1440 4542 1477 4584 99
1509 4541 1602 4585 earne
1633 4520 1749 4602 9991199
1776 4517 1814 4581 ab
1843 4517 1911 4600 ipso
1938 4519 2023 4579 atero
2048 4518 2169 4597 pestere

161 4605 415 4684 manducabitis,
443 4614 585 4670 mortem
611 4605 746 4669 Domini
773 4607 1010 4672 annuntiabitis
1036 4605 1138 4671 donec
1190 4627 1283 4672 suam
1311 4607 1558 4684 (damnaturum,
1585 4606 1620 4670 id
1642 4611 1743 4669 tamen
1765 4604 1884 4667 obstare
1904 4621 1979 4683 9999
2001 4600 2169 4681 quominus

162 4691 294 4754 veniat?
324 4690 444 4772 Quam,
463 4693 605 4771 obsecro,
625 4692 665 4755 ab
683 4690 1139 4774 infantibusxrecordationcm
1190 4695 1298 4757 statim
1325 4687 1499 4758 mundium
1521 4692 1610 4757 Deus
1637 4692 1756 4772 afferat.
1804 4689 1911 4769 Neque
1932 4688 2015 4751 euim
2037 4685 2169 4750 9919111191

163 4775 334 4857 exigemus
355 4779 425 4843 eiua
448 4779 505 4856 rei,
535 4800 634 4861 quam
663 4799 761 4842 sensu
783 4799 952 4860 nunquam
974 4780 1139 4861 assequuti
1193 4778 1337 4844 servem
1363 4780 1475 4861 plures
1506 4799 1606 4843 99999
1639 4778 1793 4843 divinitus
1820 4775 1921 4857 fuisse
1945 4773 2167 4853 praescriptos,

162 4859 261 4925 sunt?
280 4882 377 4942 quam
394 4865 668 4945 praedicationem
686 4864 791 4929 crucis
809 4863 943 4942 Christi,
962 4865 1053 4930 cuius
1070 4866 1139 4931 vim
1191 4885 1250 4946 quo
1277 4866 1411 4948 incipiat
1438 4864 1616 4949 spiritualis
1637 4863 1718 4927 91199
1744 4862 1872 4925 nouitas.
1920 4859 2022 4924 Paulo
2044 4857 2169 4940 quidem

163 4968 201 5012 ao
222 4945 416 5012 beneficium
436 4950 582 5017 nondum
604 4958 715 5017 mente
736 4947 1040 5032 comprehendunt?
1079 4951 1139 5016 Ni·
1192 4955 1263 5016 teste
1285 4953 1317 5037 (1
1339 4952 1414 5017 Cor.
1436 4958 1463 5031 7,
1487 4949 1550 5034 14),
1574 4951 1642 5014 11991
1663 4953 1780 5012 natura
1796 4947 1917 5030 perditi
1939 4947 2003 5009 sint
2020 4946 2075 5026 qui
2096 4963 2170 5008 999-

162 5033 210 5098 hil
238 5034 376 5097 istorum
401 5035 435 5098 in
461 5037 623 5120 baptismo
649 5036 897 5121 praescribitur3
926 5057 1026 5118 quare
1051 5039 1140 5103 inter
1190 5042 1303 5104 cuntur
1324 5059 1361 5102 99
1380 5038 1534 5117 fidelibus,
1560 5034 1795 5116 supernaturali
1815 5038 1917 5096 tamea
1937 5034 2046 5113 qratia
2066 5030 2169 5097 999911

161 5120 244 5186 11999
262 5117 325 5183 duo
343 5119 437 5202 signa
457 5123 636 5203 plurimum
658 5133 709 5190 est
730 5123 943 5201 discriminis,
972 5124 1057 5206 quod
1079 5126 1139 5189 sub
1191 5129 1273 5188 sunt.
1317 5124 1512 5206 Atteqoriam
1532 5123 1644 5188 deinde
1664 5122 1802 5202 profert,
1824 5118 1905 5201 quod
1926 5118 2037 5183 David
2057 5118 2092 5181 19
2114 5137 2168 5181 ar·

161 5206 266 5273 veteri
284 5226 411 5287 quoque
426 5214 623 5275 testamento
639 5212 674 5277 in
690 5211 853 5278 similibus
871 5209 974 5294 signis
992 5209 1139 5276 99191911-
1191 5230 1254 5276 cem
1284 5208 1363 5274 Sion
1390 5209 1605 5289 9999999199,
1633 5227 1687 5272 nec
1713 5226 1817 5272 999999
1841 5224 1896 5271 999
1917 5203 2045 5270 claudos
2064 5221 2170 5270 secum

1911 5303 1965 5362 630
