4672 5842
164 304 228 365 457
376 300 467 367 LIB
489 301 552 367 111.
597 302 661 367 DE
684 300 820 368 MODO
841 301 1406 370 PEROIPIENDAEOHRISTI
1428 306 1647 375 GRAHAE.
1692 307 1792 374 CAP.
1815 307 1879 374 111.
1903 309 1964 374 lv.
2107 312 2175 374 458

165 491 366 556 commisisse
386 498 462 569 ete,
494 490 644 573 quamvis
666 511 722 555 ore
744 513 812 555 non
833 493 1041 570 confiteatur,
1063 513 1144 574 quo·
1197 493 1299 575 maqis
1321 498 1421 557 cacat.
1465 495 1554 561 Haec
1579 498 1661 562 enim
1683 504 1728 564 est
1747 519 1809 562 nan
1825 496 2012 579 poenitenda
2035 499 2175 578 tristitia,

166 577 263 642 modo
291 587 385 641 suam
413 579 622 660 partitionem
654 577 856 641 tuebuntur?
898 569 945 642 Bi
973 578 1060 642 enim
1090 578 1145 642 ille
1197 599 1277 658 qaae
1292 580 1513 660 pomitadiam
1533 584 1634 667 pionii
1656 585 1691 648 in
1712 585 1857 663 salntem,
1885 585 1939 648 sed
1963 583 2017 647 abi
2039 586 2176 666 eripitur

166 685 243 728 vere
283 666 453 745 poenitens
493 684 561 728 non
600 665 792 740 confitetur,
832 664 1034 745 poenitentia
1073 665 1144 729 sine
1197 665 1312 729 doloris
1334 667 1498 746 acerbitas
1526 690 1606 749 qnae
1627 671 1736 750 cnlpae
1757 670 1970 753 mapnitndini
1992 671 2176 749 remandent

134 750 598 833 ’006166610666666606661Ι
639 748 737 830 Quod
759 750 787 813 61
809 749 1036 831 respondeant,
1059 750 1145 815 bane
1197 756 1225 814 et
1244 771 1322 831 qaae
1344 753 1379 815 in
1399 755 1520 819 trutina
1538 757 1734 837 appendatur
1755 777 1824 820 cam
1840 756 1958 836 {idacio
1976 758 2099 821 reniae:
2122 756 2175 821 hie

164 835 376 918 partitionem
416 834 457 898 ad
490 837 723 919 poenitentiam
757 836 871 899 referri
903 845 1062 917 quatenus
1096 844 1146 900 est
1197 859 1275 901 vero
1298 839 1435 902 miserae
1457 842 1674 905 conscientiae
1691 842 1785 906 miris
1803 841 1908 906 modis
1927 850 2120 924 torquentur
2142 849 2176 905 et

166 929 421 999 sacramentum,
456 923 508 985 vel
538 922 577 985 (16
604 930 672 986 tota
699 923 917 1003 poeniteutiae
946 922 1144 1003 perfectione
1198 924 1426 1006 exagitantur,
1455 925 1535 988 dum
1562 928 1625 992 sibi
1653 927 1795 991 debitam
1825 935 2030 1010 pennatorum
2054 927 2174 992 contri-

165 1007 320 1091 intelligi,
354 1029 452 1090 quam
481 1009 548 1072 suis
577 1006 1144 1106 (1611611106111666060016616166-
1197 1011 1320 1073 tionem
1342 1011 1464 1093 imponi
1486 1011 1614 1090 vident,
1638 1036 1698 1078 nec
1721 1024 1940 1096 assequuntur
1961 1013 2060 1077 debiti
2082 1036 2175 1079 men-

164 1094 256 1171 dunt,
280 1113 348 1156 non
370 1105 421 1158 est
442 1092 529 1158 unde
550 1115 695 1159 accuser:
727 1095 788 1158 slbl
809 1114 872 1175 1ps1
893 1101 1065 1175 nnputent,
1088 1094 1161 1176 qui·
1198 1117 1324 1171 suram,
1354 1106 1390 1160 ut
1417 1118 1527 1161 secum
1557 1098 1731 1164 decernere
1754 1100 1894 1181 possint,
1924 1121 1958 1164 se
1981 1099 2175 1181 persolvisse

164 1200 233 1243 non
261 1181 375 1262 purius
405 1201 442 1244 ae
472 1179 644 1245 dilucidius
667 1180 836 1253 definiunt.
881 1181 954 1262 Ego
976 1188 1064 1244 certe
1086 1201 1145 1261 pro
1198 1181 1284 1264 qued
1302 1181 1470 1247 debebant.
1507 1181 1544 1247 si
1563 1183 1707 1249 dixerint
1723 1185 1908 1250 faciendum
1927 1185 2011 1266 quod
2029 1187 2065 1249 in
2082 1187 2175 1250 nobis

163 1287 239 1329 mea
266 1266 425 1343 crassitie,
460 1287 561 1347 quum
595 1265 634 1330 (16
667 1287 703 1329 re
731 1266 840 1347 aliqua
868 1266 1069 1347 disputatur,
1103 1265 1145 1329 ad
1198 1277 1256 1344 est,
1280 1267 1391 1332 codem
1415 1290 1543 1350 semper
1560 1272 1768 1335 revolvimur.
1804 1270 1946 1351 Quando
1969 1272 2175 1336 061166666-

163 1352 270 1434 ipsam
304 1351 528 1415 definitionem
561 1353 670 1415 omnia
698 1352 822 1429 refero,
854 1372 937 1433 quae
965 1363 1015 1414 est
1045 1351 1145 1415 totius
1198 1353 1246 1416 bit
1268 1354 1327 1418 sibi
1351 1355 1541 1436 promittere
1563 1357 1733 1438 quispiam,
1759 1363 1871 1420 omne‘s
1894 1379 1929 1421 se
1950 1357 2038 1421 vires
2060 1366 2175 1422 contu·

165 1437 396 1518 disputationis
424 1437 521 1502 carde
547 1459 584 1502 ae
610 1436 870 1502 fundamentum.
921 1435 989 1501 Sed
1017 1438 1059 1501 sit
1088 1437 1145 1501 illa
1198 1439 1272 1504 lisso
1296 1439 1337 1504 ad
1359 1439 1502 1523 lugenda
1523 1442 1675 1523 peccata?
1708 1443 1773 1507 Ubi
1796 1464 1873 1526 ergo
1896 1443 1952 1506 diu
1975 1465 2084 1507 secum
2106 1445 2175 1508 luc·

164 1523 366 1606 magistralis
395 1522 542 1602 licentia,
572 1525 638 1587 iam
659 1533 768 1604 partes
790 1523 877 1605 ipsas
900 1523 1013 1586 ordine
1035 1524 1144 1605 perlu-
1197 1533 1299 1603 tatae,
1328 1534 1362 1590 et
1382 1527 1490 1608 longis
1513 1527 1745 1592 certaminibus
1768 1529 1928 1592 exercitae
1949 1531 2173 1609 conscientiae,

165 1618 317 1673 stremua
352 1609 440 1690 Quod
456 1609 612 1692 nealectim
631 1611 724 1691 qnasi
744 1610 861 1690 frivola
883 1609 1045 1672 transsilio
1067 1630 1145 1689 qnae
1197 1621 1326 1692 portum
1349 1612 1481 1675 tandem
1504 1614 1537 1675 in
1561 1635 1625 1694 quo
1647 1613 1813 1677 resideant
1835 1637 1900 1678 non
1924 1616 2113 1691 inveniunt,
2138 1623 2175 1679 ut

162 1696 231 1776 ipsi
251 1696 343 1778 praei
363 1697 532 1775 sapaciiio
548 1718 610 1776 pro
628 1695 964 1777 mysteriisveratitant,
988 1696 1145 1776 nantario
1197 1719 1231 1760 66
1254 1698 1362 1779 aliqua
1384 1697 1500 1761 saltem
1524 1709 1615 1781 parte
1635 1699 1775 1778 leniant,
1799 1699 1943 1763 dolorem
1967 1722 1986 1763 a
2008 1723 2043 1764 66
2066 1712 2174 1764 extor-

163 1781 301 1845 inscitia.
339 1782 448 1862 Neque
469 1783 552 1845 enirn
574 1782 652 1845 milri
675 1781 764 1846 oalde
786 1781 974 1845 laboriosnm
995 1786 1073 1845 essct
1094 1801 1145 1844 ea·
1181 1793 1312 1864 quent,
1336 1792 1370 1846 et
1383 1784 1555 1869 lacrymas
1572 1787 1775 1867 exprimunt,
1799 1786 1916 1868 quibus
1939 1807 2031 1850 suam
2054 1787 2175 1851 contri-

163 1873 265 1931 cntere
293 1888 492 1949 quaecunque
516 1873 624 1949 arante
651 1874 678 1931 et
699 1868 856 1932 subtiliter
877 1867 942 1947 ipsi
965 1868 1145 1930 scistimant
1196 1870 1318 1933 tionem
1340 1872 1519 1951 perficiant.

164 1975 186 2017 a
208 1974 241 2016 se
262 1954 437 2033 disputari,¹
465 1954 520 2017 sed
547 1954 626 2016 mitri
647 1955 755 2036 retiam
777 1958 853 2017 esset
872 1953 1008 2034 fatipare
1029 1952 1146 2016 talilms

164 2040 293 2120 ineptiis
315 2039 439 2103 tectores
461 2040 574 2119 absque
594 2039 708 2120 fracta.
755 2038 842 2103 Certe
861 2039 899 2102 de
920 2038 1011 2102 redas
1032 2039 1146 2121 ipnotis

163 2145 214 2188 eos
241 2127 368 2206 sarrire
395 2146 434 2189 ea
463 2125 696 2207 narrationibus
722 2145 802 2204 qaas
822 2129 941 2188 moi-ent
967 2130 995 2188 et
1016 2126 1144 2207 naitant,

164 2216 192 2274 et
214 2212 328 2291 quibas
346 2212 458 2275 nrisere
475 2232 508 2275 se
524 2212 707 2291 impediant,
730 2211 855 2292 aconita
868 2211 963 2292 facite
979 2215 1033 2274 cst.
1064 2212 1145 2290 Qua

165 2296 208 2359 tis
229 2297 287 2360 itta
309 2303 367 2375 est,
396 2318 439 2360 an
466 2299 564 2360 aveins
580 2298 700 2377 peremi
714 2296 906 2378 poenitentia
927 2295 994 2360 Deo
1010 2296 1143 2377 placeat,

1284 2009 1312 2070 3.
1364 2004 1461 2086 Quod
1493 2009 1520 2071 si
1553 2029 1605 2071 me
1639 2008 1832 2072 calumniari
1866 2010 1973 2085 aiunt,
2014 2009 2175 2091 prodeant

1197 2113 1291 2170 sane,
1321 2100 1354 2156 et
1381 2115 1484 2156 unum
1514 2093 1657 2175 aliquem
1680 2093 1871 2171 ostendant,
1904 2096 1961 2177 qui
1989 2095 2176 2159 huiusmodi

1197 2179 1402 2242 contritionis
1431 2179 1580 2244 doctrina
1608 2179 1660 2245 vel
1689 2202 1754 2244 non
1783 2182 1825 2243 sit
1852 2181 1892 2244 ad
1914 2181 2175 2263 desperationem

1198 2263 1348 2342 adactus,
1376 2264 1430 2328 vel
1457 2265 1698 2329 simulationem
1726 2265 1844 2331 doloris
1867 2266 1984 2331 iudicio
2007 2266 2086 2344 Dei,
2115 2288 2175 2349 pro

164 2382 220 2445 atri
243 2384 278 2445 in
300 2383 376 2447 aliis
397 2384 493 2447 durat
514 2384 685 2447 obstinatio.
722 2381 809 2460 Itoni,
832 2403 874 2445 an
890 2402 1009 2464 poenae
1030 2383 1145 2446 divini-

166 2473 218 2531 tas
240 2469 373 2546 tristiciae
395 2471 438 2534 ad
459 2470 701 2550 satisfactionem
723 2469 853 2532 natea-nt.
898 2467 991 2545 Itan,
1013 2489 1055 2530 an
1076 2489 1144 2532 sae-

160 2556 242 2636 pias
263 2555 374 2618 iterari
394 2557 498 2637 possit
520 2577 582 2636 pro
604 2555 788 2619 mortalitas
803 2556 949 2634 peccatis.
1000 2553 1060 2619 Ubi
1081 2559 1145 2617 tar-

157 2642 245 2722 pne
265 2645 294 2705 et
314 2643 410 2723 impie
431 2641 584 2722 definiant
601 2662 661 2705 rna
678 2642 743 2704 nisi
763 2642 801 2705 de
818 2639 991 2703 veniatilrns
1007 2641 1145 2721 peccatis

161 2728 297 2806 qnotidie
314 2729 367 2810 aqi
383 2730 611 2809 porroitentiam.
644 2727 800 2791 Similiter
815 2745 920 2790 crasso
937 2746 1038 2789 errore
1056 2726 1162 2799 vaide,

161 2832 195 2877 se
223 2818 361 2893 torqnent
386 2814 522 2878 indicto
545 2813 746 2895 Hieronymi,
773 2813 993 2893 poenitentiam
1016 2832 1080 2875 esse
1100 2833 1144 2876 se-

165 2900 299 2964 candam
328 2899 466 2964 talaiam
488 2905 562 2983 post
582 2900 796 2981 naufraqinm.
841 2897 885 2961 In
907 2918 965 2978 qno
985 2900 1145 2963 ostendant

164 3005 197 3048 se
218 3006 381 3066 nunqnam
402 3008 423 3049 a
445 2987 532 3050 brata
553 2992 677 3066 stupore
698 2986 869 3069 eaipiicsse,
891 2989 926 3048 nt
944 2983 1144 3048 millesimam

162 3071 312 3136 citiorum
333 3093 462 3136 suoram
478 3079 605 3154 partem
626 3072 672 3136 oet
688 3071 800 3153 procat
821 3070 976 3134 sentirent.

250 3162 277 3222 2.
323 3158 434 3222 Velim
463 3168 572 3222 autem
602 3157 868 3222 animadvertant
895 3156 1048 3234 lectores,
1076 3177 1143 3219 non

163 3243 216 3309 hie
245 3243 284 3308 de
314 3245 398 3308 asini
423 3245 541 3310 umbra
567 3246 676 3309 rixam
704 3264 790 3320 esse,
824 3241 881 3306 sed
903 3262 974 3305 rem
996 3243 1142 3305 omnium

161 3331 307 3393 maxime
329 3331 448 3394 seriam
471 3331 619 3394 tractari:
649 3350 767 3412 nempe
797 3328 837 3393 de
862 3336 1070 3411 peecatorum
1092 3350 1144 3392 re-

160 3416 328 3478 missione.
374 3414 486 3494 Quum
514 3417 602 3480 enim
630 3416 695 3479 tria
717 3415 757 3479 ad
780 3415 1014 3498 poenitentiam
1036 3414 1144 3496 requi-

163 3506 252 3576 runt,
277 3503 556 3581 compunctionem
577 3501 692 3579 cordis,
715 3501 782 3565 oris
799 3501 1044 3579 confessionem,
1068 3521 1144 3583 ope-

162 3586 210 3649 ris
228 3584 491 3663 satisfactionem,
514 3588 612 3651 simul
630 3587 671 3652 ad
684 3586 923 3669 impetrandam
935 3596 1144 3669 peccatorum

162 3671 391 3736 remissionem
413 3674 598 3737 neccssaria
619 3695 689 3738 esse
711 3673 838 3738 docent.
873 3670 912 3737 Si
934 3673 1012 3754 quid
1034 3681 1144 3736 erstem

162 3759 200 3822 in
222 3766 291 3820 tota
313 3757 470 3840 religione
491 3759 574 3824 seire
596 3767 709 3824 nostro
730 3760 844 3836 refert,
872 3758 905 3825 id
935 3768 1022 3823 certe
1044 3760 1145 3823 refert

163 3845 322 3921 maxime,
357 3865 474 3925 nempe
506 3844 689 3927 intelligere
722 3867 760 3910 ac
788 3845 889 3929 probe
915 3853 1045 3923 tenere,
1079 3866 1144 3927 qua

164 3930 299 4005 ratione,
323 3950 388 4011 qua
411 3930 492 4012 lege,
515 3951 579 4013 qua
601 3930 796 4010 conditione,
820 3952 886 4014 qua
907 3931 1063 3996 facilitate
1087 3939 1144 3995 aut

164 4014 356 4081 difficultate
389 4015 576 4081 obtineatur
608 4027 816 4099 pcccatorum
848 4018 1005 4082 remissio.
1049 4017 1143 4082 Haec

163 4102 282 4166 notitia
304 4102 368 4166 nisi
390 4104 562 4185 perspicua
584 4110 736 4186 certaque
758 4110 901 4181 constat,
925 4104 1051 4168 nullam
1074 4125 1143 4167 om·

162 4189 241 4251 nino
264 4189 419 4269 requiem,
442 4190 569 4253 nullam
585 4210 662 4253 eum
678 4189 751 4253 Deo
765 4211 889 4272 pacem,
912 4190 1040 4254 nullam
1057 4188 1143 4253 fidu·

163 4274 247 4339 ciam
270 4287 328 4338 aut
350 4275 559 4340 securitatem
581 4275 702 4339 habere
723 4283 831 4357 potest
851 4276 1062 4355 conscientia3
1086 4274 1143 4338 sed

163 4359 293 4424 assidue
312 4360 672 4444 trepidatpfluc'tuatur,
696 4369 831 4439 aestuat,
854 4362 1028 4440 cruciatur,
1052 4361 1142 4426 dive·
1220 4415 1226 4427 .

163 4453 273 4522 xatur,
296 4446 417 4519 horret,
440 4446 509 4511 odit
531 4468 568 4513 ae
591 4446 676 4530 fugit
698 4453 907 4528 conspectum
928 4447 1001 4511 Dei.
1046 4446 1143 4526 Quod

163 4532 191 4596 si
215 4533 254 4596 ab
278 4530 330 4596 his
352 4533 591 4599 conditionibus
619 4531 741 4616 pendet
766 4542 973 4616 peccatorum
995 4533 1143 4597 remissio

163 4618 281 4700 quibus
310 4639 382 4683 eam
410 4620 473 4703 ipsi
495 4619 648 4704 alligant,
677 4617 761 4683 nihil
788 4618 883 4682 nobis
904 4619 1056 4683 miserius
1083 4640 1143 4684 nea

164 4702 370 4786 deploratins.
402 4704 650 4784 Contritionem,
670 4705 811 4788 primam
822 4703 1017 4769 obtinendae
1027 4706 1143 4770 veniae

163 4798 292 4870 partem
320 4791 458 4871 faciunt,
488 4813 626 4874 eamque
653 4790 796 4856 debitam
823 4789 975 4874 exigunt,
1003 4790 1065 4856 hoe
1093 4798 1144 4856 est

163 4875 285 4939 iustam
296 4886 329 4941 et
342 4877 488 4959 plenam,
506 4878 563 4944 sed
575 4879 708 4944 interim
720 4899 788 4942 non
800 4877 1005 4943 constituunt
1014 4877 1143 4960 quando

1197 2371 1274 2414 vero
1288 2349 1406 2427 dolore,
1424 2372 1491 2414 non
1506 2352 1701 2433 opposuerit.
1730 2351 1884 2416 Diximus
1907 2364 2012 2417 etuas
2034 2353 2175 2434 quodam

1196 2436 1273 2513 loco,
1297 2457 1468 2518 nunquam
1488 2437 1559 2501 sine
1576 2439 1777 2519 poenitentia
1795 2437 1948 2502 obvenire
1969 2451 2175 2521 peccatorum

1197 2523 1436 2600 remissionem,
1459 2523 1546 2604 quod
1567 2524 1650 2587 nulli
1673 2525 1735 2588 nisi
1759 2525 1886 2601 afflicti,
1915 2535 1948 2588 ot
1968 2535 2176 2608 peccatorum

1197 2608 1393 2673 conscientia
1414 2608 1594 2686 vulnerati,
1623 2609 1687 2673 Dei
1715 2610 1970 2674 misericordiam
1999 2612 2175 2693 implorare

1197 2695 1321 2759 sineere
1350 2702 1503 2776 possunt,
1529 2695 1586 2759 sed
1608 2695 1706 2759 simul
1729 2695 1914 2773 adiecimus
1937 2698 2175 2778 poenitentiam

1197 2802 1263 2845 non
1285 2802 1355 2845 esse
1372 2802 1505 2845 causam
1523 2782 1722 2846 remissionis
1735 2790 1953 2863 peecatorum.
1988 2783 2051 2847 Illa
2064 2795 2174 2848 autem

1197 2868 1381 2930 animarum
1409 2875 1574 2930 tormenta
1601 2868 1807 2946 sustulimus,
1840 2868 1927 2950 quod
1949 2867 2058 2932 debita
2080 2891 2174 2951 prae-

1196 2952 1314 3017 stando
1326 2954 1376 3016 sit
1406 2953 1617 3017 Peccatorem
1634 2952 1806 3018 docuimus
1828 2976 1895 3018 non
1911 2955 1947 3017 in
1970 2976 2064 3019 suam
2086 2977 2174 3020 eom-

1195 3040 1421 3121 punctionem,
1455 3059 1560 3120 neque
1586 3039 1623 3101 in
1650 3061 1727 3103 suas
1757 3040 1921 3122 lacrymas
1947 3040 2082 3117 intueri,
2117 3040 2175 3105 sed

1196 3133 1374 3206 utrumque
1404 3125 1533 3190 oculum
1562 3125 1597 3187 in
1625 3125 1729 3189 solam
1757 3125 1891 3189 Domini
1917 3127 2176 3192 misericordiam

1197 3210 1346 3292 defigere.
1398 3212 1541 3274 Tantum
1574 3209 1820 3288 admonuimus,
1852 3213 1963 3276 vocari
1992 3231 2012 3275 a
2041 3211 2174 3277 Christo

1194 3295 1381 3360 laborantes
1404 3306 1437 3361 et
1459 3303 1626 3372 oneratos,
1652 3296 1781 3378 quando
1802 3299 1921 3362 missus
1945 3298 1988 3362 sit
2010 3297 2051 3361 ad
2074 3320 2174 3362 evan·

1196 3381 1403 3466 gelizandum
1415 3383 1622 3464 pauperibus,
1642 3381 1684 3446 ad
1698 3383 1881 3447 sanandum
1899 3385 2054 3448 contritos
2068 3382 2173 3462 eorde,

1196 3467 1450 3550 praedicandum
1483 3469 1620 3533 sativis
1652 3469 1892 3545 remissionem,
1926 3489 1964 3534 aa
1991 3468 2175 3536 educendos

1196 3554 1331 3630 vinctos,
1355 3491 1568 3618 consolandis
1587 3554 1889 3638 lugentes,(Matth.
1914 3560 1961 3634 ll,
1982 3562 2009 3619 5.
2032 3559 2088 3634 28;
2111 3556 2175 3621 Ies.

1198 3643 1247 3718 61,
1271 3640 1530 3723 l;Lue.4,18).
1566 3638 1639 3720 Quo
1663 3641 1916 3705 excluderentur
1938 3650 1972 3705 et
1993 3642 2174 3721 Pharisaei,

1195 3726 1251 3807 qui
1274 3748 1334 3790 sua
1350 3726 1477 3790 iustitia
1494 3726 1599 3790 saturi
1616 3738 1845 3808 paupertatem
1862 3749 1955 3791 suam
1972 3749 2038 3791 non
2057 3749 2175 3810 agnos-

1196 3820 1284 3888 cunt,
1308 3821 1342 3875 et
1363 3821 1614 3894 contemptores,
1637 3814 1693 3895 qui
1714 3815 1818 3878 securi
1837 3815 1905 3876 irae
1925 3814 1989 3876 Dei
2006 3813 2093 3876 malo
2115 3834 2174 3877 suo

1195 3897 1375 3962 remedium
1398 3920 1465 3962 non
1487 3907 1657 3980 quaerunt.
1693 3899 1790 3962 Tales
1815 3900 1903 3962 enim
1925 3919 1991 3961 non
2013 3897 2172 3978 laborant,

1196 4005 1257 4048 nee
1278 3986 1405 4048 onerati
1428 3992 1514 4061 sunt,
1538 4005 1599 4050 nec
1617 3984 1750 4048 conniti
1768 3983 1874 4061 corde,
1898 4004 1959 4048 nee
1977 3985 2089 4064 vincti,
2112 4006 2173 4051 nee

1196 4071 1326 4153 captivi.
1378 4071 1521 4137 Multum
1555 4090 1635 4134 vere
1667 4070 1808 4133 interest
1841 4068 2000 4134 doceasne
2034 4072 2174 4135 emereri

1195 4165 1404 4239 peccatorum
1432 4157 1656 4221 remissionem
1684 4155 1772 4219 iusta
1799 4165 1832 4218 et
1857 4156 1957 4238 plena
1977 4159 2174 4222 contritione

1196 4243 1277 4325 (qua
1298 4263 1470 4326 nunquam
1488 4241 1621 4324 defringi
1638 4241 1742 4323 possit
1759 4245 1934 4323 peccator),
1959 4265 2003 4307 an
2025 4264 2100 4306 eum
2122 4245 2173 4306 in-

1196 4329 1314 4393 stituas
1343 4329 1384 4393 ad
1413 4326 1621 4392 esuriendam
1651 4335 1685 4390 et
1707 4327 1883 4391 sitiendam
1905 4329 1970 4392 Dei
1990 4328 2173 4391 misericor·

1196 4414 1298 4492 diam,
1337 4435 1401 4496 quo
1432 4435 1491 4496 per
1523 4414 1675 4479 miseriae
1708 4433 1785 4478 suae
1819 4413 2035 4497 agnitionem,
2076 4434 2174 4477 suum

1196 4510 1333 4580 aestum,
1354 4500 1591 4577 lassitudinem,
1616 4499 1839 4582 captivitatem
1861 4498 1909 4562 illi
1931 4497 2094 4576 ostendas,
2117 4499 2174 4563 ubi

1196 4607 1353 4670 quaerere
1380 4588 1601 4670 refrigerium,
1636 4587 1798 4668 requiem,
1828 4583 2014 4649 libertatem
2042 4583 2173 4664 debeat;

1195 4672 1289 4736 illurn
1318 4672 1458 4755 denique
1486 4671 1601 4738 doceas
1629 4673 1666 4735 in
1694 4694 1753 4736 sua
1779 4670 1965 4735 bumilitate
1994 4669 2072 4734 dare
2100 4671 2173 4735 Deo

1195 4759 1341 4843 gloriam.

1281 4883 1310 4943 4.
1355 4880 1408 4944 De
1437 4879 1640 4943 confessione
1668 4898 1797 4959 semper
1824 4878 1942 4961 ingens
1969 4876 2032 4943 fuit
2059 4898 2174 4962 pugna

164 4981 298 5026 secums
332 4963 450 5046 aliquis
478 4986 549 5030 esse
578 4967 693 5048 possit,
728 4985 764 5029 se
792 4964 855 5029 hac
881 4963 1075 5028 contritione
1102 4963 1144 5028 ad
1195 4965 1284 5030 inter
1304 4965 1491 5031 canonistas
1519 4972 1553 5028 et
1574 4964 1743 5048 theologos
1765 4963 1989 5043 scholasticam
2016 4963 2069 5028 his
2096 4985 2173 5029 eon·

163 5046 286 5111 iustum
309 5049 442 5113 modum
466 5050 655 5115 defirnctum
680 5071 760 5116 esse.
805 5048 962 5133 Equidem
987 5049 1146 5115 sarton
1195 5049 1406 5117 tendentibus
1426 5049 1576 5114 mandari
1597 5049 1709 5115 divino
1727 5058 1899 5134 praecepto
1923 5049 2174 5131 confessionem
2252 5094 2260 5105 ι

163 5135 279 5199 acriter
303 5136 489 5200 instandum
515 5157 581 5203 esse
606 5136 724 5219 fatam,
751 5139 785 5200 nt
812 5137 943 5219 qrrisqne
962 5155 1071 5202 amare
1095 5137 1145 5201 de·
1195 5136 1261 5202 illis
1282 5135 1553 5216 reclamantibus,
1580 5135 1807 5203 ecelesiasticis
1829 5137 1993 5202 duntaxat
2013 5139 2173 5202 eonstitu-

114 5300 122 5305 ,
157 5220 341 5299 1166106600
355 5227 483 5303 persam
504 5243 536 5288 sc
557 5222 600 5289 ad
616 5243 723 5288 eornm
738 5222 969 5307 displicentiam
989 5228 1018 5288 et
1038 5221 1146 5290 odiam
1195 5224 1340 5291 tionibus
1372 5224 1525 5308 praecipi.
1570 5223 1613 5288 In
1646 5243 1684 5289 eo
1715 5244 1794 5290 vero
1826 5223 2005 5290 certamine
2033 5223 2173 5307 insignis
