4672 5842
162 314 224 376 821
518 311 609 378 LIB.
632 314 693 378 IV.
738 314 802 378 DE
826 313 1063 380 axraauls
1086 313 1253 383 nunus
1276 315 1342 380 AD
1365 315 1598 381 SALUTEM.
1644 315 1743 382 OAP.
1764 318 1827 388 VI.
2121 333 2183 393 822

162 501 368 584 episcopatus
390 501 506 583 partiri
528 508 665 583 oportet
711 499 751 566 Si
777 501 834 566 diu
856 502 1054 568 Antiochiae
1074 524 1144 568 mo·
1197 503 1249 581 sit,
1269 503 1346 580 imo,
1370 510 1410 566 ut
1431 502 1566 584 spiritus
1589 505 1695 570 sancti
1717 504 1880 571 ordinatio
1900 510 1997 574 firma
2017 514 2104 594 apud
2123 538 2184 584 nos

161 594 256 652 ratus
282 593 348 664 est,
377 607 445 651 non
466 587 575 668 potuit
596 587 722 651 Romae
749 587 879 666 sedere,
907 589 972 654 nisi
993 609 1053 671 per
1075 589 1145 653 exi·
1197 588 1372 667 habeatur,
1400 589 1437 652 11
1463 587 1561 656 Pauli
1589 590 1807 672 apostolatum
1834 594 1940 677 magis
1969 618 2069 678 quam
2090 601 2184 668 Petri

160 694 265 757 guum
292 682 433 754 tempus.
478 671 576 752 Quod
604 673 714 754 ipsum
736 672 855 738 clarius
883 673 991 738 adhuc
1012 672 1145 739 demon·
1198 675 1359 755 respicere
1381 695 1442 738 nos
1464 676 1633 753 convenit,
1664 675 1824 758 siquidem
1853 680 1900 744 ita
1921 681 2008 746 inter
2030 705 2085 749 eos
2106 708 2183 769 pro-

160 765 267 825 strare
294 759 378 822 licet
430 757 571 840 Scripsit
601 759 728 825 Paulus
754 759 914 825 Romanis
948 781 990 824 ex
1016 760 1144 839 itinere,
1198 761 1322 828 vincias
1346 758 1458 825 divisit
1486 760 1620 842 spiritus
1649 770 1796 842 sanctus,
1820 773 1859 828 ut
1880 766 2018 832 Petrum
2040 769 2182 853 Iudaeis,

160 866 263 928 quum
281 844 547 928 Hierosolymam
568 845 843 928 proficisceretur,
867 847 920 911 ubi
944 853 1059 928 captus
1081 847 1146 911 fuit
1198 845 1292 911 nobis
1319 846 1464 912 Paulum
1491 845 1680 912 destinaret.
1733 849 1831 914 Nunc
1859 852 1968 934 itaque
1996 877 2094 922 suum
2115 860 2182 939 pri.

162 939 196 996 et
216 931 357 996 Romam
375 930 547 1007 adductus.
583 931 771 996 Verisimile
791 953 869 1014 ergo
892 937 950 1010 est,
973 932 1145 1014 epistolam
1198 941 1326 996 matum
1353 932 1430 997 alibi
1457 940 1617 1013 quaerant
1645 933 1869 1001 Romanenses
1896 959 1996 1019 quam
2022 942 2058 1005 in
2081 944 2182 1009 verbo

161 1019 249 1083 hanc
269 1016 481 1098 quadriennio
503 1023 580 1080 ante
610 1018 767 1098 scriptam
789 1038 860 1082 esse
883 1038 981 1100 quam
1003 1019 1145 1082 Romam
1198 1017 1273 1097 Dei,
1296 1019 1353 1083 ubi
1375 1018 1510 1082 minime
1531 1017 1688 1083 fundatus
1708 1020 1886 1087 invenitur.

161 1104 297 1170 veniret
342 1102 416 1166 Illic
442 1102 534 1167 nulla
561 1101 670 1185 adhuc
691 1104 785 1168 Petri
807 1104 944 1168 mentio:
979 1124 1061 1185 quae
1083 1105 1145 1168 mi-
1288 1109 1335 1168 16.
1380 1104 1564 1167 Veniamus
1588 1126 1676 1169 nunc
1698 1105 1740 1170 ad
1768 1107 1938 1173 ecclesiam
1961 1118 2121 1191 veterem,
2145 1125 2182 1180 ut

162 1191 251 1255 nime
285 1187 466 1253 omittenda
498 1196 582 1266 erat,
617 1190 645 1253 si
672 1189 842 1254 ecclesiam
870 1189 962 1253 illam
996 1191 1143 1255 rexisset
1197 1190 1308 1273 palam
1330 1211 1456 1272 quoque
1479 1192 1552 1268 fiat,
1575 1191 1645 1255 eius
1667 1192 1825 1274 suffragio
1842 1216 1909 1258 111
1930 1196 2040 1262 minus
2057 1206 2181 1265 temere

163 1275 256 1356 Qum
277 1275 376 1339 etiam
397 1275 432 1337 in
453 1276 528 1353 fine,
552 1274 630 1338 dum
652 1275 789 1358 longum
810 1276 940 1356 piorum
959 1275 1145 1358 catalogum
1198 1283 1233 1341 11
1257 1276 1339 1341 falso
1366 1273 1535 1356 superbire
1562 1284 1692 1343 nostros
1714 1277 1933 1358 adversarios,
1961 1303 2061 1363 quam
2089 1287 2180 1350 testi-

163 1362 279 1426 recitat
301 1381 382 1442 quos
414 1360 551 1426 salutari
584 1360 689 1439 iubet,
718 1362 775 1426 ubi
803 1360 928 1426 scilicet
949 1381 1062 1426 omnes
1084 1361 1145 1425 sibi
1198 1363 1306 1427 monio
1328 1361 1421 1427 verbi
1442 1361 1516 1425 Dei.
1561 1360 1673 1441 Quum
1695 1363 1807 1445 itaque
1828 1385 1926 1429 suum
1946 1367 2028 1431 illud
2050 1371 2181 1437 axioma

162 1453 257 1512 notos
279 1446 413 1530 colligit,
437 1444 477 1510 de
498 1447 600 1510 Petro
621 1467 755 1528 prorsus
778 1446 887 1511 adhuc
908 1447 991 1512 11111.
1029 1447 1146 1529 Neque
1198 1449 1330 1525 iactant,
1354 1468 1421 1511 non
1440 1446 1536 1511 aliter
1554 1449 1715 1512 contineri
1734 1449 1888 1515 ecclesiae
1907 1453 2068 1517 unitatem
2085 1477 2181 1537 posse

164 1535 218 1598 hic
240 1533 339 1615 longa
360 1540 419 1596 aut
446 1532 556 1597 subtili
580 1532 856 1597 demonstratione
883 1553 965 1614 opus
988 1540 1038 1597 est
1058 1532 1146 1615 apud
1198 1556 1297 1616 quam
1330 1533 1358 1598 si
1385 1554 1489 1597 unum
1516 1535 1560 1598 sit
1585 1535 1621 1598 in
1648 1535 1745 1600 terris
1768 1556 1959 1617 supremum
1981 1550 2095 1622 caput,
2125 1543 2180 1607 eui

164 1620 302 1685 sanioris
335 1616 445 1683 indicii
475 1619 638 1696 homines;
667 1640 720 1683 111
754 1620 843 1683 enim
875 1619 948 1699 ipsa
977 1625 1011 1683 et
1039 1627 1146 1683 totum
1198 1619 1345 1684 membra
1372 1620 1484 1683 omnia
1511 1627 1665 1701 pareant,
1695 1620 1831 1703 ideoque
1857 1622 2041 1688 Dominum
2068 1627 2178 1706 Petro,

163 1705 319 1787 epistolae
341 1712 575 1787 argumentum
595 1703 723 1782 clamat,
747 1725 815 1768 non
836 1703 985 1769 debuisse
1006 1706 1146 1769 Petrum
1198 1713 1232 1770 11
1263 1704 1379 1770 deinde
1412 1707 1624 1770 successionis
1657 1707 1728 1771 iure
1762 1707 1831 1772 sedi
1863 1730 2017 1774 romanae
2052 1709 2180 1778 dedisse

125 1819 126 1823 ¹
163 1790 350 1875 praeterire,
365 1791 390 1874 ¹)
413 1791 441 1854 si
462 1791 588 1854 Romae
608 1791 730 1856 fuisset
1198 1792 1394 1873 primatum,
1423 1799 1460 1854 ut
1482 1791 1517 1854 in
1540 1812 1579 1855 ea
1599 1813 1702 1874 usque
1725 1793 1885 1858 adfinem
1907 1795 2062 1861 resideat:
2091 1819 2179 1864 asse·

252 1880 299 1940 15.
350 1873 536 1942 Adduoitur
563 1875 680 1940 deinde
709 1878 838 1941 vinctus
873 1877 1023 1940 Romam.
1074 1877 1145 1940 Ex·
1199 1885 1278 1942 runt
1300 1877 1333 1940 id
1361 1876 1461 1942 fuisse
1484 1877 1524 1941 ab
1552 1878 1646 1942 initio
1674 1899 1803 1960 semper
1825 1880 2044 1949 observatum.
2088 1882 2180 1963 Quo·

162 1970 294 2046 ceptum
314 1962 415 2026 finisse
437 1983 457 2024 a
478 1963 634 2027 iratribus
652 1969 767 2026 narrat
778 1963 888 2028 Lucas
911 1961 1063 2045 (Aetas,
1079 1961 1143 2046 16).
1198 1965 1288 2028 niam
1310 1969 1422 2028 autem
1443 1962 1548 2026 multa
1569 1964 1757 2029 testimonia
1777 1987 1951 2048 perperam
1974 1965 2178 2051 detorquent,

163 2051 216 2114 De
238 2049 339 2114 Petro
361 2047 454 2112 nihil.
501 2045 624 2112 Scribit
652 2049 745 2113 illinc
768 2048 810 2113 ad
837 2048 959 2112 multas
981 2047 1142 2113 ecclesias.
1197 2050 1260 2114 hoc
1289 2050 1435 2131 primum
1465 2049 1608 2129 praefari
1634 2049 1722 2128 volo,
1761 2073 1814 2116 me
1847 2073 1913 2116 non
1945 2073 2067 2135 negare
2099 2057 2178 2137 quin

161 2135 294 2201 Alioubi
320 2134 420 2198 etiam
445 2132 651 2216 quorundam
684 2134 817 2198 nomine
846 2134 1059 2200 salutationes
1087 2133 1144 2198 ad·
1198 2156 1358 2219 magnum
1385 2154 1538 2199 romanae
1566 2135 1720 2202 ecclesiae
1755 2137 1914 2202 honorem
1943 2137 2062 2221 ubique
2091 2140 2178 2206 dese-

161 2221 282 2288 scribit.
335 2220 411 2284 Non
438 2240 505 2284 uno
532 2220 631 2286 verbo
659 2219 783 2285 indicat
808 2221 949 2284 Petrum
975 2220 1043 2285 illic
1065 2229 1144 2285 tuno
1197 2230 1273 2286 rant
1293 2229 1435 2299 veteres,
1456 2230 1708 2303 reverenterque
1730 2221 1769 2286 de
1791 2244 1831 2287 ea
1850 2223 2035 2306 loquantur.
2058 2225 2179 2306 Quod

161 2309 270 2373 fuisse.
317 2305 379 2371 Oui
402 2305 534 2372 obsecro
555 2304 709 2372 credibile
731 2307 811 2385 erit,
832 2306 929 2371 silere
950 2306 1145 2387 potuissesi
1198 2298 1303 2372 tribus
1343 2307 1487 2370 maxime
1527 2306 1566 2371 de
1600 2309 1706 2372 causis
1743 2309 1816 2372 fieri
1849 2311 1998 2375 arbitror.
2054 2310 2176 2394 Opinio

161 2391 341 2458 adfuisset?
392 2393 465 2456 Imo
492 2391 535 2456 ad
562 2392 794 2475 Philippenses
816 2391 861 2475 (2,
882 2392 955 2476 20),
983 2393 1040 2457 ubi
1061 2391 1146 2456 dixit
1198 2394 1288 2457 enim
1308 2393 1374 2471 illa,
1397 2414 1480 2474 quae
1501 2393 1612 2458 nescio
1634 2394 1814 2475 quomodo
1841 2395 2035 2476 invaluerat,
2058 2397 2176 2463 funde

162 2479 330 2544 neminem
351 2499 385 2542 se
408 2478 529 2543 habere
549 2479 606 2560 qui
627 2478 675 2542 ita
695 2477 837 2542 fideliter
858 2487 952 2543 curet
973 2499 1054 2560 opus
1076 2477 1145 2542 Do-
1197 2486 1267 2543 tam
1288 2485 1322 2542 11
1343 2479 1555 2543 constitutam
1575 2499 1647 2543 cam
1675 2479 1777 2544 fuisse
1798 2481 1891 2545 Petri
1912 2483 2110 2563 ministerio,
2134 2483 2176 2549 ad

162 2567 244 2631 mini
277 2569 314 2628 ut
344 2563 550 2642 Timotheus,
581 2566 807 2646 conqueritur,
841 2585 954 2628 omnes
986 2584 1145 2646 quaerere
1197 2563 1434 2631 conciliandam
1456 2565 1598 2647 gratiam
1620 2575 1654 2628 11
1683 2567 1893 2631 autoritatem
1915 2567 2096 2649 plurimum
2117 2591 2176 2634 va-

162 2673 245 2735 quae
268 2657 436 2717 1111111
478 2651 525 2714 Et
547 2648 589 2713 ad
611 2650 752 2715 eundem
772 2650 983 2714 Timotheum
1006 2649 1040 2733 (2
1060 2651 1143 2714 Tim.
1196 2651 1293 2716 lebat.
1337 2651 1453 2732 Itaque
1480 2651 1515 2714 in
1535 2649 1701 2715 occidente
1729 2651 1822 2717 sedes
1845 2653 2022 2735 apostolica
2043 2654 2176 2721 honoris

162 2736 269 2821 4,16)
296 2738 429 2820 gravior
456 2743 507 2800 est
534 2735 753 2817 querimonia,
777 2735 864 2817 quod
883 2735 994 2800 nullus
1016 2735 1065 2799 illi
1088 2735 1145 2800 ad·
1197 2757 1296 2807 causa
1327 2735 1513 2802 vocabatur.
1569 2735 1699 2801 Deinde
1731 2759 1833 2820 quum
1864 2737 1932 2803 illic
1965 2746 2051 2804 esset
2077 2748 2176 2822 caput

162 2826 261 2889 fuerit
287 2825 324 2887 in
350 2823 458 2904 prime
477 2822 680 2900 defensione,
709 2820 767 2887 sed
793 2843 906 2886 omnes
929 2842 1005 2886 enm
1028 2820 1145 2885 1111111-
1196 2823 1335 2905 imperii,
1358 2831 1392 2886 11
1412 2822 1475 2887 hae
1496 2822 1622 2886 ratione
1642 2822 1796 2888 credibile
1816 2833 1902 2889 esset
1922 2826 2176 2906 praestantiores

162 2912 302 2992 querint
347 2907 414 2974 Ubi
435 2916 515 2973 tunc
543 2909 645 2990 igitur
667 2907 809 2972 Petrus?
854 2907 942 2972 Nam
969 2908 997 2972 si
1018 2908 1145 2972 Romae
1197 2919 1270 2973 tum
1293 2907 1456 2987 doctrina,
1480 2915 1551 2972 tum
1572 2908 1760 2990 prudentia,
1784 2917 1856 2973 tum
1878 2911 2012 2992 peritia,
2037 2919 2070 2975 et
2091 2911 2177 2976 mul-

161 2996 264 3060 111111
287 2995 387 3072 aiunt,
406 3002 563 3075 quantam
585 2993 634 3057 illi
655 2994 871 3078 ignominiam
888 2994 991 3058 inurit
1009 2993 1143 3072 Paulus,
1198 3003 1308 3060 tarum
1336 3016 1448 3059 111111
1475 3016 1553 3073 usu,
1583 2995 1670 3060 viros
1692 2995 1759 3060 illic
1787 3017 1983 3078 essequam
2015 2996 2094 3061 alibi
2121 3020 2177 3064 us-

164 3080 250 3163 quod
272 3079 419 3145 desertor
444 3081 545 3144 fuerit
570 3079 753 3164 evangelii?
805 3078 976 3161 Siquidem
1003 3078 1043 3144 de
1064 3078 1145 3144 fide-
1198 3102 1311 3165 11111,
1334 3081 1406 3146 eius
1425 3081 1474 3144 111
1495 3081 1612 3145 merito
1635 3080 1818 3147 habebatur
1840 3083 1940 3160 ratic,
1966 3104 2009 3146 ne
2030 3088 2064 3146 et
2085 3083 2177 3149 urbis

163 3165 249 3230 libus
277 3165 436 3248 loquitur,
469 3167 546 3247 quia
572 3167 755 3249 subiungit:
784 3164 878 3230 Deus
904 3165 970 3230 illis
997 3185 1063 3230 non
1083 3166 1145 3230 im·
1198 3167 1351 3234 nobilitas
1384 3174 1418 3231 et
1449 3166 1515 3231 alia
1539 3168 1640 3231 etiam
1667 3168 1732 3231 Dei
1764 3166 1850 3232 dona
1881 3167 1986 3231 multo
2014 3168 2177 3234 excellen-

162 3258 264 3334 putet
301 3250 468 3331 Quamdiu
490 3253 593 3335 igitur
613 3260 648 3317 et
668 3273 731 3335 quo
753 3261 900 3334 tempore
921 3250 1033 3317 sedem
1053 3250 1146 3316 illam
1198 3255 1282 3318 tiora
1313 3252 1478 3320 contemni
1515 3252 1716 3319 viderentur.
1771 3255 1921 3319 Accessit
1954 3253 1996 3318 ad
2033 3255 2114 3320 haec
2145 3261 2178 3320 et

163 3339 272 3401 tenuit
292 3336 436 3401 Petrus?
480 3337 529 3402 At
549 3347 701 3404 constans
728 3348 779 3403 est
806 3339 1003 3421 scriptorum
1024 3338 1144 3419 opinio,
1194 3340 1338 3419 tortium,
1361 3338 1456 3423 quod,
1473 3360 1575 3423 quum
1595 3339 1770 3404 orientales
1792 3348 1827 3403 11
1846 3360 1984 3423 graecae
2003 3341 2174 3423 ecclesiae,

164 3443 267 3505 nsque
296 3422 338 3486 ad
364 3431 504 3487 mortem
532 3424 702 3489 ecclesiam
723 3424 816 3488 illam
843 3423 1052 3507 gubernasse.
1098 3425 1146 3488 At
1197 3428 1360 3492 africanae
1397 3426 1510 3504 etiam,
1550 3426 1663 3491 multis
1696 3425 1887 3508 opinionum
1919 3425 2178 3512 dissensionibus

164 3512 252 3573 inter
278 3509 365 3590 ipsos
391 3509 565 3591 scriptores
592 3531 659 3575 non
687 3516 816 3575 constat
842 3511 914 3591 quis
940 3510 1040 3574 fuerit
1069 3531 1144 3575 suc·
1196 3515 1284 3577 inter
1310 3534 1345 3577 se
1367 3511 1662 3591 tumultuarentur,
1691 3512 1773 3577 haec
1799 3512 1943 3576 sedatior
1964 3512 2037 3577 aliis
2059 3521 2092 3577 et
2114 3513 2178 3577 mi·

165 3616 288 3675 cessor;
319 3595 397 3675 quia
430 3595 485 3659 alii
512 3596 653 3673 Linum,
688 3596 743 3660 alii
773 3595 979 3661 Clementem
1009 3597 1143 3661 faciunt.
1196 3621 1261 3665 nus
1293 3597 1485 3663 turbulenta
1516 3599 1625 3663 fuerit.
1675 3598 1730 3663 Ita
1760 3599 1884 3663 factum
1917 3604 1968 3663 est
1998 3608 2035 3663 ut
2064 3598 2112 3682 pii
2144 3606 2178 3663 et

162 3683 210 3746 Et
232 3680 353 3745 multas
375 3680 533 3746 absurdas
554 3681 681 3747 fabulas
702 3691 842 3746 narrant
863 3681 904 3746 de
924 3682 1144 3764 disputatione
1197 3685 1304 3750 saneti
1325 3685 1466 3766 episcopi
1489 3678 1620 3750 sedibus
1642 3685 1711 3750 suis
1733 3684 1835 3766 pulsi,
1859 3684 1937 3749 illuc
1959 3684 2120 3749 se'veluti
2142 3685 2177 3748 in

163 3769 356 3839 intersum
383 3773 417 3830 et
438 3764 607 3831 Simonem
635 3788 769 3850 magum
796 3768 918 3832 habita
966 3767 1146 3832 1111111111-
1197 3771 1328 3855 asylum
1350 3777 1408 3834 aut
1424 3779 1555 3851 portum
1573 3769 1735 3852 quendam
1754 3791 1850 3851 saepo
1867 3769 2058 3850 reciperent
2088 3767 2177 3832 Nam

162 3851 532 3936 111111111111111113)
559 3852 890 3934 recuperaremus
911 3854 1085 3935 1111111111,
1108 3874 1146 3918 ea
1197 3878 1260 3939 qno
1287 3856 1397 3920 minus
1427 3864 1522 3920 acuto
1551 3867 1584 3920 et
1613 3856 1709 3920 celeri
1742 3855 1875 3937 ingenio
1910 3859 1987 3917 1111
2014 3851 2177 3918 Occiden-

164 3940 308 4020 opa'aiouc
330 3943 440 4002 111111
461 3944 603 4018 concepto
629 3960 745 4004 1111111
768 3940 888 4005 Romae
909 3939 1084 4018 inolevisse,
1107 3960 1146 4004 ae
1197 3943 1280 4008 tales
1301 3942 1457 4006 Asiaticis
1478 3949 1512 4005 ct
1532 3942 1631 4019 Afris,
1655 3962 1692 4005 eo
1714 3942 1814 4004 etiam
1838 3946 1916 4002 sunt
1941 3959 2053 4001 rerum
2074 3959 2177 4004 nova-

157 4046 198 4090 ·eo
229 4026 282 4090 die
312 4026 492 4089 ieiunareut
519 4045 578 4104 qao
605 4026 750 4105 palmum
787 4027 935 4091 1111111111
963 4024 1078 4090 Petras
1108 4025 1146 4090 de
1198 4050 1273 4093 rum
1302 4028 1412 4092 minus
1445 4026 1566 4108 cupidi.
1615 4026 1689 4090 Hoc
1724 4044 1802 4108 ergo
1836 4045 1993 4088 romanae
2026 4025 2180 4090 ecclesiae

165 4109 291 4176 Simone
311 4131 410 4194 mapa.
453 4109 607 4191 Denique
629 4131 682 4174 res
708 4111 795 4176 illins
817 4112 973 4194 temporis
996 4113 1045 4176 ita
1068 4118 1147 4177 sunt
1197 4115 1377 4197 plurimum
1405 4111 1531 4176 addidit
1560 4111 1762 4188 autoritatis,
1790 4109 1876 4191 quod
1903 4130 1970 4174 non
1997 4111 2045 4175 ita
2073 4110 2179 4176 dubiis

164 4198 356 4278 opinionum
375 4196 535 4261 varietate
556 4195 743 4276 implicitae,
763 4208 802 4261 ut
822 4220 889 4263 non
910 4197 1145 4264 1111111111ὴί-
1196 4201 1263 4266 illis
1285 4196 1487 4280 temporibus
1509 4196 1710 4262 tumultuata
1731 4202 1837 4261 11111
1859 4195 2018 4278 reliquae,
2043 4217 2080 4261 ac
2104 4196 2180 4260 doc-

164 4281 271 4347 benda
297 4284 341 4348 sit
367 4281 465 4361 fides,
491 4282 547 4347 ubi
575 4281 698 4362 aliquid
726 4284 885 4364 scriptum
905 4284 1054 4367 legimus.
1099 4284 1146 4348 Et
1198 4287 1304 4352 trinae
1336 4283 1437 4349 semel
1465 4282 1603 4347 traditae
1636 4281 1701 4347 fuit
1731 4282 1804 4347 aliis
1838 4281 1989 4364 omnibip
2022 4283 2178 4361 tenacior,

165 4376 279 4433 tamen
311 4374 444 4450 propter
475 4368 564 4432 hunc
596 4367 792 4448 scriptorum
824 4388 1035 4448 consensum,
1079 4390 1146 4435 non
1197 4368 1475 4455 quemadmodum
1506 4369 1624 4434 melius
1657 4369 1770 4433 statim
1804 4368 2048 4450 explicabimus.
2094 4367 2177 4445 Has,

165 4475 277 4604 aa
313 4454 507 4605 lauth
532 4454 832 4604 attiuh*
861 4452 1147 4621 thart?
1197 4459 1434 4608 aaut?
1458 4454 1957 4607 dudmaldilrlffltldll
1973 4452 2179 4603 brath

166 4591 280 4707 queo,
301 4562 416 4709 rlequc
437 4625 472 4691 id
493 4560 757 4691 etiamgmulturd
778 4590 900 4689 mbror:
927 4626 1058 4711 quando
1080 4635 1145 4693 tes·
1197 4593 1433 4694 commendata.
1604 4563 1626 4623 p
2216 4613 2222 4635 ¹

165 4717 257 4775 tatur
277 4712 412 4791 Paulus,
435 4712 528 4778 Petri
551 4711 769 4796 apostolatum
789 4710 998 4794 peculiariter
1026 4712 1067 4776 ad
1088 4713 1145 4778 Iu·
1287 4719 1335 4777 17.
1380 4714 1508 4778 Verum
1530 4734 1631 4795 quum
1659 4713 1840 4795 primatum
1860 4710 1937 4776 inde
1960 4720 1994 4776 11
2015 4730 2178 4775 summam

167 4795 265 4861 dacos
286 4800 459 4879 pertinere,
482 4821 580 4865 snum
602 4820 680 4865 vero
702 4798 744 4864 ad
765 4819 834 4863 nos.
869 4796 1014 4862 Proinde
1035 4808 1145 4866 1111-
1197 4803 1233 4866 in
1256 4801 1337 4866 alius
1359 4799 1512 4866 ecclesias
1540 4805 1734 4881 potestatem
1757 4798 1788 4863 ei
1809 4805 1958 4863 astruere
1979 4796 2097 4862 volunt
2118 4816 2179 4860 no-

167 4881 268 4947 cietas
296 4883 473 4967 illaquam
498 4887 585 4951 inter
607 4907 641 4950 se
669 4886 758 4968 pacti
785 4889 863 4950 sunt
884 4889 957 4948 rata
977 4883 1065 4965 apud
1086 4907 1145 4951 nos
1198 4888 1260 4952 stri
1292 4885 1487 4964 adversarii,
1519 4885 1618 4949 nimis
1642 4906 1832 4969 perperam,
1860 4891 1900 4947 ut
1927 4882 2011 4961 dixi,
2043 4881 2177 4947 faciunt.

1198 4971 1297 5052 Quod
1318 4980 1357 5036 ut
1378 4972 1496 5036 melius
1519 4978 1653 5049 constet,
1676 4971 1821 5052 primum
1842 4970 1985 5036 breviter
2007 4968 2177 5033 ostendam

1199 5057 1278 5142 qnid
1306 5057 1346 5122 de
1372 5058 1449 5136 hac,
1478 5078 1576 5139 quam
1599 5062 1768 5138 tantopere
1789 5063 1924 5140 urgent,
1952 5056 2080 5120 unitate
2102 5076 2177 5119 sen-

236 5175 264 5242 1)
295 5174 342 5230 Sic
363 5192 455 5229 111111
478 5177 503 5228 ll.
521 5178 625 5242 metri,
647 5194 739 5231 oerum
762 5179 901 5249 legendum
925 5165 1145 5246 1111111111-
1199 5145 1303 5211 sel'inl
1329 5150 1466 5208 veteres·
1509 5142 1736 5241 ‚Hiemymffl
1758 5141 1800 5207 ad
1820 5142 2056 5240 N⁰P⁰l3lfl¹¹¹¹¹m>
2086 5148 2177 5240 P⁰⁸l⁶

165 5245 245 5298 teriri
262 5245 601 5314 armentosissima.
671 5246 904 5316 2111111111
921 5249 1028 5302 111111.
1198 5229 1431 5317 quammulta
1458 5234 1596 5295 11111111
1623 5228 1774 5312 exempla
1800 5235 1981 5306 recensuit,
2008 5225 2177 5294 descendit
