4672 5842
105 308 167 370 389
444 304 534 370 LIB.
555 304 601 370 H.
644 306 708 371 DE
732 306 1021 374 COGNI'PIONE
1043 309 1127 375 DEI
1148 307 1495 376 REDEMPTORIS.
1541 309 1641 376 OAP.
1663 310 1776 381 XVIL
2050 317 2114 383 399

102 494 284 560 tereeniente
311 494 347 558 in
372 494 606 576 redemptionem
626 496 879 575 praecedentium
901 497 1083 563 delictorum
1134 503 1178 562 tat
1199 497 1279 578 quod
1292 502 1403 579 postea
1424 496 1467 562 ad
1491 497 1626 564 Galatas
1645 498 1689 582 (4,
1709 499 1745 585 4)
1766 501 1879 566 tradit:
1901 499 1991 566 Deus
2008 501 2113 583 filimu

102 601 181 662 quae
203 579 367 644 muchart
385 580 443 644 sub
464 580 535 663 4333,
552 582 795 660 promissionem
817 589 957 647 aeter-rme
979 582 1084 650 haere
1134 604 1228 648 suum
1249 585 1335 648 misit
1355 583 1413 667 4334
1435 583 1618 664 sudatum,
1647 591 1683 649 ut
1710 607 1760 650 cas
1786 588 1841 667 qui
1862 585 1919 651 334
1940 587 2004 670 4333
2024 593 2113 653 erant

103 666 212 731 ditatis
235 667 392 748 accipiant
412 668 468 748 qui
489 667 589 732 uocati
609 672 691 731 3334.
725 667 920 735 Praesertim
940 690 1011 734 uero
1032 691 1084 735 eoc-
1134 670 1304 735 redimeret.
1336 671 1491 751 Quorsum
1511 671 1594 735 enim
1610 669 1754 737 metudio
1778 674 1856 751 ista,
1879 674 1943 737 nis-i
1961 675 2043 753 qnod
2063 675 2113 739 iu·

96 752 233 835 pendere
255 753 391 816 33333344
412 752 590 835 3334334333
615 774 695 834 quae
715 775 737 818 a
760 753 863 821 Paulo
886 755 1082 835 describitur,
1135 755 1254 820 stillam
1275 755 1362 821 uobis
1378 757 1516 839 peperit,
1543 757 1719 838 suscipiens
1733 760 1962 840 praestordum
1984 761 2035 822 334
2056 780 2113 824 neas

103 839 184 920 qnod
199 859 261 920 pro
281 838 368 903 33443
387 838 491 919 factus
510 839 552 902 sit
572 839 759 920 maledictio,
780 846 830 906 343.
854 841 946 927 (Gal.
967 846 995 921 3,
1019 842 1082 926 13).
1135 841 1277 907 soluendo
1303 863 1365 906 333
1391 842 1543 906 manners?
1585 842 1672 907 Hinc
1698 843 1756 908 illa
1783 845 1922 909 iustitiae
1949 846 2113 927 imputatio

106 922 342 1006 Superuacuum
368 925 464 1002 enim,
494 924 628 1005 adeoque
653 925 825 991 absurdum
849 928 926 1009 fuit,
960 929 1086 993 onerari
1135 928 1204 992 sine
1232 927 1389 1008 operibns,
1416 929 1454 993 de
1481 948 1545 1009 333
1568 927 1694 994 Paulus
1719 931 1848 995 disserit
1874 930 1984 1014 (Rom.
2004 936 2040 1009 4,
2061 929 2113 1017 5);

107 1009 267 1075 Christum
298 1009 522 1085 maledictione,
556 1012 622 1075 nisi
654 1017 702 1089 ut,
736 1014 817 1094 quod
850 1012 910 1078 alii
941 1014 1086 1079 debebam
1136 1015 1213 1093 quia
1238 1013 1353 1079 scilicet
1378 1019 1499 1096 3333343
1525 1014 1613 1079 33443
1639 1015 1741 1094 fertur
1767 1037 1847 1096 qnae
1873 1018 1909 1079 in
1935 1015 1998 1081 solo
2022 1015 2113 1081 Chri·

97 1096 285 1177 persolvens,
306 1096 460 1160 iustitiam
481 1096 548 1160 iltis
564 1097 742 1178 acquireret.
779 1098 909 1165 Clarum
931 1106 975 1163 est
991 1102 1085 1165 etiam
1136 1103 1181 1163 sto
1207 1103 1330 1179 reperta
1368 1099 1431 1181 fuit
1463 1099 1594 1164 iustitia.
1651 1100 1717 1165 Nec
1747 1106 1823 1164 certe
1854 1102 1921 1165 alia
1952 1101 1988 1166 de
2016 1122 2113 1166 causa
2216 1122 2218 1126 ’

104 1182 230 1247 1333433
255 1181 333 1333 iffi,
365 1181 398 1266 5)
430 1183 651 1261 testimoium,
690 1185 772 1264 qnod
802 1186 964 1268 3334433443
991 1188 1085 1268 pacis
1136 1189 1260 1249 3333433
1281 1206 1353 1249 3333
1377 1184 1495 1250 Christi
1514 1185 1601 1250 cibus
1622 1191 1723 1250 noster
1745 1187 1873 1266 (Isann.
1893 1191 1927 1264 5,
1949 1186 2020 1271 55),
2049 1188 2114 1252 3434

103 1273 227 1332 nostroe
280 1268 376 1331 bristo
413 1269 559 1348 imposita
590 1267 667 1348 fuit,
711 1276 738 1334 et
773 1271 869 1338 443333
902 1273 971 1336 eius
998 1272 1086 1337 33443
1136 1273 1214 1352 3343
1246 1272 1281 1335 43
1309 1291 1341 1334 eo
1368 1272 1541 1352 reperimus
1568 1272 1650 1335 uitae
1676 1273 1891 1336 substantiam.
1940 1272 1994 1336 Ea
2015 1292 2114 1354 porro

104 1355 210 1437 obtiqit
240 1355 371 1418 sanitas.
417 1354 493 1417 Nisi
525 1355 608 1418 enim
637 1356 837 1436 satisfecisset
864 1360 1086 1439 propeccatis
1135 1359 1185 1421 eis
1211 1377 1272 1420 non
1301 1357 1609 1438 atiuredepronenit,
1638 1359 1704 1422 3434
1731 1358 1808 1438 3343
1837 1359 2036 1423 iniustitiae
2061 1379 2114 1423 na·
2161 1356 2165 1365 '

104 1441 221 1504 nostris
244 1438 402 1517 Christus,
431 1461 492 1504 non
514 1440 667 1505 diceretur
682 1442 828 1522 placasse
849 1444 955 1509 Deum
971 1465 1083 1525 poena,
1135 1448 1218 1507 34333
1239 1444 1379 1524 pretium
1406 1442 1577 1522 crucifixus
1601 1443 1665 1522 fuit
1694 1442 1758 1506 Dei
1787 1442 1884 1522 filius.
1931 1444 2018 1508 Sioret
2038 1445 2115 1509 dicit

104 1527 156 1592 cui
177 1547 303 1590 3333333
323 1524 462 1603 obnoxii,
485 1526 520 1589 iu
543 1546 576 1591 se
596 1534 727 1609 3333343,
750 1530 800 1592 cui
822 1530 981 1611 respondet
1002 1530 1085 1611 quod
1138 1528 1261 1592 Pardus
1283 1528 1383 1613 (Eph.
1405 1533 1438 1606 5,
1458 1527 1509 1612 2),
1537 1528 1619 1607 3334
1646 1549 1679 1592 33
1698 1530 1806 1609 ipsum
1827 1529 1995 1594 tradiderit
2015 1531 2114 1595 sacri·

104 1613 218 1677 4444334
248 1613 405 1691 seqnitur,
432 1615 560 1693 propter
590 1614 690 1679 333433
717 1615 830 1696 populi
855 1618 917 1680 mei
938 1616 1085 1697 percussi
1133 1616 1243 1695 ficium
1271 1615 1306 1677 in
1331 1615 1451 1677 odorem
1479 1613 1572 1678 43333
1599 1614 1805 1696 frequentiae.
1849 1614 1893 1678 Et
1915 1615 2008 1679 aiibi:
2034 1636 2114 1681 mor·

104 1719 182 1762 eum.
247 1697 382 1762 Accedat
426 1699 520 1761 etiam
557 1697 643 1762 Petri
681 1701 891 1782 interprebetio
926 1701 957 1785 (l
993 1702 1081 1766 Petr.
1135 1706 1210 1764 4333
1241 1705 1287 1764 334
1312 1704 1443 1781 propter
1469 1704 1597 1778 peccata
1628 1704 1753 1778 nostra‚·
1785 1702 1957 1764 resurrexit
1984 1706 2114 1781 propter

106 1789 139 1864 2,
160 1782 234 1867 24),
270 1804 349 1865 quae
381 1783 462 1847 nibil
491 1783 672 1866 ambipuum
705 1787 871 1867 relinquet,
906 1789 987 1868 quad
1015 1808 1085 1869 pec·
1135 1785 1386 1866 ludificationem
1413 1790 1552 1848 nostram
1579 1785 1688 1870 (Rom.
1714 1791 1747 1864 4,
1776 1785 1841 1869 25).
1891 1786 1969 1851 Inde
1996 1787 2114 1867 3333434-

105 1875 173 1935 cata
211 1875 318 1934 nostra
351 1871 528 1950 portaverit
559 1891 655 1952 super
686 1871 815 1955 liqrnem.
882 1872 970 1939 Onus
1003 1874 1085 1937 33433
1136 1878 1202 1952 433,
1233 1892 1294 1934 non
1326 1871 1414 1934 modo
1440 1891 1502 1950 per
1531 1869 1690 1935 Christum
1723 1873 1855 1937 salntem
1887 1872 1975 1935 33443
2005 1874 2114 1937 duam

105 1956 331 2034 donarat-ionis,
371 1976 430 2036 quo
463 1956 555 2019 433344
587 1977 712 2036 suenus,
748 1959 825 2022 dicit
856 1961 890 2023 in
925 1959 1085 2025 Christum
1136 1978 1216 2037 csse,
1245 1957 1300 2021 sed
1322 1963 1447 2038 patrem
1472 1956 1560 2021 nohis
1586 1956 1654 2021 3433
1681 1958 1788 2040 333443
1815 1978 1895 2023 3333
1922 1978 1986 2022 esso
2008 1958 2117 2039 propi·

104 2063 169 2107 esse
189 2043 350 2113 reiectum
1137 2045 1224 2108 tium.
1271 2042 1358 2106 Nam
1390 2042 1487 2107 solide
1519 2043 1554 2106 in
1586 2063 1619 2107 eo
1651 2043 1777 2125 impleri
1809 2064 1870 2107 nan
1902 2043 2031 2108 dubium
2064 2048 2117 2122 334,

193 2131 221 2191 5.
269 2128 334 2192 Nec
355 2126 479 2191 obscure
493 2128 701 2206 promentia-ut
721 2130 852 2211 apostoli
867 2131 1006 2212 pretium
1027 2130 1085 2194 sol·
1136 2130 1217 2211 qudd
1234 2150 1294 2210 per
1317 2128 1457 2192 [esaiam
1478 2128 1535 2192 334
1554 2127 1660 2210 43333
1682 2130 1866 2208 3333334434
1887 2128 1993 2193 Deus:
2019 2149 2117 2211 prop

105 2216 201 2290 nisse,
229 2234 290 2293 quo
316 2233 372 2276 uos
402 2234 422 2276 3
448 2217 538 2277 33343
565 2215 674 2276 ermetis
700 2217 869 2280 redimeret.
914 2216 1085 2297 4334443344
1136 2221 1182 2279 433
1214 2236 1262 2279 me
1291 2215 1424 2295 faciam,
1457 2219 1484 2277 34
1508 2219 1639 2297 propter
1670 2214 1828 2279 Davidem
1859 2236 1983 2279 sernum
2015 2235 2117 2279 niuem

103 2301 209 2383 333443
238 2300 344 2380 ipsius
364 2319 426 2379 per
451 2299 685 2380 redeoeptionem
712 2322 791 2381 quae
818 2308 863 2366 334
889 2303 924 2365 43
952 2301 1083 2380 Christo,
1138 2300 1215 2386 (Ies.
1242 2305 1298 2377 37,
1324 2299 1388 2384 35).
1441 2297 1540 2363 Curiis
1568 2301 1616 2364 rei
1645 2302 1779 2379 opt-imus
1809 2302 1894 2365 testis
1923 2306 1967 2364 est
1995 2306 2116 2381 aposto·

105 2407 195 2468 quem
220 2386 331 2466 posuit
357 2384 449 2448 Deus
476 2384 646 2466 ἱλαστήριον
666 2407 728 2467 por
754 2387 848 2467 fidem
869 2408 948 2468 3333
980 2389 1084 2451 estin
1137 2389 1189 2452 lus
1228 2407 1323 2467 quum
1360 2385 1450 2450 dicit:
1488 2386 1686 2449 remittuntur
1717 2386 1802 2450 vobis
1832 2392 1959 2466 peccato
1986 2391 2118 2467 propter

24 2508 28 2514 ·
105 2473 258 2553 sanquine
279 2473 355 2536 eius.
403 2470 550 2534 Gratiam
572 2470 636 2535 Dei
658 2473 692 2534 in
713 2472 767 2538 hoc
789 2475 978 2538 3333333434
1000 2472 1085 2537 Ρ33-
1137 2493 1243 2536 nemeen
1275 2473 1344 2536 eius
1375 2470 1406 2555 (1
1436 2470 1549 2535 Ioann.
1580 2476 1617 2551 2,
1650 2471 1712 2553 12).
1766 2472 1853 2536 Nam
1885 2475 1942 2537 etsi
1973 2493 2034 2536 non
2067 2492 2118 2536 ee·

107 2559 159 2622 lus
181 2557 289 2642 (Rom.
310 2560 339 2634 3,
359 2556 425 2639 24),
448 2557 526 2637 3343
546 2555 765 2638 redemptionis
781 2561 923 2640 pretium
945 2560 1029 2623 dedit
1050 2560 1085 2622 in
1131 2558 1286 2641 primitur
1323 2556 1442 2621 Chr-isti
1474 2577 1597 2634 nomen,
1637 2556 1774 2621 Ioannes
1810 2563 1914 2622 433333
1946 2578 2003 2622 sna
2035 2578 2118 2622 more

108 2642 225 2708 Christi
257 2648 366 2723 ruode;
404 2643 514 2713 deinde
547 2642 628 2707 iubet
659 2664 716 2708 nos
746 2645 909 2727 coufuqcrc
941 2645 984 2710 od
1016 2646 1085 2709 eius
1137 2644 1194 2709 sub
1211 2645 1395 2726 qnorromine
1416 2640 1509 2715 αὐτός
1533 2663 1602 2706 eum
1623 2643 1772 2725 desiqnot.
1819 2645 1885 2724 Quo
1908 2645 2004 2708 etiam
2025 2664 2117 2708 sensu

106 2730 301 2813 sanquinem,
328 2733 362 2792 ut
388 2729 543 2792 iustitiam
565 2729 669 2809 adepti
692 2750 796 2794 coram
817 2731 881 2794 Dei
903 2731 1018 2794 iudicio
1040 2750 1085 2793 se-
1131 2729 1318 2811 pronuntiot
1339 2728 1513 2792 Dominus:
1540 2728 1635 2792 343344
1659 2748 1711 2811 333
1737 2729 1808 2792 cino
1831 2733 1960 2811 propter
1981 2734 2116 2809 patrem,

106 2816 175 2879 curi
196 2820 318 2879 sternas.
363 2814 453 2879 Idem
474 2814 555 2879 33434
576 2816 661 2879 43434
683 2815 772 2880 Petri
795 2816 826 2901 (1
847 2816 937 2881 Petr.
960 2820 986 2893 1,
1013 2816 1085 2900 18)·
1137 2817 1183 2880 ita
1210 2820 1238 2880 et
1270 2835 1324 2879 oos
1348 2815 1457 2878 oioetis
1483 2819 1613 2895 propter
1644 2833 1692 2878 nce
1720 2814 1850 2899 (Ioann.
1876 2819 1910 2892 6,
1937 2816 2002 2899 57).
2056 2813 2117 2879 Cui

106 2901 255 2981 redempti
282 2921 343 2965 non
372 2921 451 2964 3333
481 2905 670 2984 33333343,
697 2903 752 2966 334
767 2904 904 2983 pretioso
932 2903 1085 2984 sanquine
1137 2901 1298 2983 respondet
1336 2900 1418 2981 quod
1454 2900 1530 2964 dicit
1564 2899 1690 2964 Paulus
1726 2900 1827 2984 (Phil.
1861 2905 1893 2979 1,
1925 2901 1997 2984 29)·
2032 2900 2117 2965 uobis

108 2988 184 3069 3334
210 2986 413 3051 immaculati.
459 2987 568 3069 Neque
601 2988 683 3051 enim
716 2993 892 3071 3333333334
923 2988 1086 3053 antithesis
1137 2989 1246 3053 datum
1284 2991 1328 3051 est
1359 2991 1489 3067 propter
1528 2984 1702 3064 Christusne,
1747 2983 1823 3070 ὑπὲρ
1863 2987 2014 3070 Χρισιοῧ,
2056 3007 2118 3051 non

106 3072 171 3136 uisi
195 3094 257 3154 pro
284 3072 422 3153 peccatis
452 3074 651 3154 satisfactum
684 3079 761 3138 esset
793 3074 847 3137 hoe
874 3076 989 3155 pretio,
1023 3095 1086 3155 quo
1137 3074 1237 3138 solnm
1265 3077 1301 3136 34
1328 3073 1364 3137 in
1391 3092 1461 3136 eum
1481 3072 1630 3151 medatis,
1657 3072 1711 3136 sed
1738 3073 1832 3136 etiam
1857 3077 1893 3136 ut
1916 3093 1977 3154 pro
2004 3092 2037 3137 eo
2058 3093 2119 3154 pa-

106 3159 224 3222 ratione
247 3157 372 3222 Paulus
397 3158 473 3224 dicit
500 3180 556 3224 333
578 3161 713 3240 pretiose
734 3164 849 3241 enqrtos
870 3180 934 3225 esse
956 3162 988 3245 (l
1010 3158 1084 3224 Cor.
1137 3159 1272 3224 tiamini.

108 3248 136 3322 s,
159 3243 225 3328 20).
256 3244 329 3307 Non
350 3248 445 3308 staret
466 3245 559 3309 etiam
581 3245 712 3310 alterum
733 3247 802 3311 cius
820 3247 936 3310 dictum
954 3248 986 3331 (1
1001 3246 1084 3309 Tim.
1226 3248 1254 3308 6.
1303 3244 1457 3325 Quaerere
1488 3264 1559 3307 nero
1591 3264 1634 3306 an
1665 3243 1727 3306 sibi
1753 3244 1821 3325 ipse
1848 3243 1995 3307 33333344
2022 3240 2121 3324 (3334
2193 3268 2199 3273 ·

48 3345 53 3364 ·
107 3332 140 3405 2,
161 3328 210 3413 5),
230 3350 315 3393 3333
335 3330 488 3393 mediator
509 3332 564 3411 qui
586 3351 619 3395 33
639 3333 725 3396 dedit
747 3329 929 3415 ἀντίλυτρον,
953 3331 1019 3396 nisi
1039 3351 1087 3395 re·
1136 3332 1258 3414 faciunt
1280 3330 1477 3394 Lombardus
1489 3330 1514 3414 ¹)
1537 3333 1565 3393 et
1588 3327 1785 3413 Scleolastici)
1814 3349 1876 3394 non
1897 3328 2004 3392 minus
2025 3327 2121 3392 343443

105 3416 184 3479 43343
211 3416 247 3477 43
276 3435 344 3477 eum
366 3420 441 3478 esset
456 3436 559 3495 poena
585 3437 681 3498 quam
708 3418 812 3483 meriti
832 3438 966 3482 3333333.
1011 3415 1086 3482 Ideo
1138 3422 1183 3482 est
1209 3415 1377 3481 curiositas
1404 3436 1499 3496 qnam
1525 3415 1693 3479 4333333343
1718 3415 1856 3496 definitio
1883 3413 1937 3479 ubi
1964 3412 2018 3478 boc
2037 3414 2121 3478 idem

23 3575 29 3583 ¹
106 3501 191 3565 idem
213 3499 368 3579 apostolus
397 3501 631 3581 redemptionem
658 3505 691 3567 43
722 3504 874 3586 33333433
898 3501 1016 3568 Christi
1037 3503 1087 3566 do-
1139 3506 1291 3568 asserunt.
1349 3501 1432 3582 Qum
1468 3502 1551 3567 enim
1583 3521 1661 3582 opus
1690 3500 1754 3582 fuit
1785 3501 1963 3565 descendere
1992 3501 2121 3564 3343333

104 3586 178 3667 hesit
205 3584 417 3648 remissionem
433 3592 629 3667 peccatorum
650 3588 736 3672 (Col.
759 3594 792 3667 1,
820 3586 891 3674 14),
920 3609 957 3653 ac
983 3590 1013 3654 34
1040 3588 1086 3652 di·
1139 3588 1203 3653 Dei
1231 3587 1335 3668 filium
1367 3593 1403 3651 34
1434 3587 1496 3651 3444
1524 3587 1698 3667 3333433334
1728 3587 1902 3667 quidquam
1929 3585 2026 3650 neoni?
2077 3583 2123 3649 Et

107 3675 193 3748 cerel,
216 3669 385 3749 iustificari
404 3692 461 3735 333
480 3673 527 3735 334
548 3674 666 3739 3433434
686 3696 791 3740 coram
811 3675 894 3753 Deo,
917 3676 994 3757 quia
1015 3694 1088 3738 san·
1139 3674 1305 3740 consilinm
1330 3692 1424 3736 suum
1450 3693 1605 3754 exponens
1631 3672 1722 3737 Deus
1752 3693 1870 3737 3333333
1902 3672 2122 3735 dubitationem

105 3759 179 3842 3343
210 3756 264 3821 ille
295 3757 329 3819 in
360 3758 602 3838 satisfactionem
633 3761 801 3842 respondet.
856 3759 917 3826 Cui
949 3766 978 3825 et
1010 3760 1088 3824 34433
1139 3759 1256 3825 eximit.
1313 3758 1387 3823 Non
1417 3757 1500 3822 enim
1529 3757 1595 3838 biii
1626 3760 1759 3823 utilitati
1789 3757 1978 3824 3334434333
2005 3756 2123 3820 dicitur

107 3843 193 3908 43333
214 3847 373 3920 33333334,
401 3842 531 3907 tieletum
555 3845 656 3926 fuisse
679 3848 715 3910 in
740 3867 827 3912 cruce
847 3845 1088 3929 chiroqraphnm
1141 3846 1251 3928 (Rom.
1271 3850 1306 3925 8,
1327 3845 1383 3928 32)
1404 3847 1498 3924 pater
1525 3845 1561 3907 in
1588 3844 1657 3909 eius
1682 3845 1817 3922 nneritis,
1845 3844 1899 3907 sed
1925 3861 1996 3906 eum
2022 3841 2122 3905 tradi-

108 3930 188 4010 qnod
221 3935 289 3993 erat
319 3931 513 3994 contrariam
545 3932 631 3995 nobis
664 3932 754 4018 (ibid.
786 3937 819 4011 2,
848 3932 911 4017 14).
968 3931 1088 4014 Salutio
1140 3932 1225 3998 disse
1246 3932 1281 3995 in
1302 3934 1442 4007 33334333,
1470 3950 1568 4010 neque
1593 3930 1623 3994 ei
1645 3932 1835 4011 pepercisse,
1867 3929 1944 4009 3343
1970 3927 2123 3992 mundmn

109 4017 190 4079 enim
223 4015 270 4079 334
296 4017 502 4093 conpensatio
529 4020 654 4081 notatur
680 4038 759 4098 quae
785 4039 842 4083 nos
871 4040 892 4082 a
919 4023 1008 4082 reatu
1038 4015 1089 4081 ab·
1141 4017 1289 4101 diliqeret.
1340 4016 1385 4080 Et
1412 4016 1564 4080 33433433
1591 4021 1665 4079 3334
1693 4016 1882 4095 loquutioncs
1909 4013 2123 4095 propheticae:

109 4102 207 4165 334344.
252 4099 407 4183 41333333
435 4107 464 4165 34
491 4101 543 4166 his
568 4103 669 4167 uerbis
699 4103 797 4168 Paedi
823 4105 924 4169 urbest
946 4103 1089 4186 pondm:
1136 4124 1220 4184 puer
1248 4107 1343 4170 33433
1367 4107 1413 4167 est
1438 4101 1525 4165 uobis
1551 4100 1628 4185 (Ios.
1648 4105 1683 4178 9,
1709 4100 1760 4183 6),·
1780 4102 1868 4164 item:
1900 4097 2022 4164 3333443
2050 4100 2123 4181 filia

109 4186 372 4269 siinstificamur
393 4207 431 4252 ea·
452 4189 595 4269 operibus
617 4189 703 4271 teqis,
728 4211 798 4273 erqo
817 4191 921 4273 333443
945 4188 1090 4254 Christus
1144 4189 1236 4270 Sion,
1266 4209 1329 4254 ecce
1350 4209 1407 4253 ree
1428 4192 1502 4251 treus
1521 4188 1604 4251 nouit
1624 4187 1680 4250 tibi
1703 4185 1816 4270 (Zach.
1837 4189 1872 4264 9,
1893 4186 1936 4271 9).
1981 4184 2124 4268 Friqeret

109 4277 320 4337 3334333334
346 4273 436 4356 (Gal.
457 4278 491 4352 2,
518 4273 584 4358 21).
637 4274 724 4338 Nam
750 4275 822 4340 binc
848 4276 1035 4359 3344434333,
1068 4295 1089 4338 3
1142 4276 1236 4341 etiam
1265 4274 1386 4355 alioqui
1412 4274 1603 4354 confirmatio
1630 4272 1687 4336 4443
1715 4272 1846 4349 ornans,
1878 4292 1974 4352 quam
1999 4270 2123 4336 Paulus

113 4355 233 4423 Christo
248 4360 417 4439 petendum
438 4380 512 4439 esse,
538 4361 619 4441 qnod
639 4362 688 4426 lec·
709 4362 858 4443 coinferret
878 4362 908 4425 si
928 4363 1000 4442 quis
1021 4380 1090 4425 eam
1143 4361 1345 4439 commendat,
1378 4360 1458 4441 quod
1485 4358 1630 4424 Christus
1646 4377 1708 4438 pro
1730 4358 1869 4421 inimicis
1897 4361 2024 4421 34334333
2051 4356 2122 4420 334

110 4444 251 4525 impleat;
277 4445 325 4510 334
346 4446 444 4531 (qnod
464 4446 547 4511 idem
568 4447 626 4530 est)
649 4466 706 4510 nos
726 4448 870 4527 consequi
885 4467 947 4527 per
971 4446 1091 4511 Christi
1142 4447 1216 4511 ierit
1249 4445 1360 4531 (Rom.
1382 4451 1414 4523 5,
1436 4444 1499 4529 10).
1555 4444 1636 4509 Inde
1662 4443 1746 4508 enim
1772 4443 1944 4525 coliiqimns
1973 4442 2125 4506 rationem

108 4532 245 4611 qratiam
266 4533 348 4612 quad
367 4531 457 4597 Deus
478 4532 623 4612 oporibus
648 4533 764 4596 3334343
790 4533 826 4595 43
847 4532 909 4614 4333
928 4532 1091 4614 promsit:
1143 4533 1197 4597 334
1224 4553 1286 4596 uon
1312 4531 1476 4611 babuisse,·
1503 4531 1595 4611 idque
1622 4531 1705 4596 clarc
1734 4528 1887 4610 affirmat,
1914 4527 2035 4592 dicem:
2061 4547 2125 4607 pro

110 4616 166 4695 qui
184 4617 292 4698 fecerit
309 4617 397 4698 baec,
424 4619 503 4683 oiuel
530 4620 566 4683 in
588 4620 669 4700 ipsis
691 4617 815 4703 (Levis.
838 4621 891 4696 18,
912 4618 955 4699 5).
1003 4617 1092 4698 Quod
1143 4619 1212 4684 iilis
1242 4617 1400 4698 sanctifico
1427 4637 1476 4682 me
1504 4617 1609 4697 ipsum
1636 4613 1928 4700 floann.17,19).
1975 4610 2126 4677 Sensim

111 4721 171 4765 333
197 4704 307 4767 nutrius
331 4703 415 4769 clare
449 4705 648 4770 inconcione
674 4703 860 4768 Antiochiae
888 4703 994 4768 habita
1024 4723 1092 4768 333-
1143 4704 1206 4770 sibi
1234 4704 1316 4769 nibil
1342 4704 1503 4784 acquirere
1531 4706 1673 4781 testatur,
1706 4701 1763 4783 qui
1788 4701 1926 4782 fructum
1949 4700 2126 4765 sanctitatis

109 4787 215 4867 firmat
237 4789 325 4873 (Aa.
349 4794 397 4869 13,
418 4790 490 4875 38),
515 4791 663 4856 credendo
684 4792 720 4854 in
744 4788 905 4858 Christum
925 4789 1093 4871 4334443334
1144 4812 1221 4857 snae
1253 4792 1288 4855 in
1320 4790 1401 4855 aiios
1431 4788 1588 4869 transfert.
1633 4787 1678 4851 Et
1711 4791 1787 4852 certe
1814 4786 1868 4850 hoc
1894 4785 2031 4850 manime
2056 4786 2125 4869 diq-

111 4892 168 4937 nos
194 4895 337 4939 asserens
364 4876 403 4939 34
432 4875 575 4942 ominibus
602 4899 624 4941 a
646 4876 760 4958 quibus
780 4897 842 4942 333
867 4876 1030 4956 potuimus
1056 4877 1092 4939 iu
1145 4899 1221 4943 uum
1248 4878 1407 4943 obseruata
1435 4876 1517 4958 quod
1548 4872 1704 4951 Christus,
1733 4878 1767 4938 nt
1793 4893 1825 4939 se
1853 4876 1947 4938 totum
1970 4872 2126 4938 addiceret

112 4957 175 5041 leqe
197 4960 301 5026 Masis
328 4962 507 5041 iustificari.
553 4963 640 5027 Nam
661 4964 691 5028 si
713 4962 884 5028 obseruatio
905 4961 981 5044 lepis
1001 4963 1093 5026 insti-

110 5044 159 5107 tia
188 5050 239 5125 est,
269 5049 341 5129 quis
370 5054 454 5132 33334
482 5047 649 5128 Christum,
679 5050 757 5114 dmn
786 5050 841 5115 boe
872 5070 961 5114 onere
993 5049 1028 5114 in
1059 5067 1093 5112 se

112 5137 249 5215 suscepto
270 5153 326 5198 nos
347 5132 415 5198 Deo
430 5135 564 5215 perinde
585 5136 728 5201 conciliat
749 5156 786 5201 ac
807 5137 838 5201 34
858 5156 995 5202 essemus
1016 5133 1093 5217 lepis

112 5215 326 5298 obsonatores,
346 5221 487 5302 fauorem
507 5221 593 5286 33443
609 5222 840 5303 promeritum?
874 5220 991 5287 Eodem
1009 5237 1093 5302 spec·
1216 5233 1245 5301 1)
1263 5234 1337 5287 Libr.
1355 5232 1379 5286 3.
1399 5240 1467 5288 sent.
1486 5235 1549 5288 dist.
1568 5232 1610 5288 18.
