4672 5842
106 308 149 371 33
178 408 184 421 Ι
498 307 636 373 LIB.L
681 309 744 374 DE
767 308 1055 376 COGNITIONE
1078 312 1162 378 DEI
1184 312 1457 379 GREATORIS.
1504 314 1603 380 OAP.
1628 316 1655 379 I.
1679 316 1725 381 Π.

104 495 269 561 oumcirca
289 503 414 578 patent,
438 495 639 561 validissima
660 499 999 580 perspicacissimaque
1016 501 1085 564 acie
1516 502 1668 569 CAPUT
1690 506 1735 568 ΙΙ.

103 580 258 645 videmur
292 582 385 646 uobis
418 581 571 663 praediti3
617 591 651 647 at
684 584 741 647 ubi
774 585 808 647 in
847 585 949 649 solem
980 587 1085 667 suspi·
1214 644 1220 659 ,
1309 645 1316 660 ,
1917 649 1925 663 ‚

103 668 218 745 616166,
242 674 339 749 atque
367 669 502 733 arrectis
530 668 631 733 oculis
654 670 927 751 contemplamur,
956 672 1006 735 vis
1028 672 1085 735 illa
1138 643 1253 749 Quld
1285 660 1341 725 slt
1368 646 1510 727 Deum
1541 676 1806 756 Cognoscere,
1839 659 1884 728 eb
1914 679 1957 728 ln
1989 679 2114 758 quem

103 774 189 835 quae
213 755 344 837 egregie
365 755 397 817 16
415 761 503 818 terra
524 754 663 832 valebat,
682 764 773 819 tanto
791 756 918 839 fulgore
936 759 1085 838 protinus
1294 765 1421 845 finem
1453 767 1602 848 tendat
1633 767 1722 848 ejus
1755 768 1951 851 coffnlblo.

102 839 338 922 perstringitur
360 848 394 902 ot
411 840 629 918 confunditur,
653 850 691 904 ut
707 842 801 905 fateri
821 864 984 926 cogamur,
1004 842 1084 906 illud
1804 841 1829 877 0

103 935 255 988 nostrum
283 927 317 988 in
345 926 589 991 considerandis
615 927 753 990 terrenis
781 950 932 1006 acumen,
967 928 1021 992 ubi
1044 930 1085 993 ad
1110 954 1112 967 ⁴
1229 936 1254 994 1.
1302 930 1374 996 Iam
1400 954 1472 995 oero
1500 932 1564 996 Dei
1599 935 1743 996 notitiam
1770 935 1921 1015 intelliqo,
1956 956 2019 1014 qno
2052 957 2116 1000 uon

103 1010 209 1074 solem
235 1019 371 1074 ventum
400 1020 462 1090 est,
496 1033 621 1076 meram
650 1035 720 1076 esse
748 1013 987 1077 hebetudinem.
1033 1016 1086 1078 Ita
1138 1018 1226 1080 modo
1248 1018 1439 1095 corremimns
1461 1019 1598 1098 aliquem
1619 1039 1684 1082 6336
1706 1019 1819 1098 Ilernn,
1842 1021 1896 1084 sed
1919 1022 2012 1084 etiam
2035 1027 2114 1086 terre-

104 1105 140 1158 66
155 1097 190 1159 in
211 1099 403 1179 reputandis
425 1098 648 1180 spiritualibus
670 1101 791 1163 nostris
814 1101 1083 1183 boniscontingit.
1138 1123 1209 1165 neris
1230 1102 1313 1181 quod
1334 1104 1372 1165 dr
1394 1123 1426 1165 eo
1448 1105 1528 1166 scire
1551 1109 1658 1167 nostro
1680 1106 1783 1185 refert,
1813 1106 1895 1184 qnod
1917 1107 1991 1169 utile
2014 1113 2057 1170 636
2079 1109 2115 1170 in

102 1180 306 1265 Quantisper
328 1185 415 1247 enim
439 1193 532 1247 extra
555 1193 677 1248 terrram
700 1207 766 1248 non
785 1187 984 1266 respicimus,
1008 1208 1083 1268 pro·
1137 1189 1206 1250 eins
1221 1189 1364 1268 gloriani,
1383 1189 1465 1267 quod
1476 1189 1608 1268 deinque
1619 1192 1749 1268 expedit.
1787 1191 1895 1270 Neque
1906 1193 1990 1254 enim
2000 1191 2116 1271 Deum,

100 1269 176 1349 pria
198 1269 332 1345 iustitia,
356 1270 523 1352 sapientia,
547 1271 668 1334 virtute
690 1271 826 1352 pulchre
848 1274 1001 1348 conteuti,
1025 1294 1083 1336 no·
1131 1274 1264 1353 proprie
1286 1274 1443 1353 loquendo,
1465 1276 1602 1355 eoqnosci
1624 1277 1763 1339 (66666663
1781 1276 1835 1339 ubi
1864 1277 1954 1340 nrdla
1976 1282 2020 1339 est
2041 1279 2101 1341 rel'

102 1353 154 1417 bis
182 1355 374 1419 suavissime
403 1356 603 1432 blandimur,
638 1369 670 1419 et
696 1365 826 1420 tantum
855 1379 922 1420 noa
950 1359 1083 1422 semidei
1134 1360 1187 1440 qio
1208 1380 1262 1422 rree
1279 1361 1392 1438 pictos.
1449 1359 1552 1439 Atque
1579 1360 1628 1423 liic
1650 1362 1788 1424 66661666
1809 1363 1925 1443 attinqo
1947 1383 2016 1425 eom
2037 1364 2102 1426 not'

101 1438 268 1518 videmur3
303 1452 337 1504 at
365 1443 392 1505 si
421 1442 520 1505 semel
554 1444 754 1523 coeperimus
786 1445 1013 1526 cogitationem
1048 1445 1082 1507 in
1135 1446 1198 1507 tiae
1224 1446 1363 1525 speeiem,
1388 1467 1452 1526 qua
1473 1445 1611 1508 66666663
1639 1447 1673 1508 in
1702 1468 1735 1510 36
1753 1448 1872 1525 perd-iti
1900 1469 1936 1511 ac
1958 1449 2115 1513 maledicti

99 1526 213 1589 Deum
236 1527 369 1609 erigere,
394 1537 427 1590 66
448 1527 631 1608 expendere
653 1529 758 1610 qualis
781 1530 831 1605 sit,
855 1539 887 1592 et
909 1551 1006 1610 quam
1026 1552 1083 1593 ex·
1137 1530 1241 1592 fleam
1267 1532 1487 1609 redemptorem
1523 1532 1557 1593 >in
1588 1530 1711 1594 Christo
1738 1534 1907 1596 oratiotore
1938 1534 2112 1613 apprehen-

31 1622 36 1630 “
101 1618 178 1676 6616
199 1612 358 1686 iustitiae,
382 1615 574 1695 sapientia-e,
598 1615 728 1677 virtutis
751 1616 821 1679 eius
842 1616 1011 1697 perfectio,
1041 1616 1082 1679 ad
1107 1565 1110 1699 l
1134 1617 1228 1693 dard,
1255 1615 1310 1678 sed
1337 1621 1457 1679 tardum
1485 1618 1522 1680 de
1545 1619 1657 1694 prima
1685 1617 1742 1679 illa
1771 1623 1799 1679 et
1826 1618 1963 1696 sinrplici
1993 1620 2111 1699 loquor,

100 1698 196 1763 ouius
219 1701 374 1762 amussim
402 1701 595 1763 conformari
622 1722 683 1764 nos
703 1710 841 1781 oportet:
872 1701 957 1782 quod
985 1715 1083 1765 antea
1134 1702 1176 1764 od
1198 1722 1295 1781 quom
1315 1723 1372 1764 uos
1393 1703 1553 1765 (induceret
1573 1704 1732 1783 genuinus
1752 1708 1885 1765 natnrae
1912 1706 1987 1767 ordo
2009 1707 2039 1767 si
2062 1707 2111 1768 in-

99 1784 137 1847 in
171 1785 266 1848 nobis
294 1784 375 1848 falso
413 1786 555 1849 iustitiae
593 1796 767 1867 praetextu
804 1786 983 1861 arridebat,
1022 1808 1081 1869 pro
1134 1792 1215 1867 teqer
1243 1788 1375 1851 stetisset
1401 1786 1516 1851 Actora.
1565 1787 1650 1850 Nam
1678 1790 1734 1851 6636
1761 1809 1847 1850 rienio
1875 1790 1955 1865 iarn,
1988 1791 2023 1852 in
2055 1790 2113 1855 liae

99 1891 232 1934 summa
254 1870 424 1951 iniquitate
446 1893 523 1934 mox
551 1871 727 1950 sordescet;
756 1872 840 1953 quod
862 1874 998 1937 mirifice
1021 1875 1081 1936 im·
1133 1872 1265 1934 tionum·
1284 1874 1408 1953 qeneris
1430 1875 1541 1949 ruina,
1570 1872 1676 1936 Deum
1701 1873 1749 1936 661
1767 1879 1899 1951 patrem,
1927 1875 1973 1937 oet
1996 1876 2112 1939 salutis

97 1955 245 2038 ponebat
267 1957 443 2037 sapientiae
466 1957 575 2033 titulo,
600 1979 658 2038 pro
687 1969 834 2021 extrema
857 1958 994 2022 stultitia
1016 1960 1081 2024 foe·
1106 2024 1109 2039 ,
1134 1963 1302 2033 autorem,
1320 1959 1367 2020 661
1395 1959 1459 2021 redo
1486 1960 1575 2022 modo
1597 1961 1777 2037 propitium
1799 1961 1915 2035 sentiet,
1945 1961 2037 2023 donec
2067 1962 2111 2025 od

97 2041 198 2119 tebit;
230 2040 316 2123 quod
345 2043 474 2106 virtutis
502 2044 617 2107 faciem
646 2066 723 2124 prae
746 2066 779 2107 sc
802 2045 939 2112 ferebat.
967 2047 1082 2108 miser·
1134 2063 1204 2106 erem
1236 2043 1325 2106 nobis
1351 2043 1587 2123 praedicandam
1619 2045 1740 2108 medius
1770 2051 1911 2108 occurrat
1947 2044 2108 2125 Cirristns3

98 2128 189 2190 rima
217 2129 407 2210 impotentia
435 2150 505 2192 esse
533 2137 697 2211 arguetur.
742 2130 834 2193 Adeo
864 2129 993 2207 divinae
1021 2152 1081 2212 pu·
1134 2129 1225 2191 alind
1252 2133 1354 2194 tamea
1383 2135 1427 2192 636
1454 2131 1567 2193 sortire
1595 2129 1700 2192 Derim
1719 2130 1855 2208 rictorem
1881 2137 2022 2194 orostrnm
2050 2153 2111 2195 sno

96 2213 194 2277 ritati
215 2213 300 2276 male
322 2214 496 2296 respondet
517 2214 602 2295 quod
625 2214 755 2279 ridetur
782 2217 816 2278 in
839 2216 931 2279 nobis
953 2215 1006 2280 vel
1025 2217 1081 2281 ab·
1135 2235 1192 2277 nos
1216 2216 1357 2292 potentio
1383 2215 1512 2294 fulcire,
1536 2216 1738 2293 procedentia
1760 2235 1877 2296 reqere,
1905 2215 2037 2279 bonitate
2063 2219 2133 2301 t'og

100 2299 349 2363 solutissimum.
1133 2319 1215 2376 ecre,
1243 2301 1387 2379 omn-ique
1415 2300 1658 2364 berredietionnrn
1688 2322 1798 2381 qerrere
1821 2303 1989 2380 prosequi5
2020 2303 2111 2366 alind

172 2386 217 2448 ’3.
261 2385 352 2451 Η166
385 2385 502 2449 borror
540 2385 595 2449 ille
628 2395 661 2449 et
699 2393 825 2467 stupor,
864 2408 927 2469 quo
959 2389 1081 2468 passim
1133 2404 1213 2462 cero,
1240 2386 1376 2466 qratiam
1398 2386 1658 2449 reconciliationis
1688 2388 1722 2448 in
1746 2386 1869 2449 (lliristo
1891 2386 1979 2449 nobis
1995 2408 2112 2467 propo-

97 2470 263 2552 scriptura
281 2473 397 2536 recitat
413 2472 579 2554 perculsos
597 2480 693 2553 atque
712 2473 849 2537 afflictos
871 2474 970 2537 fuisse
986 2494 1080 2537 sanc·
1133 2472 1228 2534 sitam
1250 2471 1400 2549 conplecti.
1449 2472 1533 2551 Quia
1555 2492 1626 2553 erqo
1647 2471 1807 2535 Dominus
1822 2473 1968 2550 primum
1989 2474 2112 2552 ampl-i-

96 2564 162 2632 tos,
186 2557 310 2638 quoties
327 2558 391 2621 Dei
408 2559 628 2639 praesentiam
646 2559 838 2622 sentiebant.
864 2556 976 2637 Quum
994 2559 1081 2621 enirn
1133 2558 1208 2620 citer
1229 2561 1348 2619 creator
1370 2562 1434 2619 tam
1456 2559 1491 2619 in
1513 2558 1624 2619 rnnndi
1646 2557 1777 2636 opificia,
1800 2578 1895 2636 quarn
1918 2558 1951 2619 in
1971 2559 2112 2640 generali

98 2663 158 2706 eos
181 2641 349 2707 videamus
371 2644 425 2725 qui
449 2645 583 2708 absente
611 2645 681 2725 ipso
704 2646 809 2709 securi
832 2645 982 2726 firmique
1006 2666 1081 2708 oon·
1133 2644 1309 2721 scripturae
1330 2644 1481 2718 doctrina
1504 2642 1614 2706 66666666
1636 2644 1671 2706 in
1696 2642 1814 2706 11166361
1833 2644 1916 2723 tocie
1937 2645 2112 2721 redenmtor

98 2728 269 2807 sistebant,
288 2729 357 2810 ipso
376 2729 513 2812 gloriam
531 2752 626 2794 suam
643 2731 881 2808 manifestante,
905 2731 950 2795 sic
968 2736 1081 2811 quate-
1134 2732 1277 2806 apparet,
1305 2727 1936 2810 666616666666666966666366966666
1971 2750 2111 2808 quornm
2154 2792 2159 2801 ,

97 2814 175 2879 fieri
208 2836 245 2879 ac
278 2817 479 2879 consternari
510 2826 547 2878 ut
579 2818 692 2880 mortis
732 2816 866 2879 horrore
899 2815 1080 2893 concidant,
1134 2834 1214 2876 nnnc
1230 2813 1323 2900 prior
1345 2814 1512 2892 tractanda
1534 2820 1585 2891 636,
1608 2814 1708 2878 altero
1727 2814 1837 2877 deinde
1858 2834 1913 2877 suo
1934 2815 2043 2878 ordine
2065 2835 2111 2878 se

98 2901 171 2963 imo
189 2900 439 2977 absorbeantur,
463 2910 496 2965 66
517 2923 620 2983 paene
642 2902 724 2965 nulli
753 2902 831 2965 sint:
862 2900 1081 2984 colligendum
1134 2905 1251 2979 qnetnr.
1299 2900 1485 2979 eranquom
1512 2904 1615 2963 666666
1643 2898 1748 2963 Deum
1776 2899 2003 2980 opmedendere
2024 2921 2111 2964 nimis

98 2984 182 3049 inde
203 2995 266 3063 est,
295 2987 462 3051 hominem
483 2987 677 3052 humilitatis
705 3009 782 3053 suae
810 2989 975 3071 agnitione
998 3010 1081 3050 nun·
1133 2989 1239 3048 nostro
1260 3005 1321 3047 non
1336 2990 1436 3065 potest
1453 2986 1530 3065 quin
1547 2985 1598 3049 illi
1615 2986 1730 3048 coitum
1747 2986 1883 3064 aliquem
1900 2985 2026 3064 tribnat,
2049 3006 2110 3050 noa

99 3091 204 3153 quam
225 3074 303 3137 satis
320 3074 413 3156 tangi
435 3080 469 3136 et
490 3075 588 3152 affici,
618 3074 682 3138 nisi
703 3083 875 3157 postquam
898 3096 932 3138 se
954 3073 996 3137 ad
1017 3074 1081 3137 Dei
1134 3076 1236 3135 tamen
1267 3071 1451 3150 simpliciter
1485 3076 1584 3134 tenere
1606 3070 1749 3151 sufficiet,
1783 3071 1875 3134 dium
1908 3091 1973 3134 6336
2010 3092 2110 3135 unum

98 3158 308 3223 maiestatem
340 3161 550 3242 comparavit.
583 3160 678 3242 ,Eius
708 3168 818 3224 autem
848 3161 1081 3224 consternatio-
1133 3177 1224 3236 quem
1245 3155 1283 3219 ab
1306 3155 1448 3220 onrrribns
1469 3162 1606 3235 oporteat
1627 3157 1686 3220 coli
1706 3162 1734 3219 66
1754 3157 1902 3233 adorari,¹
1928 3158 1995 3220 nisi
2017 3158 2110 3221 etiam

98 3243 156 3307 nis
178 3245 327 3327 exempla
348 3243 463 3310 crebra
484 3245 643 3310 habemus
662 3254 732 3309 tum
755 3246 790 3309 in
812 3246 986 3323 iudicibus,
1010 3253 1081 3308 tum
1128 3244 1280 3323 pneuma·
1299 3244 1400 3306 simus
1420 3243 1536 3322 sontem
1558 3245 1696 3306 oninium
1718 3242 1864 3306 bonorum
1885 3262 1957 3320 6336,
1977 3263 2016 3305 66
2033 3243 2111 3323 qnid

98 3330 140 3392 in
161 3331 327 3411 prophetis
356 3330 443 3413 (Iud.
468 3335 514 3407 13,
536 3335 593 3410 22;
616 3332 678 3396 Ies.
699 3336 727 3407 6,
749 3337 782 3410 6;
804 3333 862 3395 Ea.
885 3337 911 3408 l,
933 3335 973 3393 28
1001 3339 1034 3395 et
1052 3335 1080 3409 3,
1134 3328 1213 3392 olibi
1234 3349 1330 3408 quam
1350 3330 1384 3391 ia
1405 3329 1476 3407 ipso
1498 3348 1695 3409 quaeramus.
1742 3328 1808 3392 Hoc
1830 3329 1876 3391 ito
1898 3330 2024 3408 accipio,
2047 3349 2111 3393 non

103 3414 177 3498 14),
206 3415 284 3479 adeo
312 3425 349 3478 ut
377 3438 441 3495 vox
469 3418 526 3481 1116
553 3419 589 3481 16
612 3418 675 3481 Dei
702 3418 821 3499 populo
843 3419 963 3482 usitata
984 3418 1080 3481 foret:
1134 3415 1233 3478 solnm
1255 3415 1336 3494 qnod
1357 3414 1956 3491 6666666666,663666666666666166,
1983 3415 2030 3478 sic
2051 3416 2110 3476 im-

93 3499 296 3575 moriemur‚
330 3503 405 3582 quia
429 3504 593 3570 Dominus
625 3505 776 3585 apparuit
797 3504 899 3568 nobis.
944 3502 1023 3566 Ideo
1050 3512 1083 3565 et
1133 3521 1241 3564 mensa
1263 3501 1405 3578 potentia
1433 3502 1598 3576 sustineat,
1626 3501 1783 3580 sapienia
1810 3500 1996 3576 moderetur,
2025 3499 2109 3564 boni-

47 3622 50 3629 ·
95 3584 243 3650 historia
264 3585 322 3649 lob
345 3586 386 3649 ad
407 3591 658 3668 prosternendos
681 3611 758 3653 suae
780 3589 950 3665 stultitiae,
977 3590 1081 3670 impo·
1134 3591 1195 3649 tote
1215 3591 1374 3663 conservet,
1403 3586 1576 3648 lirrmonnm
1595 3587 2108 3667 ι66663666636666666636616666

97 3670 237 3746 tentiae,
261 3670 448 3751 pollutionis
471 3677 666 3740 conscientia
688 3675 851 3752 homines,
876 3676 1081 3757 potissimum
1133 3673 1273 3752 dicioqne
1294 3677 1389 3753 reqat,
1411 3673 1629 3735 misericordia
1650 3672 1760 3748 toleret,
1784 3671 1950 3750 praesidio
1972 3676 2107 3748 tueatur,

98 3777 233 3838 semper
256 3764 486 3838 argumentum
512 3782 532 3824 6
559 3762 690 3826 divinae
719 3763 910 3843 sapientiae,
938 3761 1080 3835 virtutis,
1133 3758 1188 3822 sed
1209 3758 1285 3837 quia
1306 3777 1475 3837 nusquam,
1504 3758 1551 3820 oet
1574 3759 1749 3837 sapientior
1770 3758 1919 3833 6616663,
1946 3757 1993 3819 oet
2013 3758 2106 3821 iusti·

97 3842 256 3927 puritatis
284 3842 500 3924 descriptione
528 3846 624 3911 ducit.
675 3847 789 3930 Neque
817 3848 954 3911 frustra:
990 3845 1080 3909 ride-
1134 3845 1205 3921 tiae,
1225 3843 1271 3906 vel
1287 3845 1458 3922 potentiae,
1488 3843 1534 3906 661
1559 3844 1767 3919 rectitudinis,
1794 3843 1840 3906 661
1868 3844 2008 3906 31666666
2029 3844 2110 3906 oeri-

97 3930 287 3993 musenim
310 3937 349 3991 ut
371 3927 539 3994 Abraham
560 3933 675 3998 molius
704 3956 738 3997 se
756 3940 882 3998 'terram
910 3942 943 3996 66
968 3932 1081 4014 pulve-
1134 3932 1208 3994 tatis
1227 3934 1314 4012 quita
1334 3931 1505 4007 reperietur
1526 3950 1605 4008 qnae
1626 3950 1688 3992 nori
1709 3928 1748 3990 alr
1771 3930 1840 4007 ipso
1858 3927 1947 4006 sinat,
1971 3934 1997 3991 66
2018 3930 2110 3995 euius

97 4035 173 4079 rem
195 4023 359 4098 agnoscat,
384 4035 424 4077 ox
443 4036 506 4096 quo
527 4020 658 4098 propius
677 4020 719 4082 ad
735 4018 999 4102 conspiciendam
1013 4018 1080 4081 Do-
1134 4017 1201 4095 ipse
1223 4037 1284 4078 rica
1306 4016 1347 4078 sit
1368 4035 1484 4093 cansa,
1506 4015 1635 4079 661666
1656 4014 1771 4078 36666666
1792 4015 1897 4077 onrrria
1917 4013 1956 4076 ab
1975 4016 2044 4094 ipso
2062 4036 2114 4078 66-

96 4101 184 4165 mini
202 4101 340 4183 gloriam
358 4101 495 4164 accessit
513 4101 611 4183 (Gon.
634 4108 681 4180 18,
703 4105 772 4189 27),
791 4115 828 4169 ut
845 4105 936 4169 Elias
959 4110 1082 4167 retecta
1136 4107 1274 4181 spectare
1286 4107 1314 4164 et
1320 4105 1424 4180 petere
1434 4101 1601 4176 discamus,
1624 4102 1711 4179 eique
1723 4121 1794 4163 cnm
1802 4102 1982 4180 qratiarnm
1997 4102 2114 4165 ceticae
2178 4130 2180 4137 ⁴

97 4187 184 4251 facie
205 4188 274 4251 eius
292 4208 460 4251 accessum
473 4196 661 4268 exspectare
681 4212 747 4253 non
770 4193 929 4256 sustineat
949 4191 981 4272 (l
997 4190 1079 4271 Reg.
1134 4193 1256 4266 accepta
1278 4187 1402 4267 referre.
1450 4187 1536 4249 Nam
1557 4187 1607 4249 tric
1628 4187 1779 4249 uirtutum
1801 4185 1865 4249 Dei
1892 4206 2004 4249 sensus
2026 4186 2114 4251 nobis

101 4277 155 4347 le,
177 4272 230 4354 13)
237 4296 244 4349 ;
267 4280 399 4336 tantum
422 4274 528 4336 estin
552 4282 684 4354 aspectu
706 4276 894 4342 formidinis.
940 4277 986 4340 Et
1003 4274 1081 4356 quid
1106 4228 1109 4355 l
1134 4273 1265 4337 idonens
1287 4278 1332 4337 636
1348 4273 1481 4351 pietatis
1503 4274 1657 4354 moqister,
1681 4292 1720 4334 ea
1747 4293 1810 4353 qno
1832 4272 1941 4352 reliqio
1961 4273 2112 4336 nascitur.

96 4358 201 4423 faciat
222 4358 317 4421 homo
340 4358 477 4440 putredo
500 4381 537 4423 ac
559 4360 695 4436 vermis,
723 4383 824 4442 quum
845 4365 931 4445 ipsos
954 4382 1080 4443 quoque
1136 4358 1286 4422 Pietatem
1308 4380 1377 4422 roco
1397 4359 1591 4422 coniurntam
1611 4378 1680 4422 cunr
1703 4379 1808 4421 amore
1829 4357 1891 4420 Dei
1912 4357 2115 4420 reuerentiam

98 4443 282 4508 (lherubim
313 4444 437 4521 velare,
465 4446 535 4527 ipso
559 4466 694 4527 pavore,
723 4448 835 4512 faciem
865 4470 960 4513 suam
986 4469 1080 4529 opor·
1134 4465 1230 4524 quam
1251 4444 1465 4521 derelictorum
1488 4445 1557 4507 6663
1579 4445 1692 4507 notitia
1713 4444 1863 4507 corrodiat.
1907 4442 2012 4504 Donec
2030 4442 2114 4506 enim

96 4538 171 4592 teat
192 4529 269 4614 (Ios.
290 4534 318 4605 6,
339 4530 395 4614 m?
441 4531 514 4596 Hoc
549 4531 673 4596 scilicet
702 4533 860 4614 estquod
892 4534 971 4598 dicit
1003 4553 1077 4615 pro-
1134 4531 1270 4593 sentiaat
1298 4530 1448 4606 born-ines,
1483 4529 1551 4593 Deo
1578 4550 1611 4592 se
1638 4531 1743 4591 omnio
1769 4528 1890 4603 debere,
1918 4532 2054 4607 putenm
2080 4549 2114 4593 36

97 4615 203 4698 pheta
223 4616 345 4680 Iesaias
369 4618 434 4695 (24,
455 4618 523 4700 23):
570 4617 740 4682 erubescet
775 4618 821 4682 sol
850 4627 882 4682 et
904 4618 1080 4684 confunde·
1134 4618 1203 4679 eins
1224 4637 1303 4680 cura
1323 4616 1432 4695 fooeri,
1462 4636 1531 4678 eura
1553 4615 1614 4679 sibi
1633 4616 1771 4677 oninium
1800 4613 1949 4676 bononem
1970 4633 2035 4676 6336
2058 4635 2115 4678 664-

98 4712 157 4765 tur
188 4700 268 4765 luna
300 4723 401 4783 quum
435 4703 596 4767 Dominus
635 4704 840 4767 exercituum
879 4705 1080 4787 regnaverim
1106 4740 1109 4771 r
1134 4708 1238 4778 torem,
1261 4708 1297 4765 at
1317 4701 1398 4764 66661
1416 4708 1506 4765 cetra
1524 4702 1630 4780 ipsum
1648 4699 1859 4779 quaerentum
1877 4700 1927 4775 sit,
1950 4720 2115 4779 nunqnam

99 4786 165 4851 hoc
187 4796 251 4863 est,
274 4787 330 4851 ubi
359 4788 540 4853 claritatem
567 4811 661 4854 suam
690 4789 844 4853 extulerit
886 4812 923 4854 ac
951 4789 1083 4872 propius
1135 4789 1163 4851 66
1184 4809 1216 4851 36
1237 4788 1418 4852 odrrntaria
1439 4786 1635 4851 obseruantia
1661 4784 1841 4863 3666666666,-
1868 4785 1930 4847 imo
1952 4786 2017 4848 nisi
2039 4787 2115 4850 soli·

100 4871 298 4952 admoverit,
327 4873 564 4939 lucidissimum
586 4874 735 4957 quodque
763 4896 842 4958 prae
861 4875 919 4939 illa
939 4873 1083 4939 tenebris
1134 4875 1209 4937 darn
1231 4876 1266 4937 in
1288 4894 1321 4936 co
1337 4874 1516 4954 felicitatem
1534 4872 1595 4936 sibi
1613 4871 1809 4948 constituant,
1833 4892 1997 4951 rrnrrqnam
2014 4893 2047 4935 se
2065 4872 2117 4936 illi

99 4957 338 5023 obscurabitur.
384 4959 557 5043 Utcunque
584 4972 694 5025 tamen
716 4961 781 5026 Dei
808 4961 976 5042 nostrique
998 4960 1082 5023 noti-
1129 4982 1204 5036 ,nere
1225 4966 1253 5024 66
1274 4981 1312 5022 ee
1334 4960 1439 5022 oninro
1458 4963 1533 5022 totos
1559 4957 1710 5021 addicent.

100 5045 150 5108 616
170 5039 283 5109 mutuo
305 5046 391 5109 inter
413 5068 447 5111 se
475 5068 563 5110 nexu
590 5048 655 5112 sint
678 5049 863 5133 colligatae,
894 5047 973 5111 ordo
995 5051 1082 5109 recte
1222 5052 1251 5110 2.
1298 5044 1411 5125 ltaque
1443 5045 1575 5126 friqi'dis
1611 5047 1732 5106 tantum
1767 5041 2029 5122 speculationibus
2068 5043 2118 5106 lu·

50 5194 53 5199 .
103 5129 241 5195 docendi
263 5131 407 5212 postulat
434 5142 472 5196 ut
497 5133 537 5197 de
567 5133 624 5197 illa
649 5136 756 5216 priore
779 5133 978 5199 disseramus
1001 5132 1081 5209 loeo,
1135 5131 1222 5210 dunt,
1250 5130 1365 5211 quidus
1392 5132 1427 5194 in
1448 5130 1506 5194 doc
1537 5131 1717 5211 quaestione
1748 5130 1893 5193 insistere
1918 5130 2118 5208 propositum

101 5224 176 5278 turn
198 5214 240 5280 ad
261 5216 347 5283 hanc
368 5218 572 5283 tractandam
593 5228 705 5300 postea
727 5220 972 5286 descendamus.
1136 5223 1189 5295 636,
1208 5217 1287 5299 quid
1308 5219 1351 5281 sit
1372 5216 1479 5295 aaa·
1507 5236 1604 5296 quum
1626 5217 1750 5279 intersit
1775 5219 1883 5277 nostra
1905 5215 2015 5293 potius
2036 5233 2117 5293 qua-

177 5316 286 5372 Oaloini
299 5335 391 5388 opera.
432 5319 489 5375 Vol.
506 5320 550 5374 11.
1809 5347 1811 5350 ⁴
1894 5313 1912 5366 3
