4672 5842
226 314 290 375 595
489 332 495 344 ·
599 372 603 377 .
872 307 1142 377 msuluuuuo
1163 310 1269 377 RDL.
1291 305 1473 377 ollulas.
1500 312 1591 373 1569.
1609 348 1612 353 -
1988 366 1992 371 .
2169 309 2235 375 ⁶06

227 510 321 583 pater
332 497 518 575 introducit,
541 508 575 562 et
591 499 624 562 in
642 499 713 580 ipso
726 507 838 563 tuetur
855 507 888 563 et
904 500 1084 564 confirmat
1117 496 1207 577 Quia
1231 538 1235 595 3
1259 499 1360 562 refert
1390 496 1575 565 ambulasse
1607 496 1643 559 in
1675 496 1810 560 iustitiis
1840 494 1976 559 Domini
2005 496 2101 578 (Luc.
2132 502 2165 575 l,
2190 496 2235 582 6).

226 585 315 649 enim
339 592 507 665 peecatum
530 582 719 661 detestatur,
741 584 900 649 iustitiam
919 593 1021 662 amrat3
1042 605 1122 666 quos
1145 583 1212 647 sihi·
1232 618 1234 635 ι
1259 580 1348 649 Sane
1370 582 1448 647 dum
1470 583 1517 646 ita
1537 581 1689 664 loquitur,
1712 603 1811 664 opera
1832 581 1939 664 magis
1960 582 2100 665 exlegis
2117 592 2239 649 natura

226 669 405 749 coniungit,
428 690 483 734 eos
505 669 623 751 spiritu
642 691 702 734 suo
719 671 880 752 purificat,
903 678 941 735 ιιι
961 671 1024 735 sibi
1041 690 1207 752 regnoque
1259 670 1410 735 aestimat
1441 689 1542 750 quam
1575 668 1706 750 propria
1739 667 1885 749 ipsorum
1917 667 2111 733 conditione.
2161 667 2239 734 Era·

226 774 286 819 suo
314 753 430 819 reddat
456 758 646 820 conformes.
690 756 781 838 Ergo
809 756 836 818 si
859 758 966 838 prima
988 776 1087 821 eausa
1105 777 1206 837 quae·
1259 776 1374 819 rursus
1394 754 1445 818 hic
1466 754 1689 818 memorialem
1710 754 1791 833 qaod
1812 773 1913 832 nuper
1934 755 2020 832 dict,
2048 774 2087 819 ea
2108 755 2237 820 imario

226 848 329 918 retur,
353 840 440 904 unde
459 844 595 922 patefiat
616 842 738 906 sanctis
755 862 903 906 accessus
926 842 1036 907 inDei
1058 863 1205 924 regnum,
1231 886 1234 897 .
1256 843 1361 924 praeci
1394 841 1571 922 immotis
1602 860 1663 902 coe
1695 860 1759 904 esse
1790 840 1988 904 ιιαιιιειιάαιιι
2020 841 2121 921 leuem.
2174 841 2238 905 Sed

227 926 317 991 unde
346 926 488 990 habeant
521 937 558 989 ut
584 928 763 992 consistant
788 928 825 990 in
852 950 889 991 eo
918 949 955 992 ac
983 939 1206 1010 permaneant,
1231 962 1233 985 ι
1259 927 1333 1008 quio
1358 927 1466 992 Lucos
1495 926 1531 989 ia
1556 931 1680 1005 recepta
1708 926 1844 989 cosmae
1870 924 1953 990 adra
1979 931 2103 991 matare
2128 927 2237 1005 velud,

227 1021 380 1097 prompta
406 1021 457 1075 est
485 1015 665 1094 responsio:
695 1014 773 1094 quia
791 1014 957 1078 Dominus
985 1035 1041 1078 ees
1062 1033 1122 1078 sua
1144 1015 1206 1076 mi·
1257 1034 1355 1093 aeque
1376 1034 1429 1094 epo
1449 1012 1637 1076 οοιιιιιιᾰαιιι.
1677 1011 1768 1075 Deus
1790 1012 1879 1075 enim
1900 1032 2042 1092 eaquae
2063 1011 2136 1096 lege
2158 1034 2254 1078 eon·‘

226 1098 403 1165 sericordia
430 1106 463 1162 et
490 1100 657 1180 adoptavit
685 1098 801 1176 semel,
834 1108 867 1164 et
895 1110 1053 1182 perpetuo
1086 1110 1204 1164 tuetur.
1258 1101 1407 1164 tinentur
1428 1097 1598 1162 mandavit
1619 1096 1807 1162 hominibus
1829 1098 1864 1160 in
1885 1096 2061 1176 iustitiam3
2081 1097 2139 1164 sed
2160 1119 2237 1163 eam

228 1181 268 1250 Si
288 1194 397 1249 autem
420 1184 460 1248 de
482 1182 578 1248 modo
600 1186 748 1265 quaestio
771 1194 834 1261 est,
864 1198 934 1250 tum
962 1185 1004 1250 ad
1033 1207 1205 1268 regenera-
1231 1210 1233 1269 ι
1257 1185 1416 1249 iustitiam
1438 1205 1504 1248 non
1525 1182 1749 1264 exsequimur,
1778 1183 1843 1246 nisi
1870 1192 1971 1247 tetam
1995 1183 2103 1266 legem
2123 1185 2237 1249 obser·

229 1269 353 1336 florium
365 1279 415 1335 est
435 1268 697 1335 descendendum
718 1271 853 1353 eiusque
869 1273 993 1336 fructus
1013 1273 1068 1353 qui
1080 1272 1206 1353 psalmo
1231 1286 1233 1329 :
1258 1271 1373 1337 vando.
1419 1268 1575 1351 Qualibet
1601 1270 1690 1333 enim
1717 1269 1975 1351 transgressione
2003 1271 2234 1352 corrumpitur.

227 1355 285 1421 illo
307 1367 526 1421 recensentur.
1231 1358 1370 1439 ,Quum
1399 1377 1477 1439 ergo
1505 1355 1557 1420 lex
1586 1354 1670 1420 nihil
1696 1356 1760 1419 nisi
1784 1355 1944 1419 iustitiam
1966 1356 2178 1437 praescribet,
2206 1356 2238 1421 si

318 1447 344 1506 7.
390 1443 435 1506 At
465 1463 541 1506 vero
571 1441 645 1524 plus
675 1442 771 1524 longe
797 1441 1000 1507 difficultatis
1023 1466 1093 1508 esse
1115 1443 1206 1508 vide-
1231 1454 1233 1543 t
1259 1446 1294 1508 in
1326 1445 1431 1526 ipsam
1466 1442 1669 1523 respicimus,
1709 1441 1852 1506 iustitiae
1891 1452 1971 1505 sunt
2002 1441 2134 1524 singula
2165 1442 2238 1508 eius

228 1535 284 1593 tur
311 1529 345 1592 in
375 1527 425 1591 his
454 1527 546 1603 locis,
575 1530 631 1609 qui
660 1537 693 1590 et
719 1528 803 1592 bona
825 1549 924 1610 opera
945 1529 1088 1593 iustitiae
1111 1530 1206 1594 titulo
1231 1566 1234 1613 Ι
1259 1529 1430 1606 mandata;
1452 1529 1480 1592 si
1503 1527 1652 1591 homines
1674 1537 1859 1608 spectamus
1881 1528 2040 1608 aquibus
2062 1529 2161 1607 liunt,
2185 1528 2239 1591 iu·

227 1613 424 1697 insigniunt,
464 1624 497 1677 et
536 1614 700 1677 hominem
741 1613 807 1677 illis
846 1623 996 1679 asserunt
1027 1616 1204 1680 iustificari.
1231 1630 1234 1645 ²
1260 1616 1367 1681 stitiae
1388 1613 1519 1678 laudem
1541 1613 1677 1677 minime
1703 1623 1947 1695 consequuntur
1972 1634 2015 1677 ex
2043 1633 2110 1677 uno
2131 1634 2239 1695 opere,

227 1698 369 1765 Plurimi
398 1708 476 1763 sunt
503 1701 619 1781 prioris
648 1701 791 1782 generis,
821 1701 877 1764 ubi
899 1700 1127 1766 mandatorum
1151 1702 1207 1766 ob·
1259 1705 1292 1767 in
1316 1701 1428 1766 nurltis
1451 1707 1725 1782 transgressores,
1755 1708 1788 1762 et
1816 1720 1857 1762 cx
1886 1719 1924 1762 eo
1951 1719 2048 1781 opere
2069 1698 2158 1781 qued
2179 1699 2240 1764 ali·

229 1787 444 1858 uervationes,
485 1786 730 1850 iustificationes
766 1798 926 1850 vocantur
959 1808 1016 1851 seu
1050 1789 1205 1851 iustitiae.
1232 1802 1235 1843 t
1259 1810 1324 1870 qua
1346 1808 1475 1868 semper
1503 1807 1544 1849 ex
1571 1794 1665 1868 parte
1687 1795 1819 1867 prepter
1842 1785 2122 1866 imperfectionem
2142 1786 2238 1850 vitio·

226 1870 374 1935 Alterius
402 1873 531 1952 generis
560 1871 746 1952 exemplum
777 1879 839 1944 est,
869 1870 953 1953 quod
982 1873 1068 1954 apud
1091 1874 1208 1938 Mosen
1232 1866 1235 1897 ³
1260 1896 1334 1938 sum
1357 1882 1414 1936 est
1885 1886 1894 1909 ⁸

228 1956 342 2041 (Deut
365 1964 399 2032 ι,
419 1960 476 2039 25)
500 1957 652 2020 ιιιιιιιιιιιε
682 1958 744 2020 erit
774 1956 853 2020 haee
876 1957 1001 2022 iustitia
1024 1968 1150 2036 nestra,
1180 1961 1207 2022 si
1233 1994 1235 2039 g
1346 1967 1375 2023 8.
1410 1956 1478 2023 Sed
1500 1957 1597 2022 venie
1615 1956 1657 2021 ad
1675 1956 1855 2021 seeundum
1875 1977 1986 2039 genus,
2010 1957 2045 2020 in
2063 1978 2127 2038 que
2144 1977 2239 2039 prae-

227 2042 478 2107 eustodierimus
503 2055 677 2125 praecepta
704 2043 766 2106 ista
793 2044 910 2108 omnia.
956 2046 1006 2109 Ac
1034 2046 1061 2108 si
1075 2045 1100 2127 ¹)
1134 2067 1207 2127 pro-
1232 2050 1235 2121 ξ
1261 2047 1357 2127 oipua
1390 2055 1440 2109 est
1472 2043 1655 2108 difficultas.
1711 2042 1803 2106 Nihil
1835 2043 1940 2125 magis
1973 2044 2106 2107 firmum
2140 2042 2240 2108 habet

227 2128 416 2193 missionem
439 2150 508 2192 esso
532 2128 672 2210 legalem
691 2128 849 2209 excipias,
875 2151 957 2211 quae
980 2128 1106 2194 adnexa
1130 2151 1207 2195 eon·
1233 2134 1235 2179 t
1259 2131 1386 2196 Paulus
1415 2130 1456 2193 ad
1484 2128 1685 2212 probandam
1712 2128 1789 2193 fidei
1816 2127 1989 2205 iustitiam,
2024 2149 2125 2209 quam
2153 2128 2240 2209 quod

228 2212 342 2281 ditioni
364 2214 556 2295 impassibili
580 2214 662 2277 nihil
685 2215 813 2296 prebet,
843 2214 1007 2279 suntalia
1030 2215 1208 2298 dequibus
1233 2270 1235 2275 .
1261 2216 1301 2282 dc
1320 2216 1491 2281 Abraham
1519 2214 1688 2292 scribitur,
1718 2213 1817 2278 fidem
1844 2213 1891 2277 illi
1918 2235 2012 2278 suam
2033 2235 2094 2296 pro
2114 2215 2240 2280 iustitia

227 2296 315 2364 idom
343 2299 538 2381 respendere
567 2321 632 2363 nen
661 2300 778 2381 possis,
809 2301 905 2381 quale
932 2310 982 2365 est
1011 2301 1092 2366 illud
1115 2302 1206 2385 (ibid.
1232 2304 1456 2385 :imputatam
1485 2301 1592 2365 fuisse.
1643 2299 1758 2380 Quum
1791 2321 1868 2383 erge
1900 2299 2025 2365 editum
2058 2300 2186 2366 acinus
2220 2322 2240 2365 a

232 2387 288 2459 24,
312 2384 378 2468 13):
409 2386 533 2467 eritque
556 2384 615 2448 tihi
637 2384 671 2448 id
693 2406 752 2467 pre
774 2386 900 2449 iustitia
921 2408 1031 2451 coram
1054 2389 1206 2466 Domino,
1232 2426 1235 2445 ι
1260 2389 1404 2453 Phineas
1426 2387 1625 2469 imputatum
1654 2385 1700 2448 illi
1729 2387 1828 2450 fuisse
1854 2384 1895 2450 ad
1918 2386 2078 2450 iustitiam
2100 2384 2238 2463 dicaam

228 2469 364 2535 reddere
398 2471 532 2553 pauperi
566 2470 763 2552 depositum,
793 2480 853 2537 etc.
899 2472 986 2536 Item
1019 2473 1104 2555 qued
1131 2495 1207 2557 pro-
1260 2473 1344 2556 quod
1368 2473 1407 2537 de
1428 2472 1493 2537 fide
1515 2470 1682 2537 contendit
1701 2472 1835 2549 Paulus,
1853 2471 1963 2536 licebit
1983 2472 2079 2538 nobis
2101 2471 2142 2536 de
2164 2493 2239 2554 ope-

250 2555 328 2621 heta
350 2556 428 2622 dicit
457 2556 559 2640 (Psal.
582 2562 657 2632 lost,
677 2556 750 2638 30),
784 2556 905 2635 celum,
941 2559 975 2621 in
1004 2559 1207 2625 vendicanda
1261 2559 1351 2625 ribus
1383 2559 1578 2624 ratiocinari.
1622 2555 1767 2622 Proinde
1793 2550 1972 2622 addemarii
2000 2559 2118 2635 nostri,
2146 2560 2239 2639 quasi

263 2643 361 2707 raelis
384 2644 514 2724 probro,
546 2645 744 2725 imputatum
771 2643 869 2708 fuisse
891 2644 1035 2710 Phinees
1058 2647 1091 2709 in
1114 2648 1208 2711 iusti·
1232 2684 1235 2709 ι
1260 2668 1296 2710 re
1318 2647 1437 2719 evicto,
1461 2644 1666 2713 constituunt
1686 2665 1746 2707 nos
1766 2640 1896 2725 quidem
1920 2645 1991 2708 sinc
2012 2642 2076 2708 fide
2098 2664 2164 2706 non
2187 2644 2238 2707 iu·

228 2728 318 2793 tiam
355 2729 470 2811 ltaque
491 2729 664 2793 Pharisaei
686 2729 788 2793 nostri
812 2732 968 2811 temporis
991 2731 1135 2813 amplam
1156 2735 1208 2795 in·
1232 2754 1235 2813 ι
1261 2732 1410 2810 stificari3
1433 2731 1491 2796 sed
1513 2751 1618 2812 neque
1640 2751 1698 2811 per
1720 2751 1791 2794 eam
1813 2729 1984 2794 iustificari
2004 2728 2115 2805 εοιιιιι,
2138 2748 2239 2810 opera

228 2814 371 2880 saltandi
389 2816 561 2880 materiam
582 2815 636 2880 hie
654 2837 688 2878 se
707 2814 828 2879 habere
847 2826 972 2898 putant
1007 2817 1093 2881 Nam
1106 2840 1208 2900 quum
1232 2820 1235 2901 l
1261 2839 1331 2883 esse
1353 2838 1436 2899 quae
1458 2817 1617 2881 iustitiam
1640 2826 1786 2880 nostram
1804 2813 1971 2897 impleant
2004 2815 2075 2898 ugo
2097 2814 2151 2880 hic
2168 2816 2240 2897 pios

228 2898 388 2978 dieamiis,
423 2910 531 2965 erecta
559 2900 635 2964 fidei
663 2901 787 2965 iustitia
814 2902 928 2967 cedere
956 2923 1092 2984 eperum
1115 2905 1207 2968 iusti·
1233 2906 1235 2957 Ι
1261 2905 1413 2980 obtestor,
1436 2912 1475 2966 ut
1492 2904 1519 2967 si
1537 2924 1651 2966 veram
1669 2901 1811 2966 iustitiae
1829 2900 1977 2984 regulam
1994 2923 2035 2966 ex
2052 2899 2121 2965 sela
2137 2901 2240 2983 scrip-

228 2987 429 3063 sationem,
458 2987 570 3051 eodem
597 2988 668 3051 iure
695 2997 984 3070 argumentantur,
1013 2990 1041 3052 si
1069 3011 1110 3054 ex
1132 3011 1208 3073 ope·
1233 2994 1236 3059 i
1261 2999 1335 3054 tura
1354 2987 1531 3071 petendam
1550 2997 1688 3065 norunt,
1712 3008 1841 3052 mecum
1862 2987 2013 3069 religiose
2030 2993 2064 3051 et
2081 2987 2166 3051 serio
2184 3008 2240 3052 ex·
2282 3005 2287 3023 ·

231 3072 324 3138 ribus
347 3072 487 3149 iustitia,
520 3094 597 3155 crgo
624 3072 744 3136 falsum
773 3083 823 3138 est
851 3096 909 3139 nos
938 3074 1007 3138 sola
1028 3074 1093 3139 fide
1115 3077 1208 3140 iusti·
1233 3078 1236 3132 Ι
1261 3075 1409 3158 pendant
1429 3073 1589 3156 quomode
1611 3074 1674 3138 scri
1699 3084 1774 3137 tura
1796 3093 1907 3138 secum
1929 3073 2000 3155 ipsa
2020 3073 2093 3138 sine
2114 3072 2240 3138 cavillis

230 3158 331 3222 ficari.
385 3158 424 3222 Ut
444 3159 521 3236 clem,
544 3158 620 3240 lepis
637 3165 805 3238 mareque
826 3162 930 3225 vocari
953 3161 1101 3236 fust-ilios,
1125 3162 1209 3226 nihil
1234 3170 1237 3251 j
1261 3162 1325 3226 rite
1342 3161 1508 3226 conciliari
1519 3160 1630 3242 possit
1695 3180 1774 3223 uum
1793 3159 1890 3224 sciret
1902 3158 2037 3237 Paulus,
2057 3157 2134 3223 fidei
2149 3159 2240 3222 iusti·

229 3242 366 3307 mirum:
402 3254 480 3307 sunt
514 3244 602 3307 enim
635 3265 670 3308 re
705 3265 790 3309 vera.
849 3246 1035 3327 Quanquam
1067 3250 1210 3314 cunradi
1261 3248 1447 3314 ficationem
1477 3246 1657 3328 suffugium
1685 3266 1756 3310 esse
1784 3246 1839 3323 iis,
1873 3244 1929 3326 qui
1955 3245 2090 3327 propria
2116 3245 2240 3309 iustitia

231 3334 305 3393 aaut
330 3328 468 3407 leuca,
505 3329 641 3393 Graecos·
663 3351 783 3409 parm
811 3337 881 3410 epte
909 3352 1009 3395 socen
1035 3331 1210 3398 leehroieem
1262 3332 1466 3409 deficientur,
1490 3330 1644 3396 audacter
1655 3332 1761 3408 infert,
1785 3331 1910 3395 iustitia
1931 3351 2069 3412 operum
2091 3331 2239 3396 exclusos

231 3414 273 3479 H
276 3412 398 3480 UCIM
402 3414 431 3496 2)
454 3416 582 3479 vestiae
604 3412 810 3493 δικαιώματα,
828 3436 892 3495 pre
914 3417 1029 3481 edictis
1072 3418 1124 3484 De
1143 3442 1210 3486 uoce
1262 3420 1446 3502 quicunque
1467 3417 1532 3482 lide
1551 3417 1779 3482 iustificantur.
1825 3415 1989 3496 Quoniam
2011 3437 2092 3481 vere
2114 3424 2241 3482 constat

231 3504 334 3565 amen
362 3501 455 3580 facile
482 3500 565 3564 litera
586 3501 713 3565 remitto.
756 3501 870 3583 Neque
891 3523 963 3567 vere
985 3503 1046 3569 hoc
1068 3504 1209 3590 denega-
1261 3505 1409 3581 emmam
1431 3504 1522 3568 illam
1544 3524 1614 3568 esse
1636 3502 1781 3568 fidelium
1801 3523 2023 3580 communem,
2046 3524 2089 3567 ex
2111 3523 2149 3567 eo
2171 3502 2240 3584 pari

230 3604 307 3650 mus
340 3584 404 3669 legi
431 3585 496 3650 Dei
528 3587 608 3668 quin
640 3586 817 3668 perfectam
850 3587 1008 3652 iustitiam
1037 3593 1208 3656 contiueat
1234 3578 1237 3663 l
1262 3590 1382 3656 fiducia
1403 3589 1572 3655 constituit
1592 3588 1744 3671 operibus
1766 3589 1930 3653 neminem
1950 3588 2137 3668 iustificam
2161 3589 2238 3669 quin

230 3670 377 3737 usmeta
398 3673 501 3749 enim,
530 3672 606 3754 quia
628 3671 790 3737 debitores
816 3694 930 3739 sumus
958 3677 1105 3740 emnium
1127 3700 1209 3760 quac
1234 3672 1237 3756 l
1262 3677 1367 3759 magis
1396 3683 1526 3753 eontra,
1554 3675 1643 3739 nullo
1671 3695 1807 3757 operum
1834 3673 2033 3739 adminiculo
2058 3672 2236 3738 iustificari.

230 3759 396 3856 praecipit,
420 3758 520 3822 etiam
542 3758 638 3840 plena
655 3758 726 3822 eius
744 3757 928 3824 obedientia
945 3760 1099 3841 defuncti,
1122 3767 1210 3829 servi
1235 3760 1237 3785 ²
1263 3760 1331 3826 Sed
1353 3761 1444 3826 aliud
1466 3770 1516 3826 est
1539 3759 1704 3843 disputare
1729 3758 1806 3843 quid
1834 3781 1892 3842 per
1919 3780 1954 3824 se
1977 3758 2110 3825 valeant
2128 3779 2235 3840 opera,

231 3844 364 3909 mutiles
397 3864 526 3921 sumus;
560 3844 636 3925 quia
669 3854 782 3908 tamen
813 3866 885 3909 eam
913 3845 1037 3912 honore
1066 3849 1209 3915 iustitiae
1262 3846 1352 3912 aliud
1385 3868 1448 3929 quo
1480 3846 1550 3912 loco
1577 3857 1652 3929 post
1681 3845 1859 3911 stabilitam
1887 3845 1964 3917 fidei
1980 3845 2150 3910 iustitiam
2176 3842 2237 3908 ha·

230 3928 394 3993 Dominus
426 3929 580 4012 dignatus
613 3937 678 4005 est,
711 3952 778 3994 non
806 3929 1008 3998 detrahimus
1036 3935 1122 4016 quod
1155 3935 1210 4001 ille
1261 3932 1369 3998 benda
1390 3933 1466 3997 sint
1511 3930 1550 3997 si
1576 3933 1728 4015 operibus
1749 3931 1960 3996 staurendum
1981 3938 2032 3996 est
2049 3951 2109 4012 pre
2130 3928 2237 4012 digni—

231 4012 331 4079 dedit
378 4015 536 4079 Paternur
557 4036 635 4099 ergo
658 4014 806 4096 libenter,
829 4017 1012 4082 sumtuum
1034 4019 1115 4102 legis
1133 4021 1209 4085 obe-
1234 4030 1238 4091 1
1262 4029 1329 4083 tate
1362 4040 1422 4083 sua
1454 4019 1609 4101 pretium,
1642 4017 1778 4102 indigna
1805 4039 1876 4082 csse
1902 4016 2054 4093 dicimus,
2087 4035 2171 4098 quae
2199 4016 2235 4078 in

232 4098 391 4165 dientiam
412 4124 482 4166 esse
503 4102 676 4179 iustitiam;
700 4102 849 4167 mandati
871 4105 1129 4186 uniuscuiusque
1152 4108 1208 4172 ob-
1261 4113 1471 4186 eonspeotum
1488 4104 1554 4169 Dei
1571 4104 1744 4187 prodeant,
1765 4104 1838 4168 ideo
1857 4103 1942 4168 nihil
1962 4122 2096 4185 eperum
2112 4100 2236 4166 habere

231 4186 467 4264 afflationem,
491 4208 561 4253 esse
583 4187 725 4253 iustitiae
746 4197 889 4271 partem;
916 4188 1076 4271 siquidem
1098 4192 1134 4255 in
1156 4215 1208 4258 rc-
1262 4191 1442 4267 hominem,
1475 4211 1541 4273 quo
1575 4189 1662 4272 apud
1684 4191 1792 4256 Deum
1821 4190 1991 4273 glorietur3
2020 4186 2113 4265 inde,
2146 4186 2238 4253 omni

231 4271 329 4355 liquis
357 4273 456 4338 etiam
484 4274 630 4356 partibus
660 4283 728 4339 tota
754 4275 897 4339 iustitiae
920 4295 1049 4338 summa
1071 4287 1207 4343 constet.
1261 4298 1397 4359 operum
1431 4275 1628 4341 adminiculo
1666 4286 1816 4352 exutum,
1856 4275 1924 4340 sola
1962 4273 2026 4340 fide
2057 4274 2236 4341 iustificari.

221 4356 301 4424 -Sed
328 4368 457 4424 exstare
487 4380 624 4441 usquam
652 4359 751 4423 talem
782 4360 926 4424 iustitiae
948 4360 1086 4424 formam
1108 4385 1209 4449 nega·
1260 4363 1347 4427 Eam
1376 4383 1474 4445 porro
1508 4363 1668 4429 iustitiam
1701 4362 1890 4437 definimus,
1924 4361 2011 4442 quod
2043 4360 2080 4425 in
2112 4359 2238 4427 (lhristi

231 4466 313 4510 mus.
349 4447 457 4528 Atque
480 4445 552 4511 ideo
573 4445 656 4528 legis
677 4445 836 4510 iustitiam
857 4444 1012 4522 tollimus,
1034 4469 1100 4511 non
1123 4452 1208 4533 quod
1261 4449 1523 4514 communionem
1546 4459 1697 4530 receptus
1715 4455 1863 4531 peccator
1880 4448 1951 4512 eius
1973 4447 2081 4530 gratia
2097 4449 2170 4512 Deo
2187 4467 2238 4510 re-

231 4550 349 4596 maneo
380 4553 439 4614 per
471 4553 506 4595 se
537 4533 580 4595 sit
607 4552 645 4596 ac
673 4530 804 4607 mutila,
838 4529 895 4596 sed
922 4530 1009 4612 qued
1036 4531 1075 4597 ob
1099 4540 1208 4604 carnis
1262 4535 1468 4612 conciliatur,
1497 4534 1576 4599 dum
1603 4535 1692 4600 illius
1720 4534 1881 4618 sanguine
1909 4540 2071 4618 purgatus
2092 4539 2238 4618 peccato-

230 4629 362 4683 nestrae
384 4617 586 4682 debilitatem
609 4637 769 4698 nusquam
788 4625 981 4699 compareat.
1021 4619 1124 4703 Atqui
1142 4646 1208 4688 non
1260 4643 1336 4686 rum
1364 4620 1588 4686 remissionem
1608 4620 1747 4699 obtinet,
1774 4628 1808 4685 et
1832 4619 1959 4684 iustitia
1986 4639 2054 4683 non
2081 4640 2173 4686 secus
2200 4636 2238 4681 ae

230 4701 328 4767 medo
350 4714 523 4786 praccepta
546 4702 681 4766 Domini
709 4703 899 4786 simpliciter
926 4704 1087 4786 scriptura
1114 4710 1208 4774 iusti·
1261 4708 1393 4790 propria
1424 4707 1578 4785 vestitus,
1614 4728 1723 4772 coram
1755 4705 1887 4772 coelati
1917 4705 2076 4770 tribunali
2105 4724 2240 4770 securus

231 4789 295 4855 tias
316 4798 427 4865 vocat,
463 4789 520 4854 sed
547 4787 699 4872 operibus
724 4811 850 4872 quoque
878 4798 1065 4855 sanctorum
1093 4794 1209 4861 tribuit
1262 4793 1419 4859 subsistit
1463 4794 1658 4875 Praeposito
1684 4801 1892 4875 peecatorum
1916 4793 2121 4870 remissione,
2154 4809 2238 4873 quae

231 4875 294 4940 hoe
315 4896 442 4939 nomen.
483 4876 530 4941 Ut
552 4897 653 4958 quum
674 4876 867 4941 Zachariam
890 4884 923 4941 et
944 4876 1013 4940 eius
1034 4880 1208 4965 coniugem
1260 4882 1328 4945 iam
1347 4890 1529 4962 sequuntur
1550 4878 1635 4944 bona
1651 4900 1750 4962 opera
1767 4879 1864 4945 aliam
1886 4899 1985 4960 quam
2006 4900 2026 4943 a
2045 4901 2105 4945 sue
2122 4876 2239 4942 merito

782 4974 785 4979 '
1261 4966 1519 5032 aestimationem
1535 4964 1675 5045 habent;
1696 4966 1773 5047 quia
1793 4963 1952 5048 quidquid
1968 4965 2004 5029 in
2020 4965 2087 5029 illis
2104 4973 2156 5029 est
2174 4963 2238 5027 im·

1261 5053 1455 5135 perfectum,
1485 5049 1610 5116 Christi
1631 5051 1830 5131 perfectione
1852 5051 2053 5134 mntcgitur3
2081 5046 2238 5134 quidquid

300 5164 330 5229 1)
350 5165 423 5220 naa.
441 5182 508 5220 rece.
526 5181 617 5219 ωιιιι
633 5168 716 5220 aare:
740 5169 776 5219 n
794 5169 824 5220 a.
903 5167 934 5236 ι)
953 5169 1027 5224 nra.
1046 5170 1121 5225 uss.
1141 5173 1208 5226 resi
1261 5144 1514 5238 ”mmet
1536 5136 1761 5236 ampelium,
1784 5135 1931 5236 ciusdem
1947 5137 2092 5236 puritate
2113 5135 2239 5201 absar-

230 5232 623 5295 miserescentem
641 5234 832 5290 ιιοιυιιιιιιαι
847 5237 961 5293 haunt·
978 5240 1120 5294 οιιιιιιι.
1260 5219 1616 5308 gibrr,nem1ud1on
1635 5221 1740 5288 divim
1760 5231 1983 5306 quaestionem
2004 5229 2125 5289 veniat
2170 5218 2239 5289 Ob·
