4672 5842
118 329 180 390 sas
312 324 402 390 nra.
425 324 489 389 111.
535 325 599 389 111
622 322 758 390 nono
781 272 1134 389 ruaommnmn
1155 320 1343 388 enarsrr
1364 321 1583 387 11111111.
1629 322 1849 390 11111111.
1872 324 1935 391 111.
2068 328 2129 390 sas

118 512 216 595 Quod
250 514 278 577 si
310 532 443 576 necesse
475 511 575 575 habet
600 510 693 575 Deus
726 532 785 574 nes
819 509 963 592 erudire,
980 511 1102 575 'nostri
1153 512 1268 594 Itaque
1283 513 1441 577 iudicium
1454 534 1550 576 suum
1569 511 1794 593 desperatione
1812 514 2041 578 terminabant.
2069 515 2136 582 Hic

116 599 264 666 vicissim
290 598 389 662 officii
417 605 468 661 est
495 597 679 661 auscultare
707 597 851 671 vocanti,
880 605 914 659 et
935 605 1101 680 torporem
1154 618 1232 681 ergo
1255 599 1298 662 sit
1320 620 1434 680 scopus
1456 598 1603 662 fidelium
1623 599 1658 661 in
1681 599 1884 663 aestimanda
1904 601 2035 664 mortali
2055 602 2134 682 vita,

116 693 267 751 nostrum
289 684 470 762 vellicanti,
494 692 532 747 ut
552 691 740 764 contempto
761 683 885 747 mundo
908 682 949 746 ad
971 684 1101 747 futurae
1126 712 1129 759 1
1153 692 1193 747 ut
1211 683 1290 747 dum
1307 684 1499 768 intelligunt
1515 684 1597 748 nihil
1620 706 1731 766 perse
1751 706 1849 766 quam
1869 687 2035 750 miseriam
2054 708 2133 767 esse,

116 773 206 839 vitae
228 768 474 834 meditationem
498 777 567 832 toto
589 777 720 850 pectore
742 766 985 833 contendamus.
1155 792 1192 833 ee
1215 771 1387 834 alacriores
1415 780 1449 834 et
1475 771 1581 853 magis
1609 770 1751 853 expediti
1778 779 1862 834 totos
1885 794 1920 835 11
1942 772 1984 835 ad
2006 774 2135 838 futurae

206 863 233 921 3.
280 855 348 921 Sed
382 855 471 919 enirn
498 855 540 917 ad
566 855 666 917 talem
696 855 879 935 praesentis
907 856 995 919 vitae
1023 875 1100 917 oon·
1132 855 1242 920 ·illius
1272 864 1305 919 et
1333 864 1486 920 aeternae
1513 856 1758 921 meditationem
1783 857 1959 921 conferant.
2003 859 2070 923 Ubi
2093 857 2135 922 ad

118 952 282 1025 temptum
311 963 382 1006 sese
410 942 627 1005 assuefaciant
655 939 785 1012 fideles,
817 942 873 1021 qui
901 962 1006 1022 neque
1031 941 1102 1004 eius
1155 963 1229 1006 eam
1250 943 1525 1024 comparationem
1547 949 1683 1007 ventum
1704 949 1766 1021 est,
1796 950 1966 1009 1111111111
1990 944 2046 1007 illa
2068 965 2135 1008 non

118 1030 233 1093 odium
253 1036 397 1111 generet,
423 1048 484 1091 nee
506 1025 664 1090 adversus
686 1024 796 1089 Deum
819 1026 1100 1109 ingmtitudincm.
1154 1027 1251 1091 modo
1280 1050 1392 1092 secure
1420 1028 1544 1112 negligi
1571 1037 1692 1110 potest,
1725 1028 1783 1092 sed
1810 1050 1888 1110 prae
1917 1030 1976 1095 hac
2004 1031 2135 1111 penitus

119 1115 291 1197 Siquidem
313 1114 499 1191 1111111111,
530 1120 696 1194 utcunque
725 1111 863 1176 infinitis
885 1113 1027 1176 miseriis
1050 1133 1102 1175 re·
1156 1114 1394 1178 contemnenda
1427 1123 1477 1177 est
1509 1136 1546 1179 ae
1579 1114 1783 1178 fastidienda.
1828 1116 1915 1178 Nam
1949 1117 1975 1179 si
2009 1117 2136 1180 eoelum

118 1205 203 1266 ferta
231 1201 283 1276 sit,
311 1207 463 1263 censetur
492 1209 602 1260 tamen
629 1197 749 1260 merite
779 1197 868 1260 inter
896 1220 963 1261 non
992 1219 1102 1279 asper·
1154 1201 1261 1280 patria
1283 1208 1341 1279 est,
1366 1200 1444 1282 quid
1467 1200 1556 1264 aliud
1580 1208 1668 1264 terra
1690 1221 1788 1282 quam
1807 1202 1982 1265 exsilium?
2018 1201 2056 1267 Si
2073 1204 2135 1265 mi-

117 1286 245 1352 nandas
267 1284 333 1349 Dei
355 1283 607 1349 benedictiones.
654 1283 765 1362 Quare
789 1284 816 1345 si
839 1284 925 1346 nihil
949 1285 984 1347 in
1008 1305 1046 1347 ea
1067 1304 1103 1348 re
1155 1287 1261 1368 gratie
1285 1308 1302 1350 e
1325 1287 1447 1350 mundo
1475 1288 1581 1351 estin
1603 1288 1705 1351 vitam
1727 1289 1909 1368 ingressus,
1939 1288 2017 1369 quid
2044 1287 2134 1352 aliud

119 1372 383 1456 recognoscimus
407 1370 510 1435 divini
532 1369 696 1445 beneficii,
727 1368 776 1431 rei
802 1369 869 1432 ianr
898 1392 1012 1433 sumus
1037 1392 1102 1433 non
1154 1371 1296 1437 mundus
1329 1394 1427 1453 quam
1459 1373 1665 1455 sepulerum?
1702 1374 1735 1435 in
1769 1375 1839 1453 ipso
1871 1395 2019 1451 manere,
2055 1374 2135 1456 quid

119 1480 240 1542 parvae
268 1459 303 1521 in
324 1457 436 1520 Deum
465 1457 572 1538 ipsum
600 1453 856 1537 ingratitudinis.
901 1456 1103 1519 Praesertim
1127 1456 1129 1551 1
1155 1457 1244 1521 aliud
1273 1480 1371 1539 quarn
1400 1460 1434 1522 in
1463 1468 1567 1523 morte
1596 1457 1781 1521 demersum
1804 1459 1895 1521 esse?
1943 1460 1981 1522 Si
2003 1459 2135 1524 libcrari

119 1566 199 1611 vero
220 1543 372 1609 fidelibus
394 1543 620 1606 testimonium
642 1561 713 1604 esse
735 1539 832 1603 debet
851 1540 981 1604 divinae
1005 1542 1102 1604 hene·
1127 1564 1129 1625 1
1155 1565 1174 1605 a
1205 1565 1353 1626 corpore,
1387 1552 1437 1609 est
1470 1546 1570 1609 asseri
1597 1546 1630 1607 in
1660 1545 1798 1608 solidam
1823 1544 2022 1622 libertatem,
2057 1545 2135 1629 quid

119 1632 297 1705 volentia-03
326 1628 454 1710 quando
483 1628 525 1691 ad
547 1627 687 1691 salutem
710 1647 825 1689 eorum
846 1625 1103 1707 promovendam
1154 1628 1244 1692 aliud
1272 1638 1321 1694 est
1349 1651 1464 1712 eorpus
1494 1652 1591 1712 quam
1620 1629 1749 1695 career?
1796 1627 1833 1694 Si
1856 1628 1919 1694 Dei
1951 1632 2136 1713 praesentia

121 1728 190 1781 tota
212 1725 264 1781 111
287 1716 458 1779 destinata.
497 1714 597 1777 Prius
626 1713 715 1775 enim
737 1733 835 1794 quam
856 1723 1009 1776 aeternae
1032 1712 1102 1796 glo·
1154 1715 1218 1778 frui
1242 1736 1395 1798 suprema
1416 1716 1579 1780 felicitatis
1601 1738 1729 1781 summa
1751 1725 1808 1792 est,
1832 1738 1941 1779 nonne
1964 1737 2135 1783 eocarere

120 1805 188 1868 riae
211 1801 450 1867 haereditatem
473 1799 567 1865 nobis
589 1797 697 1880 palam
720 1797 890 1874 exhibeat,
920 1798 1102 1864 minoribus
1153 1801 1332 1865 miserum?
1378 1803 1496 1884 Atqui,
1520 1801 1622 1867 donee
1644 1824 1661 1865 e
1684 1801 1808 1865 mundo
1831 1804 2048 1880 evaserimus
2077 1824 2134 1884 pe-

38 1918 39 1923 *
121 1888 326 1953 documentis
360 1907 394 1951 se
427 1885 522 1949 nobis
554 1892 683 1966 patrem
707 1884 789 1947 vult
822 1884 995 1949 declarare.
1051 1887 1103 1949 Ea
1154 1887 1567 1969 regrinamuraDomino
1591 1888 1838 1972 (101116).
1883 1888 1989 1970 Erg0,
2013 1890 2040 1952 si
2059 1909 2135 1954 cum

121 1984 200 2040 sunt
220 1995 303 2057 quae
325 1971 470 2056 quotidie
499 1970 539 2033 ab
561 1972 632 2052 ipso
654 1968 748 2032 nohis
771 1971 986 2034 conferuntur
1007 1971 1100 2035 bona.
1154 1972 1285 2038 coelesti
1306 1974 1375 2038 vita
1396 1981 1527 2038 terrena
1549 1984 1767 2056 comparetur,
1797 1997 1862 2037 non
1890 1974 2025 2038 dubium
2055 1975 2135 2057 quin

119 2061 235 2141 Quum
255 2082 334 2142 ergo
356 2058 450 2122 nobis
473 2058 596 2122 serviat
613 2057 683 2120 vita
694 2054 774 2117 haee
793 2055 834 2118 ad
852 2057 1103 2140 intelligendam
1154 2058 1247 2123 facile
1268 2068 1301 2123 et
1318 2059 1556 2124 contemnenda
1574 2068 1607 2124 et
1623 2059 1841 2141 proculcanda
1858 2061 1909 2124 sit.
1949 2059 2033 2124 Odio
2047 2066 2134 2126 certe

118 2147 184 2210 Dei
196 2146 385 2223 benitatem,
409 2144 657 2207 itastidiemusno
679 2161 752 2203 eam
771 2142 863 2221 quasi
881 2143 1008 2207 nullam
1025 2142 1102 2207 boni
1154 2144 1307 2208 habenda
1339 2167 1509 2227 nunquam
1537 2155 1600 2219 est,
1637 2147 1701 2210 nisi
1728 2155 1888 2227 quatenus
1916 2168 1974 2211 nos
2002 2152 2134 2229 peceato

117 2234 238 2296 micam
266 2233 302 2295 in
332 2254 366 2295 se
390 2229 548 2293 haberet?
594 2229 695 2290 Hune
717 2226 821 2309 igitur
849 2249 982 2293 sensum
1005 2238 1102 2312 atque
1126 2278 1129 2301 ,
1154 2239 1246 2295 tenet
1273 2232 1442 2310 obnoxios3
1472 2253 1657 2314 quanquam
1685 2253 1727 2295 ne
1755 2231 1837 2294 illud
1864 2232 1997 2313 quidem
2024 2231 2135 2296 odium

119 2320 273 2383 affectum
301 2316 438 2381 induere
460 2337 519 2379 nos
542 2319 682 2395 oportet,
713 2319 752 2375 ut
778 2312 884 2394 ipsam
906 2336 1103 2396 reponamus
1153 2318 1285 2398 proprie
1313 2318 1348 2380 in
1374 2319 1478 2400 ipsam
1501 2318 1759 2383 convertendum
1782 2325 1839 2382 est.
1884 2318 2059 2400 Utcunque
2081 2319 2133 2397 sit,

119 2406 207 2468 inter
235 2404 371 2466 minime
401 2399 586 2483 respuenda
613 2398 743 2463 divinae
765 2396 979 2481 benignitatis
1007 2400 1100 2464 dona
1153 2423 1214 2466 nes
1236 2410 1348 2468 tamen
1378 2406 1423 2466 ita
1450 2406 1520 2468 eius
1541 2405 1594 2469 vel
1617 2404 1722 2468 taedio
1750 2403 1804 2468 vel
1828 2402 1901 2467 odio
1924 2405 2009 2468 affici
2032 2402 2133 2483 decet,

120 2491 207 2554 Nam
241 2489 270 2554 si
302 2488 452 2553 deessent
480 2487 659 2568 scripturae
687 2483 889 2562 testimonia,
920 2507 1002 2569 quae
1028 2487 1102 2568 plu·
1155 2496 1192 2551 111
1212 2491 1314 2553 finem
1336 2490 1406 2553 eius
1428 2489 1664 2566 desiderantes,
1688 2491 1795 2571 parati
1819 2510 1946 2572 quoque
1969 2491 2071 2554 simus
2093 2489 2135 2554 ad

119 2577 206 2639 rima
238 2582 316 2639 sunt
343 2583 377 2638 et
404 2573 599 2649 clarissima,
632 2572 704 2653 ipsa
736 2591 864 2650 quoque
891 2581 1010 2635 natura
1042 2593 1103 2636 nos
1154 2575 1325 2638 arbitrium
1337 2574 1473 2639 Domini
1494 2577 1528 2640 in
1546 2597 1585 2640 ea
1601 2597 1744 2653 manere,
1767 2597 1829 2657 que
1848 2575 1972 2639 seilicet
1989 2575 2135 2639 taedium

120 2662 272 2725 hortatm·
288 2658 329 2724 ad
345 2658 547 2724 reddendam
558 2657 703 2721 Domino
725 2655 907 2739 gratiarrm
929 2658 1101 2737 actionem,
1154 2667 1303 2725 nostrum
1325 2662 1370 2725 sit
1386 2663 1499 2743 procul
1518 2663 1557 2726 ab
1576 2664 1665 2725 omni
1681 2683 1852 2725 murmure
1870 2667 1903 2724 et
1920 2661 2133 2742 impatientia.

119 2746 206 2830 quod
226 2748 263 2811 in
286 2749 356 2812 eius
377 2746 485 2812 lucem
501 2766 562 2809 uos
580 2743 726 2826 protulit,
750 2742 837 2824 quod
853 2764 988 2807 usuram
1008 2744 1102 2809 nobis
1153 2746 1217 2810 Est
1238 2748 1325 2811 enim
1347 2748 1453 2811 instar
1474 2749 1633 2827 stationis,
1656 2749 1692 2811 in
1715 2770 1778 2830 qua
1799 2769 1860 2811 nes
1882 2745 2047 2810 Dominus
2068 2747 2134 2811 eol-

120 2833 286 2912 cencedit,
311 2833 397 2915 qued
420 2833 530 2896 onmia
552 2829 593 2893 ad
616 2851 688 2894 eam
710 2830 968 2894 conservandam
990 2851 1102 2895 neces·
1126 2892 1129 2909 ,
1154 2833 1289 2911 locavit,
1316 2832 1443 2897 tamdiu
1471 2835 1564 2899 nobis
1587 2832 1810 2899 conservanda
1833 2831 1939 2913 quoad
1961 2832 2133 2897 11111111-

120 2921 207 2984 saria
236 2918 400 3002 praesidia
432 2919 580 3001 largitur.
625 2916 672 2980 Et
697 2914 801 2977 multo
829 2914 887 2978 illa
919 2916 1024 2980 maior
1051 2923 1102 2981 est
1154 2918 1246 2983 earit.
1291 2918 1402 2983 Deflet
1434 2919 1565 3002 quidem
1599 2927 1720 2984 sortem
1746 2940 1841 2984 suam
1867 2918 1992 2983 Paulus
2021 2918 2132 3003 (Rom.

120 3007 212 3084 ratio,
234 3007 262 3071 si
284 3014 473 3087 reputamus
495 3007 528 3068 in
552 3025 591 3068 ea
612 3024 673 3066 nos
696 3000 737 3063 ad
755 3000 894 3084 gloriam
911 3004 1006 3085 regni
1029 3023 1101 3066 coe-
1156 3009 1184 3083 7,
1204 3003 1270 3089 24),
1294 3005 1382 3087 quod
1402 3014 1477 3070 voto
1500 3026 1559 3070 suo
1583 3005 1707 3070 diutius
1730 3005 1874 3087 corporis
1897 3004 2038 3069 vinculis
2061 3004 2133 3068 alli·

119 3092 211 3157 lestis
238 3089 475 3175 quodammodo
503 3088 700 3173 praeparari.
746 3084 803 3152 sie
828 3089 916 3152 enim
937 3089 1101 3153 Dominus
1154 3096 1250 3174 gatus
1272 3100 1432 3170 teneatur,
1456 3099 1490 3156 et
1509 3093 1653 3176 suspirat
1674 3090 1801 3156 ardenti
1823 3089 2056 3174 redemptionis
2078 3089 2146 3154 de··

120 3178 293 3256 ordinavit,
316 3186 355 3241 ut
376 3179 431 3259 qui
454 3176 534 3239 olim
555 3172 730 3241 coronandi
753 3183 831 3238 sunt
852 3175 889 3237 in
909 3174 1008 3253 coelo,
1031 3196 1101 3240 eer—
1154 3176 1290 3256 siderio;
1312 3177 1535 3257 nihilominus,
1554 3185 1592 3241 ut
1606 3176 1672 3242 Dei
1685 3179 1823 3259 imperio
1841 3184 1963 3258 pareat,
1982 3184 2135 3259 paratum

119 3260 243 3327 tamine
267 3265 359 3345 prius
386 3264 424 3326 in
451 3263 547 3326 terris
576 3262 709 3338 obeant,
743 3281 786 3323 ne
811 3260 1015 3342 triumphent
1036 3261 1102 3325 nisi
1154 3285 1189 3328 se
1211 3263 1252 3326 ad
1273 3270 1451 3346 utrumque
1472 3265 1688 3345 profitebatur
1711 3263 1814 3346 (Phil.
1838 3261 1962 3346 1,23);
1996 3263 2073 3344 quia
2099 3262 2138 3326 se‘

119 3351 282 3433 superatis
303 3349 381 3413 belli
404 3347 649 3413 difficultatibus
673 3354 705 3409 11
725 3353 822 3427 parta
842 3348 987 3411 victoria.
1032 3345 1100 3410 De·
1154 3348 1187 3412 id
1201 3348 1274 3416 Deo
1292 3347 1408 3414 debere
1432 3351 1580 3433 agnoseit
1600 3357 1638 3414 ut
1658 3370 1780 3412 nomen
1802 3350 1873 3412 eius
1896 3348 1950 3412 vel
1967 3368 2026 3430 per
2046 3368 2134 3411 mer·

119 3434 198 3499 inde
218 3435 337 3498 altera:
368 3433 453 3516 qued
480 3434 580 3497 variis
610 3432 775 3497 beneficiis
801 3431 930 3497 divinae
952 3433 1101 3517 benigni·
1153 3442 1221 3499 tem
1248 3437 1301 3501 vel
1314 3436 1339 3518 ¹)
1368 3438 1470 3502 vitam
1496 3436 1665 3520 glorificet.
1710 3435 1820 3518 Ipsius
1849 3443 1962 3498 autem
1990 3440 2041 3497 est
2067 3440 2135 3498 sta-

118 3521 199 3584 tatis
221 3520 415 3583 suavitatem
440 3519 583 3583 delibare
610 3519 647 3582 in
668 3537 707 3581 11
726 3517 915 3599 incipimus3
942 3540 1005 3601 quo
1027 3540 1101 3602 spes
1154 3528 1248 3585 tuere
1270 3521 1349 3604 quid
1371 3524 1516 3587 maxime
1540 3522 1582 3586 ad
1600 3522 1741 3605 gloriam
1760 3541 1853 3585 suam
1871 3517 2032 3604 expediat.
2065 3519 2134 3584 Ita·

119 3628 158 3670 ac
182 3604 379 3669 desiderium
405 3612 554 3669 nostmm
575 3612 712 3669 acuatur
739 3601 781 3665 ad
802 3604 933 3685 plenam
956 3606 1026 3669 eius
1049 3626 1101 3670 re-
1154 3629 1217 3689 que
1247 3607 1275 3671 si
1296 3607 1440 3672 Domino
1462 3609 1574 3674 vivere
1598 3629 1635 3672 ac
1655 3609 1740 3671 mori
1762 3629 1822 3671 nos
1846 3606 1951 3685 decet,
1982 3606 2054 3669 eius
2082 3627 2135 3669 ar·

120 3692 317 3757 velationem
330 3691 555 3772 expetendam.
585 3690 654 3755 Ubi
672 3690 886 3754 constitutum
900 3690 982 3754 illud
994 3691 1100 3770 fuerit,
1154 3694 1251 3757 bitrio
1279 3692 1505 3775 relinquamus
1532 3695 1648 3759 mortis
1675 3695 1826 3774 vitaeque
1858 3699 1988 3756 nostrae
2021 3690 2134 3754 termi-

121 3778 253 3842 divinae
276 3776 467 3841 clementiae
488 3798 608 3840 munus
630 3798 701 3840 esse
722 3775 807 3858 quod
821 3784 986 3840 terrenam
998 3777 1103 3841 vitam
1155 3801 1251 3857 num3
1280 3778 1338 3843 scd
1359 3781 1418 3857 ita,
1446 3789 1485 3843 ut
1511 3790 1545 3843 et
1571 3780 1660 3844 illius
1690 3778 1796 3844 studio
1817 3780 2011 3860 flagremus,
2039 3783 2072 3837 et
2097 3775 2134 3838 in

121 3864 274 3940 vivimus,
297 3864 389 3928 errius
412 3865 518 3947 gratia
539 3870 576 3926 ut
598 3884 710 3927 sumus
731 3861 780 3925 illi
801 3861 943 3946 obligati,
967 3864 1013 3925 ita-
1033 3884 1102 3927 me·
1155 3864 1368 3929 meditatione
1396 3866 1504 3930 simus
1526 3866 1648 3930 assidui
1654 3889 1663 3944 ;
1692 3865 1777 3928 hane
1799 3885 1891 3938 vero,
1919 3882 1999 3942 prae
2021 3860 2135 3925 futura

121 3970 230 4014 mores
258 3956 432 4033 gratosque
455 3969 525 4013 1111
546 3956 709 4029 oportere,
738 3954 811 4012 tum
837 3958 1018 4032 opportune
1046 3947 1101 4013 de·
1154 3952 1400 4016 immortalitate
1416 3959 1675 4027 contemnamus,
1696 3956 1729 4013 et
1745 3950 1785 4013 ob
1804 3949 1927 4030 per-eati
1940 3947 2135 4011 servitutem

122 4034 316 4100 scandemus
337 4034 379 4099 ad
402 4034 672 4099 considerandam
694 4035 912 4099 miserrimam
934 4036 1004 4098 eius
1025 4056 1102 4100 con·
1155 4038 1186 4101 ei
1207 4038 1407 4115 renuntiare,
1431 4040 1557 4120 quoties
1579 4035 1724 4101 Domino
1745 4034 1913 4116 placuerit,
1937 4039 2095 4116 optemus.

123 4119 279 4186 ditionem
286 4145 295 4200 ;
322 4141 386 4202 quo
408 4120 534 4185 seilicet
555 4121 753 4184 extrieemur
774 4121 911 4183 animia
927 4122 996 4184 eius
1012 4121 1101 4202 eupi—
1243 4129 1270 4188 5.
1315 4124 1389 4188 Hoo
1421 4145 1500 4188 vero
1534 4121 1677 4207 portenti
1709 4120 1830 4198 simile,
1869 4118 1954 4202 quod
1986 4141 2046 4203 pre
2078 4118 2135 4183 illo

123 4205 237 4284 ditate,
267 4207 308 4271 ad
337 4227 450 4289 quam,
479 4215 517 4270 ut
542 4205 751 4283 dictumest,
779 4206 865 4270 ultro
887 4214 1006 4271 natura
1026 4228 1101 4288 pro-
1154 4210 1271 4275 mortis
1305 4208 1485 4287 desiderio,
1527 4217 1620 4274 tanta
1659 4207 1730 4271 eius
1769 4206 1942 4270 formidine
1980 4212 2135 4270 tenentur

122 4291 311 4376 pendemus.
1153 4296 1261 4374 multi,
1283 4297 1339 4377 qui
1361 4318 1396 4360 se
1418 4296 1613 4360 christianos
1635 4315 1706 4358 esse
1725 4292 1865 4371 iactant,
1895 4301 1935 4354 ut
1956 4291 1998 4354 ad
2019 4310 2134 4371 quam·

209 4384 238 4442 4.
268 4379 382 4458 Porro,
404 4377 563 4461 quidquid
581 4377 765 4440 detrahitur
781 4397 882 4458 pravo
901 4379 970 4442 eius
988 4380 1100 4458 amori,
1153 4381 1233 4445 libet
1255 4383 1324 4446 eius
1346 4383 1546 4446 mentionem
1568 4379 1835 4453 contremiscant,
1859 4377 1952 4443 velut
1973 4376 2020 4438 rei
2041 4373 2134 4455 peni-

123 4463 220 4529 debet
239 4466 383 4530 melioris
405 4466 493 4530 vitae
512 4462 673 4528 desiderio
690 4461 850 4528 accedere.
883 4464 1005 4528 Fateor
1022 4486 1102 4531 sane
1154 4478 1209 4532 tus
1230 4467 1397 4532 ominosae
1421 4475 1454 4532 et
1470 4469 1642 4533 infaustae.
1677 4463 1841 4548 Equidem
1860 4485 1926 4526 non
1945 4467 1995 4525 est
2011 4460 2140 4523 mirum,

123 4552 293 4615 verissime
323 4552 465 4616 sensisse
494 4573 549 4615 ees
577 4549 694 4632 quibus
716 4550 825 4612 visum
854 4559 903 4612 est
931 4551 1100 4630 optimum,
1154 4554 1182 4618 si
1204 4553 1364 4618 naturalis
1387 4575 1501 4619 sensus
1523 4555 1559 4618 in
1581 4553 1674 4618 nobis
1696 4551 1919 4626 exhorrescat,
1944 4545 2055 4610 audita
2075 4565 2133 4609 no-

123 4658 189 4700 nen
216 4638 321 4715 nasci3
350 4639 552 4720 proximum,
581 4656 680 4718 quam
707 4634 862 4699 citissime
890 4635 1013 4699 aboleri
1020 4658 1028 4714 ;
1057 4637 1102 4701 si·
1155 4640 1214 4704 stri
1242 4638 1462 4705 dissolutione.
1508 4642 1555 4704 At
1586 4639 1676 4704 istud
1702 4637 1794 4701 nullo
1821 4634 1919 4698 modo
1953 4629 2132 4709 ferendum,

123 4722 255 4803 quidem
276 4722 342 4787 Dei
368 4723 492 4787 lumino
519 4731 553 4786 et
573 4743 653 4787 vera
672 4720 830 4803 religione
855 4719 1002 4784 destituti
1024 4722 1102 4803 quid
1155 4747 1221 4789 non
1242 4746 1312 4791 esse
1334 4727 1370 4790 in
1391 4734 1521 4810 pectore
1543 4726 1722 4790 christiane
1743 4721 1874 4805 pietatis
1902 4720 2023 4794 lumen,
2046 4713 2134 4798 quod

123 4809 159 4870 in
186 4829 226 4872 ea
252 4830 386 4873 eernere
413 4818 565 4890 poterant
591 4830 658 4875 nen
685 4809 865 4872 infaustum
893 4827 931 4870 ae
957 4808 1101 4872 tetrum?
1154 4811 1271 4876 maiori
1310 4812 1529 4877 consolatione
1562 4810 1822 4894 qualemcunque
1854 4807 1949 4870 illurn
1981 4804 2135 4867 timorem

122 4892 193 4957 Nee
213 4894 282 4958 sine
311 4896 437 4959 ratione
462 4895 524 4972 illi,
558 4895 614 4976 qui
640 4894 765 4959 natales
794 4913 927 4957 suerum
955 4914 1103 4960 moerore
1156 4906 1346 4981 superatae
1374 4898 1564 4981 supprimat.
1615 4897 1702 4961 Nam
1728 4895 1755 4959 si
1778 4894 1971 4978 cogitemus,
2000 4891 2062 4955 hoc
2082 4888 2134 4953 in-

122 5001 160 5042 ae
183 4979 351 5064 lacrymis,
382 4981 498 5044 funera
526 4979 652 5044 soleam
676 4981 793 5064 gaudie
816 4980 1101 5061 prosequebantur.

123 5065 192 5130 Sed
211 5065 247 5129 id
268 5066 430 5131 faciebant
451 5068 521 5131 sine
543 5067 698 5150 profectu,
722 5067 799 5149 quia
819 5075 910 5132 reeta
929 5063 1005 5130 fidei
1028 5064 1103 5132 doc·
1128 5101 1131 5131 2
1158 5072 1178 5077 ”
1247 5075 1249 5078 ’
1342 5073 1360 5080 ”

121 5153 211 5217 mna
232 5152 354 5230 ⁰¹'baffi2
382 5173 449 5216 non
470 5152 628 5218 Vid⁰b²fflt
655 5153 816 5235 q¹¹⁰m⁰d⁰
843 5154 906 5253 plis
925 5153 960 5216 in
982 5153 1104 5252 dmum
1128 5174 1131 5269 1
1226 5188 1255 5256 1>
1279 5190 1339 5242 Ver.
1358 5189 1666 5257 peremittuatomaes,
1686 5186 1877 5241 1111111559,
1906 5183 2026 5238 Eaedem
2044 5195 2136 5236 omma

121 5237 224 5317 cedat,
248 5236 336 5320 quod
357 5259 416 5320 per
438 5260 472 5303 se
493 5260 554 5305 nec
575 5240 707 5304 beatum
728 5262 788 5306 nec
810 5239 1024 5305 desrdembrle
1044 5245 1103 5305 est.
1128 5272 1131 5320 ι
1156 5258 1279 5311 sectum
1297 5258 1418 5326 ageraton.
1487 5297 1493 5308 .
1513 5295 1519 5309 .
1538 5257 1682 5327 glorificet,
1701 5263 1808 5310 servato
1827 5256 2013 5325 profitebatur.
