4672 5842
229 299 292 362 reo
582 275 585 281 ’
873 287 1139 357 memrumo
1160 290 1264 357 aaa.
1288 289 1470 357 onerem
1495 294 1586 357 mcc.
2170 294 2234 360 aas

227 483 321 566 Quin
349 485 456 567 potius
482 482 580 566 longe
609 504 709 566 snpra
736 461 796 548 nbs
825 483 978 565 positam,
1013 500 1077 563 quo
1099 479 1203 561 impo-
1228 504 1231 579 q
1255 480 1402 556 tentiam,
1426 486 1485 544 etc.
1530 480 1626 545 Iubet
1646 492 1684 545 ut
1710 482 1882 563 praeputia
1908 481 2013 546 cordis
2043 482 2146 546 nostri
2168 483 2232 547 cir·

227 572 365 636 tentiam
387 577 533 634 nostram
556 571 771 634 convinceret.
820 568 905 633 Certe
933 588 972 632 ea
994 567 1133 631 eiusdm
1153 567 1204 630 ‹te-
1256 564 1488 630 cumeidamus.
1534 566 1580 630 At
1606 588 1666 648 por
1687 567 1803 632 Mosen
1826 567 2011 644 denuntiat,
2041 569 2139 632 istam
2162 568 2232 634 cir·

226 657 364 738 fioitiooe
378 656 454 735 bais
470 655 546 738 lepis
562 676 600 719 oc
616 655 862 736 cernplemcctum
879 659 924 719 eet
940 652 1103 735 coritas(l
1118 652 1201 716 Tim.
1256 652 1486 716 oumoisionem
1509 673 1611 716 manu
1633 675 1693 717 sua
1719 654 1789 717 fieri
1819 653 1932 736 (Deut
1954 657 2010 731 30,·
2025 654 2068 738 6).
2114 653 2233 719 (lerdis

230 747 257 818 1,
278 743 320 824 5).
365 741 467 822 Atqui
489 741 564 804 dam
591 762 629 806 eo
661 741 981 806 Pharnastanem
1008 741 1130 803 scalmos
1155 757 1202 801 re·
1256 738 1436 802 novitatem
1455 739 1577 819 passim
1595 740 1746 821 requirit;
1768 737 1824 803 sed
1847 738 1925 802 abbi
1947 759 1967 802 a
1987 761 2022 803 se
2041 739 2113 804 dari
2131 749 2232 805 testa·

221 828 306 911 pleri
323 831 408 909 optat
425 828 457 908 (1
479 828 636 911 Thess3,
661 827 721 910 12),
740 828 820 890 sctis
839 827 955 908 fatetur
976 829 1044 891 cirre
1060 824 1203 907 proferto
1255 830 1311 887 tur
1333 823 1406 906 (Ea.
1427 827 1477 899 36,
1503 826 1568 906 26).
1614 823 1712 905 Quod
1739 834 1849 889 autem
1878 826 2040 906 promittit
2061 825 2167 903 Deus,
2196 834 2233 890 ut

226 915 262 978 ia
283 913 418 978 acribus
439 915 554 978 nostris
575 934 685 978 serrare
707 914 809 995 legem,
831 913 897 976 oiri
914 918 1009 977 totam
1030 912 1098 977 eico
1119 930 1202 975 suno
1255 909 1462 992 Augustinus
1491 910 1550 987 ait,
1564 911 1589 993 ¹)
1621 932 1687 974 non
1709 912 1846 976 facimus
1871 911 1933 992 ipsi
1965 932 2024 993 per
2059 911 2232 976 arbitrium

225 1019 312 1064 mm
329 1000 473 1064 cordibus
494 1001 609 1064 acet-rie
630 998 720 1062 Deus
740 999 878 1079 inemo.
1255 994 1308 1058 vel
1338 1003 1505 1072 naturam;
1538 995 1596 1060 scd
1630 997 1708 1062 facit
1736 998 1804 1078 ipse
1833 1017 1892 1078 per
1920 998 2068 1080 gratiam.
2121 999 2231 1080 Atque

315 1091 343 1149 7.
389 1085 552 1166 Equidem
581 1086 608 1148 si
637 1085 800 1167 scriptura
833 1084 916 1148 nihil
951 1083 1040 1148 aliud
1062 1082 1200 1159 doceret,
1255 1081 1336 1146 haec
1364 1081 1546 1146 observatio
1568 1090 1627 1159 est,
1650 1103 1749 1164 quam
1777 1082 1864 1146 idem
1891 1084 1960 1164 ipse
1987 1084 2075 1147 inter
2101 1085 2232 1167 regulas

226 1192 326 1255 qnam
353 1171 461 1254 legem
488 1191 558 1236 esse
585 1171 670 1233 vitae
700 1170 863 1253 regulam,
898 1168 939 1234 ad
968 1190 1066 1252 quam
1093 1167 1202 1232 studia
1255 1167 1381 1231 Ticonii
1402 1167 1551 1251 quintc2)
1579 1168 1649 1234 loeo
1676 1178 1861 1246 enumerat,
1890 1178 1929 1232 ut
1945 1169 2028 1232 bene
2049 1169 2230 1252 distingua-

226 1265 341 1322 nostra
362 1277 555 1338 componere
576 1255 765 1332 debeamus,
789 1277 849 1340 ego
872 1277 999 1338 quoque
1027 1257 1111 1320 eitra
1132 1275 1201 1317 mo·
1253 1273 1328 1317 mus
1351 1253 1438 1317 inter
1454 1253 1562 1337 legem
1578 1261 1613 1319 et
1630 1255 1869 1335 promissiones,
1893 1254 1947 1319 vel
1967 1256 2055 1318 inter
2076 1253 2232 1320 mandata

227 1363 300 1408 ram
340 1341 476 1425 pedibus
513 1343 547 1405 in
583 1361 695 1405 eorum
733 1342 929 1406 sententiam
963 1340 1200 1407 descenderem.
1255 1345 1288 1402 et
1309 1339 1457 1422 gratiam.
1503 1340 1593 1403 Eant
1614 1362 1700 1405 nunc
1728 1341 1783 1421 qui
1805 1362 1848 1405 ex
1870 1342 2050 1422 praeceptis
2072 1341 2232 1425 colligunt

228 1426 297 1495 Sed
328 1450 427 1510 quum
459 1427 674 1509 multiplicem
710 1426 792 1511 legis
826 1449 921 1492 usum
955 1426 1130 1511 diligenter
1165 1448 1202 1490 ae
1255 1423 1371 1507 sequid
1392 1425 1490 1489 homo
1511 1424 1620 1490 valeat
1641 1425 1683 1489 ad
1701 1425 1929 1504 obedientiam,
1953 1434 1991 1490 ut
2008 1427 2071 1491 Dei
2090 1427 2232 1510 gratiam

226 1516 398 1598 perspicue
419 1512 512 1578 nobis
534 1512 690 1596 explicet,
722 1534 762 1577 ex
791 1514 848 1577 illa
877 1514 983 1596 potius
1007 1514 1202 1594 interpreta-
1296 1512 1433 1588 rimam,
1469 1532 1527 1592 per
1558 1533 1658 1593 quam
1690 1520 1864 1595 praecepta
1894 1513 1967 1593 ipsa
1999 1511 2230 1595 adimplentur.

229 1602 326 1677 tione
349 1598 426 1681 quid
437 1599 491 1662 lex
513 1598 549 1661 in
567 1599 699 1663 homine
718 1599 833 1674 valeat,
857 1599 1062 1664 considerare
1085 1620 1202 1663 conve·
1254 1532 1399 1673 gemundi
1432 1598 1562 1679 generis
1589 1605 1761 1680 praecepta
1794 1598 1959 1681 simplicia
1987 1607 2078 1676 sunt,
2112 1599 2230 1681 quibus

227 1687 286 1750 nit
338 1683 508 1764 Quantum
543 1686 725 1768 praesentis
751 1705 867 1749 causae
896 1685 1010 1761 refert,
1045 1684 1142 1748 simul
1165 1706 1202 1748 ao
1254 1684 1365 1747 Deum
1387 1682 1507 1761 colere,
1541 1684 1611 1748 eius
1639 1683 1800 1748 voluntati
1828 1685 1952 1748 servire
1982 1692 2015 1748 et
2043 1684 2231 1763 adhaerere,

227 1771 305 1855 quid
327 1770 493 1853 agendum
514 1770 559 1835 sit
580 1769 675 1834 nobis
694 1772 919 1853 praescripsit,
943 1769 1113 1836 obediendi
1135 1771 1202 1833 vir·
1255 1766 1325 1832 eius
1352 1768 1472 1851 placita
1498 1769 1687 1847 observare,
1713 1770 1784 1834 eius
1811 1768 1993 1835 doctrinam
2022 1772 2112 1853 sequi
2140 1771 2232 1836 iube·

226 1864 332 1922 tutem
354 1878 375 1920 a
396 1857 460 1920 Dei
482 1857 626 1921 bonitate
648 1877 719 1920 esse
740 1854 846 1935 doeet;
870 1857 1006 1939 ideoque
1029 1857 1070 1941 ad
1113 1877 1203 1920 reoes
1255 1875 1339 1918 mur.
1384 1853 1453 1919 Sed
1474 1855 1641 1920 innumeri
1670 1863 1748 1920 sunt
1777 1854 1847 1929 loci,
1871 1856 1927 1938 qui
1954 1856 2171 1922 testificentur
2191 1856 2231 1920 il·

226 1943 346 2008 invitat
367 1942 485 2024 quibus
513 1963 585 2006 eam
611 1941 704 2006 nobis
732 1942 802 2006 dari
831 1942 1044 2026 postulemus.
1090 1878 1129 2006 gi
1151 1963 1202 2005 so·
1255 1940 1318 2004 lius
1340 1962 1411 2005 esse
1433 1940 1565 2018 donum,
1588 1939 1745 2023 quidquid
1767 1942 1920 2019 iustitiae,
1943 1943 2134 2021 sanctitstis,
2162 1943 2231 2024 pie-

227 2028 297 2092 lum
319 2037 465 2092 exstaret
485 2029 675 2110 imperium,
697 2027 791 2092 nulla
812 2029 997 2111 promissio,
1027 2027 1202 2092 tentandae
1254 2027 1342 2102 tatis,
1364 2026 1517 2108 puritatis
1539 2026 1652 2091 haberi
1670 2035 1786 2111 potest
1830 2027 1884 2091 Ex
1907 2028 2002 2092 tertio
2020 2050 2139 2112 genere
2160 2036 2232 2092 erat

228 2119 337 2179 essent
366 2114 462 2189 vires,
485 2135 528 2177 an
556 2113 597 2178 ad
625 2113 887 2197 respondendum
909 2116 1045 2197 imperio
1073 2115 1201 2179 suffice-
1255 2111 1320 2189 illa,
1342 2133 1426 2193 quae
1448 2134 1468 2177 a
1494 2113 1588 2178 Luca
1616 2114 1757 2177 refertur
1788 2114 1884 2178 Pauli
1919 2124 1953 2178 et
1977 2114 2152 2179 Barnabae
2173 2136 2231 2178 ex·

227 2209 316 2278 rent;
350 2199 408 2263 sed
439 2220 540 2280 quum
567 2199 665 2264 simul
698 2201 930 2283 promissiones
956 2208 1201 2276 connectantur,
1254 2197 1396 2262 hortatio
1423 2197 1465 2262 ad
1487 2199 1614 2273 fideles,
1649 2200 1745 2263 utin
1775 2204 1883 2283 gratia
1908 2198 1973 2264 Dei
2000 2207 2232 2283 permanerent

251 2306 313 2349 uae
343 2285 377 2347 in
405 2285 534 2349 divinae
567 2287 691 2368 gratiae
725 2286 847 2350 auxilio
875 2308 940 2350 non
969 2286 1066 2350 modo
1095 2286 1201 2350 subsi·
1255 2285 1343 2367 (Aet
1367 2288 1415 2360 13,
1437 2284 1502 2368 43).
1547 2283 1614 2350 Sed
1636 2283 1723 2349 unde
1745 2284 1802 2350 illa
1825 2286 2025 2351 constantiae
2046 2287 2153 2351 virtus
2175 2307 2231 2369 pe·

253 2371 330 2446 um,
353 2368 410 2434 sed
433 2378 535 2435 totam
552 2372 710 2436 virtutem
728 2372 822 2437 nobis
844 2394 915 2437 esso
934 2374 1030 2437 sitam
1047 2372 1199 2448 clamant,
1254 2369 1354 2434 tenda
1375 2371 1432 2447 sit,
1463 2370 1526 2435 alio
1557 2371 1627 2436 loeo
1646 2370 1732 2435 idem
1756 2371 1881 2436 Paulus
1900 2370 2010 2436 tradit.
2056 2371 2154 2452 Quod
2176 2395 2230 2437 su·

226 2455 302 2520 illae
330 2456 409 2520 setis
435 2477 596 2539 superque
624 2464 788 2522 testantur
822 2479 882 2522 nos
909 2479 1042 2541 prorsus
1064 2459 1200 2539 ineptos,
1254 2464 1372 2537 pereat,
1395 2457 1502 2539 inquit
1526 2456 1676 2540 (Ephe,
1700 2460 1768 2540 10),
1796 2458 1929 2535 fratres,
1958 2459 2029 2523 sitis
2051 2458 2150 2522 fortes
2173 2480 2231 2541 per

135 2599 139 2605 .
225 2540 350 2606 nedum
379 2543 535 2624 impares,
563 2541 785 2608 observandae
812 2543 878 2627 legi
899 2565 977 2609 esse.
1026 2543 1138 2624 Quare
1160 2565 1201 2608 ne
1254 2542 1444 2606 Dominum.
1497 2543 1586 2607 Alibi
1614 2541 1705 2625 (ibid.
1726 2549 1755 2620 4,
1783 2543 1839 2627 30)
1864 2552 1955 2608 vetat
1985 2565 2028 2608 ne
2058 2545 2229 2610 contriste-

225 2627 367 2710 amplius
389 2629 452 2692 ista
469 2629 591 2693 virium
614 2640 800 2694 nostrarum
821 2652 895 2695 cum
917 2630 999 2714 legis
1020 2631 1202 2712 praeceptis
1253 2649 1328 2691 mus
1358 2629 1511 2711 spiritum
1540 2629 1619 2706 Dei,
1654 2650 1718 2710 quo
1745 2630 1906 2712 obsignati
1934 2652 2048 2695 sumus
2079 2631 2116 2694 in
2143 2629 2230 2693 diem

249 2715 392 2796 ropertio
420 2723 592 2798 urgeatur,
628 2737 665 2781 ac
694 2717 721 2780 si
745 2716 924 2793 Dominus,
953 2738 1051 2798 quam
1073 2716 1108 2779 in
1129 2716 1201 2798 lege
1255 2713 1491 2796 redemptionis
1518 2723 1658 2780 nostrae.
1711 2714 1778 2780 Sed
1806 2715 1892 2798 quod
1919 2715 1991 2781 illic·
2014 2717 2130 2800 exigit,
2153 2716 2231 2798 quia

171 2812 178 2825 ·
269 2807 363 2865 turus
385 2809 456 2864 erat
477 2801 619 2866 iustitiae
641 2790 797 2885 regulam,
820 2802 862 2866 od
883 2801 1053 2866 modulum
1071 2808 1202 2865 nostrae
1254 2801 1414 2882 praestari
1437 2801 1478 2865 ab
1500 2800 1685 2866 hominibus
1707 2823 1774 2865 non
1795 2809 1931 2884 poterat,
1961 2802 2230 2867 Thessalonicen-

224 2884 456 2951 imbecillitatis
492 2888 664 2970 exegisset.
716 2888 825 2970 Magis
863 2910 904 2952 ex
936 2887 1202 2969 promissionibus
1254 2884 1344 2950 sibus
1362 2907 1382 2950 a
1403 2887 1545 2951 Domino
1568 2887 1767 2969 imprecatur
1789 2887 1823 2972 (2
1843 2887 1956 2953 Thess
1979 2892 2005 2967 l,
2028 2888 2090 2972 11),
2113 2889 2231 2971 neinpe

226 2971 456 3053 reputandum,
481 2994 581 3055 quam
601 2975 704 3037 simus
726 2973 789 3055 ipsi
810 2994 830 3037 a
848 2974 941 3038 nobis
963 2975 1130 3057 imparati,
1149 2974 1205 3056 qui
1254 2978 1293 3035 ut
1314 2971 1429 3055 dignos
1451 2973 1572 3038 habeat
1600 2995 1654 3038 eos
1675 2974 1845 3038 vocatione
1874 2995 1934 3038 sua
1953 2983 2080 3052 sanem,
2110 2982 2143 3039 et
2168 2975 2230 3037 im·

226 3057 318 3120 omni
358 3057 393 3119 in
430 3068 522 3138 parte
558 3067 726 3142 tantopere
765 3060 835 3123 eius
871 3061 976 3142 gratia
1007 3061 1201 3144 indigemus.
1254 3057 1343 3140 pleat
1364 3056 1486 3123 bonum
1507 3080 1604 3123 omne
1624 3059 1827 3142 propositum
1847 3060 2004 3124 bonitatis
2026 3081 2112 3136 suae,
2135 3080 2231 3140 opus-

227 3138 296 3205 Sed
323 3143 390 3218 cui,
420 3144 525 3222 aiunt,
555 3144 733 3210 verisimile
765 3146 835 3223 liet,
869 3147 1048 3210 Dominum
1077 3147 1202 3211 munais
1255 3164 1318 3225 que
1339 3141 1415 3208 fidei
1436 3146 1471 3208 in
1493 3144 1566 3209 illis.
1613 3144 1730 3209 Εοάαπ
1751 3147 1839 3209 niodo
1858 3147 1895 3209 in
1910 3145 2044 3210 mado
2060 3146 2103 3209 od
2120 3142 2231 3209 Cocin-

227 3247 265 3291 ae
286 3225 450 3310 lapidibus
472 3228 578 3312 legem
600 3229 801 3295 destinasse?
844 3232 957 3314 Neque
985 3232 1020 3297 id
1041 3232 1202 3314 quispiam
1254 3228 1335 3294 aas
1356 3230 1493 3312 epistole,
1516 3231 1554 3295 de
1570 3232 1766 3313 cbeacsynts
1784 3236 1935 3309 tractans,
1963 3230 2072 3296 bonam
2094 3231 2232 3311 etpicm

226 3311 424 3396 persuadere
445 3314 587 3380 molitur.
633 3317 708 3380 Non
729 3317 817 3380 enim
839 3325 897 3382 ant
918 3319 1009 3401 impii
1027 3340 1108 3383 saxa
1125 3325 1203 3382 sunt
1254 3336 1361 3380 emam
1386 3316 1570 3381 edacitatem
1596 3319 1725 3400 sapim
1752 3318 1951 3382 commercia:
1971 3316 2071 3398 paulo
2094 3322 2165 3398 post
2185 3322 2231 3380 tc·

227 3408 285 3462 aut
307 3400 447 3481 stipites,
477 3398 556 3465 dum
579 3401 746 3466 adversari
774 3404 846 3468 Deo
868 3425 944 3468 suas
966 3403 1116 3469 libidines
1142 3425 1202 3486 per
1253 3421 1322 3465 mers
1341 3402 1465 3484 pretias
1487 3405 1551 3485 cpit
1569 3403 1644 3481 Deo,
1667 3405 1723 3484 qui
1740 3405 1848 3485 posuit
1868 3405 1903 3468 ia
1924 3403 2013 3470 eorde
2038 3403 2105 3467 Titi
2126 3409 2161 3467 ct
2177 3424 2229 3468 ex·

225 3483 334 3566 legem
354 3484 470 3562 edocti,
493 3507 553 3550 suo
575 3489 721 3570 ipsorum
743 3490 928 3554 testimonio
956 3492 1003 3555 rei
1025 3492 1121 3569 fiunt3
1144 3498 1203 3554 aut
1252 3487 1455 3553 hortationem
1476 3489 1645 3570 acciperet
1664 3489 1698 3572 (2
1718 3487 1791 3554 Cor.
1812 3495 1841 3567 8,
1864 3489 1926 3574 16).
1962 3488 2000 3554 Si
2020 3510 2058 3554 oe
2079 3491 2145 3553 oris
2162 3491 2230 3570 qui·

225 3569 282 3652 pii,
317 3569 394 3633 dum
428 3592 505 3635 suaa
539 3574 749 3655 impotentiae
783 3575 956 3654 admoniti,
991 3575 1033 3641 ad
1061 3577 1201 3659 gratiam
1252 3572 1323 3638 dem
1343 3574 1489 3655 'estimem
1512 3575 1555 3640 cd
1582 3577 1662 3640 elios
1688 3575 1853 3640 amasos
1869 3581 2034 3658 praedare
2064 3576 2155 3640 Titus
2170 3596 2228 3657 pc

226 3655 428 3738 confugiunt
481 3656 555 3737 Quo
588 3659 753 3740 portinent
785 3662 866 3726 istae
903 3662 1052 3728 solennes
1084 3665 1201 3746 Angu-
1253 3661 1313 3723 tait
1339 3660 1405 3724 cici
1432 3666 1584 3739 quotenus
1610 3662 1763 3744 suppeto-it
1788 3662 1894 3739 Deus,
1927 3662 2077 3743 quomodo
2104 3661 2164 3725 atii
2186 3661 2228 3724 cd

226 3740 303 3806 stini
317 3741 341 3824 ¹)
365 3745 558 3809 sententiae:
587 3744 678 3809 iubet
703 3748 794 3810 Deus
816 3769 899 3828 quae
926 3770 991 3812 non
1018 3769 1199 3830 possumus,
1253 3746 1406 3828 wordum
1423 3747 1592 3810 voluntarii
1611 3747 1760 3829 fuisset,
1787 3748 1852 3811 uisi
1878 3748 1947 3813 Deo
1969 3749 2040 3829 ipso
2067 3747 2160 3813 cordo
2182 3767 2227 3811 eo

225 3832 265 3889 ut
285 3829 474 3894 noverimus
495 3829 573 3912 quid
591 3831 631 3896 ab
653 3831 723 3913 ipso
740 3840 851 3915 petere
869 3833 1044 3899 debeamus
1050 3858 1058 3914 ;
1080 3855 1202 3917 magna
1252 3852 1324 3895 rum
1345 3832 1519 3916 elingent?

226 3919 277 3976 est
297 3923 547 3997 praeceptorum
569 3916 712 3994 utilitas,
741 3918 770 3983 si
791 3918 893 3983 libem
915 3920 1050 3985 arbitrio
1072 3927 1202 3984 tantum
1341 3923 1369 3982 9.
1413 3917 1620 3983 Cavillantur
1641 3919 1723 3984 haec
1745 3920 1857 3984 omnia
1884 3920 2073 3985 testimonia
2095 3919 2228 3984 astritic-

227 3994 337 4074 detur,
368 4007 406 4062 ut
486 4001 533 4066 tia
562 4002 627 4067 Dei
649 4005 789 4087 amplius
811 4005 1003 4084 honoretur,
1035 4005 1117 4070 fides
1139 4007 1201 4069 im-
1254 4024 1318 4068 res:
1353 4004 1429 4086 quia
1449 4004 1532 4068 nihil
1554 4003 1711 4087 impediat
1737 4006 1911 4088 quominus
1934 4006 1997 4088 ipsi
2025 4005 2229 4071 conferamus

226 4091 334 4164 patrat
356 4105 419 4166 quo
463 4087 518 4151 lex
540 4089 694 4172 imperat,
723 4092 789 4155 imo
810 4090 883 4155 ideo
912 4091 967 4156 lex
988 4093 1141 4173 imperat,
1164 4098 1202 4155 ut
1253 4096 1381 4153 nostras
1403 4090 1504 4167 vires,
1535 4099 1569 4155 et
1593 4092 1732 4155 infirmis
1758 4092 1928 4157 conatibus
1950 4092 2042 4156 Deus
2064 4093 2231 4175 suppetias

225 4169 379 4249 impetret
411 4170 493 4237 fides
526 4174 610 4254 quod
650 4176 848 4257 imperatum
887 4186 958 4241 erat
989 4198 1049 4259 per
1079 4176 1200 4260 legem;
1252 4175 1344 4239 ferat.
1391 4175 1545 4240 Afferunt
1565 4177 1666 4241 etiam
1687 4177 1775 4244 locos
1796 4199 1837 4242 ex
1859 4177 2043 4261 prophetis,
2074 4178 2131 4242 nbi
2152 4197 2230 4243 eon-

226 4254 293 4318 imo
315 4253 413 4320 fidem
435 4258 541 4340 ipsam
562 4260 665 4343 exigit
687 4283 707 4325 a
728 4263 821 4327 nobis
843 4264 943 4340 Deus,
968 4271 1001 4327 et
1022 4284 1087 4327 non
1108 4264 1201 4327 inve-
1253 4261 1412 4325 versionis
1440 4271 1571 4328 nostrae
1593 4264 1729 4329 effeetus
1756 4265 1844 4329 inter
1865 4265 1975 4330 Deum
2002 4270 2036 4328 et
2057 4284 2117 4328 nos
2138 4262 2230 4328 vide-

224 4340 276 4404 nit
297 4340 384 4424 quod
406 4344 527 4428 exigat,
551 4345 614 4410 nisi
637 4346 763 4419 desierit
790 4348 876 4431 quod
898 4349 1054 4413 inveniat.
1100 4349 1199 4413 Item:
1253 4352 1309 4409 tur
1331 4345 1503 4412 dimidiari.
1549 4348 1787 4415 convertimini
1808 4350 1850 4414 ad
1872 4371 1933 4427 mc,
1957 4358 1992 4414 et
2012 4370 2073 4433 ego
2093 4369 2230 4414 eonver-

225 4425 281 4492 det
301 4427 395 4493 Deus
416 4430 502 4511 quod
524 4431 621 4508 iubet,
644 4440 679 4496 et
700 4435 811 4499 iubeat
837 4434 923 4516 quod
945 4434 1034 4499 velit.
1253 4439 1307 4496 tar
1340 4431 1381 4497 ad
1413 4454 1472 4498 vos
1505 4433 1618 4518 (Zaeh.
1641 4441 1668 4515 1,
1689 4436 1733 4521 3).
1783 4434 1906 4517 Quales
1939 4436 2035 4501 nobis
2062 4437 2230 4518 suppetias

312 4516 340 4577 8.
385 4513 434 4594 Id,
457 4517 664 4584 recensendis
686 4520 792 4584 tribus
820 4527 1067 4602 praeceptorum
1088 4521 1201 4586 formis
1253 4518 1415 4584 Dominus
1436 4520 1528 4599 ferat,
1552 4543 1653 4607 supra
1674 4522 1934 4587 demonstratum
1955 4528 2018 4586 est:
2047 4543 2154 4603 neque
2176 4522 2230 4586 hic

224 4618 306 4681 quas
338 4603 487 4682 superius
520 4605 706 4689 attigimus,
741 4606 860 4670 elarius
893 4615 1052 4671 comatur.
1104 4608 1202 4672 Iubet
1253 4625 1336 4687 opus
1357 4612 1407 4671 est
1427 4615 1583 4691 repetere.
1629 4608 1743 4674 Unum
1771 4608 1833 4673 hoc
1861 4608 2023 4674 duntaxat
2049 4607 2133 4671 mihi
2154 4627 2229 4671 con·

223 4686 353 4766 saepius
375 4688 538 4755 Dominus
560 4699 630 4754 tum
653 4691 787 4775 inlege,
810 4699 883 4756 tum
899 4692 934 4756 in
955 4693 1134 4776 prophetis,
1163 4700 1201 4757 ut
1253 4690 1323 4754 cedi
1345 4691 1427 4770 volo,
1450 4693 1573 4758 hustra
1593 4692 1778 4775 implendae
1799 4693 1882 4777 legis
1903 4694 2093 4760 facultatem
2114 4693 2149 4757 in
2171 4713 2229 4755 no·

224 4769 267 4833 sd
296 4792 330 4835 se
361 4783 600 4840 convertamur.
645 4777 692 4841 At
723 4779 862 4843 succinit
892 4799 935 4842 ex
963 4779 1099 4845 adverso
1125 4799 1200 4862 pro-
1253 4776 1303 4841 bis
1325 4778 1460 4860 requiri,
1494 4781 1571 4862 qnia
1604 4780 1674 4843 eius
1700 4778 1920 4844 obedientiam
1947 4780 2041 4846 nobis
2068 4778 2230 4844 Dominus

224 4854 326 4936 pheta
346 4855 423 4938 (Ier.
444 4861 494 4938 31,
517 4860 583 4945 18):
618 4872 771 4928 converte
799 4886 852 4929 me
879 4866 1035 4944 Domine,
1064 4872 1097 4930 et
1123 4885 1200 4931 con·
1252 4861 1406 4945 imperet,
1441 4865 1572 4946 quando
1604 4872 1732 4929 constat
1768 4866 1919 4932 omnibus
1952 4867 2016 4932 Dei
2049 4865 2230 4947 praeceptis

224 4949 336 5004 vertar
343 4964 351 5019 ;
384 4952 556 5026 postquam
584 4950 672 5013 enim
701 4952 892 5016 convertisti
912 4973 981 5030 me,
1014 4954 1068 5036 egi
1088 4951 1200 5034 poeni·
1253 4947 1471 5032 adimplendis
1487 4958 1521 5015 et
1541 4950 1760 5016 necessariam
1776 4971 1847 5017 esse
1865 4953 2009 5036 gratiam
2025 4951 2233 5036 legislatoris,

295 5145 325 5215 1)
341 5149 373 5202 ln
391 5149 500 5203 Enchir.
520 5150 555 5203 sd
572 5150 699 5204 Laurent.
718 5150 751 5205 31
771 5170 792 5206 s.
812 5155 868 5208 .De
886 5157 975 5226 grstia
992 5163 1021 5210 et
1037 5157 1084 5211 lib.
1103 5159 1198 5211 arbitr.
1765 5152 1785 5181 ’·
1879 5194 1885 5201 .

224 5230 247 5268 e
268 5214 308 5269 16.
344 5218 444 5272 Homil.
462 5216 504 5274 29.
523 5221 552 5274 in
569 5220 664 5274 Iosnn.
682 5220 770 5287 spise.
789 5219 831 5276 14.
1322 5224 1352 5292 1)
1368 5223 1429 5278 Idb.
1448 5223 1483 5277 de
1500 5223 1613 5279 doctrin.
1632 5223 1733 5281 Ohrlst.
1750 5223 1775 5292 8,
1793 5224 1835 5281 83.
1906 5225 1938 5296 2)
1954 5228 2010 5283 tirso
2026 5229 2115 5284 arao.
