<?xml version="1.0" encoding="UTF-8"?>
<!DOCTYPE html PUBLIC "-//W3C//DTD XHTML 1.0 Transitional//EN"
    "http://www.w3.org/TR/xhtml1/DTD/xhtml1-transitional.dtd">
<html xmlns="http://www.w3.org/1999/xhtml" xml:lang="en" lang="en">
 <head>
  <title>
</title>
<meta http-equiv="Content-Type" content="text/html;charset=utf-8" />
  <meta name='ocr-system' content='tesseract 3.04.00' />
  <meta name='ocr-capabilities' content='ocr_page ocr_carea ocr_par ocr_line ocrx_word'/>
</head>
<body>
  <div class='ocr_page' id='page_1' title='image "./ioanniscalvinii00cunigoog_0218.png"; bbox 0 0 4672 5842; ppageno 0'>
   <div class='ocr_carea' id='block_1_1' title="bbox 103 302 2110 415">
    <p class='ocr_par' dir='ltr' id='par_1_1' title="bbox 103 302 2110 415">
     <span class='ocr_line' id='line_1_1' title="bbox 103 302 2110 415; baseline 0.002 -18"><span class='ocrx_word' id='word_1_1' title='bbox 103 335 234 415; x_wconf 79' lang='lat'><strong>413,</strong></span> <span class='ocrx_word' id='word_1_2' title='bbox 368 334 458 399; x_wconf 81' lang='grc'><strong>111.</strong></span> <span class='ocrx_word' id='word_1_3' title='bbox 480 333 544 398; x_wconf 90' lang='lat'><strong>111.</strong></span> <span class='ocrx_word' id='word_1_4' title='bbox 588 335 652 400; x_wconf 86' lang='lat' dir='ltr'><strong>oa</strong></span> <span class='ocrx_word' id='word_1_5' title='bbox 675 332 811 401; x_wconf 83' lang='lat' dir='ltr'><strong>nono</strong></span> <span class='ocrx_word' id='word_1_6' title='bbox 833 330 1180 400; x_wconf 76' lang='lat' dir='ltr'>PEROIPOENDAE</span> <span class='ocrx_word' id='word_1_7' title='bbox 1204 331 1394 398; x_wconf 78' lang='lat' dir='ltr'><strong>cameri</strong></span> <span class='ocrx_word' id='word_1_8' title='bbox 1417 333 1636 399; x_wconf 81' lang='grc'><strong>1111111111.</strong></span> <span class='ocrx_word' id='word_1_9' title='bbox 1682 302 1781 401; x_wconf 79' lang='lat' dir='ltr'><strong>our.</strong></span> <span class='ocrx_word' id='word_1_10' title='bbox 1804 335 1849 402; x_wconf 90' lang='lat'><strong>11.</strong></span> <span class='ocrx_word' id='word_1_11' title='bbox 2046 341 2110 402; x_wconf 78' lang='grc'><strong>111</strong></span> 
     </span>
    </p>
   </div>
   <div class='ocr_carea' id='block_1_2' title="bbox 33 519 2149 5337">
    <p class='ocr_par' dir='ltr' id='par_1_2' title="bbox 33 519 2149 5337">
     <span class='ocr_line' id='line_1_2' title="bbox 101 519 2112 609; baseline 0.004 -26"><span class='ocrx_word' id='word_1_12' title='bbox 101 519 263 601; x_wconf 73' lang='lat' dir='ltr'><strong>fidelitatis</strong></span> <span class='ocrx_word' id='word_1_13' title='bbox 284 540 396 585; x_wconf 87' lang='lat' dir='ltr'><strong>merces</strong></span> <span class='ocrx_word' id='word_1_14' title='bbox 418 525 572 602; x_wconf 85' lang='lat' dir='ltr'><strong>etpoeua,</strong></span> <span class='ocrx_word' id='word_1_15' title='bbox 596 524 642 587; x_wconf 90' lang='lat' dir='ltr'><strong>sic</strong></span> <span class='ocrx_word' id='word_1_16' title='bbox 661 524 889 588; x_wconf 61' lang='lat' dir='ltr'><strong><em>contremiscere</em></strong></span> <span class='ocrx_word' id='word_1_17' title='bbox 909 529 943 587; x_wconf 89' lang='lat' dir='ltr'><strong>ut</strong></span> <span class='ocrx_word' id='word_1_18' title='bbox 965 524 1000 586; x_wconf 86' lang='lat' dir='ltr'><strong>iu</strong></span> <span class='ocrx_word' id='word_1_19' title='bbox 1021 528 1082 586; x_wconf 89' lang='lat' dir='ltr'><strong>teu-</strong></span> <span class='ocrx_word' id='word_1_20' title='bbox 1134 520 1249 585; x_wconf 89' lang='lat' dir='ltr'><strong>diatim</strong></span> <span class='ocrx_word' id='word_1_21' title='bbox 1270 524 1447 589; x_wconf 80' lang='lat' dir='ltr'><strong>emicantes</strong></span> <span class='ocrx_word' id='word_1_22' title='bbox 1470 522 1590 588; x_wconf 89' lang='lat' dir='ltr'><strong>haheat</strong></span> <span class='ocrx_word' id='word_1_23' title='bbox 1612 525 1688 589; x_wconf 89' lang='lat' dir='ltr'><strong>eolis</strong></span> <span class='ocrx_word' id='word_1_24' title='bbox 1710 525 1833 604; x_wconf 89' lang='lat' dir='ltr'><strong>radios,</strong></span> <span class='ocrx_word' id='word_1_25' title='bbox 1856 527 1958 592; x_wconf 88' lang='lat' dir='ltr'><strong>libero</strong></span> <span class='ocrx_word' id='word_1_26' title='bbox 1980 528 2112 609; x_wconf 89' lang='lat' dir='ltr'><strong>quidem</strong></span> 
     </span>
     <span class='ocr_line' id='line_1_3' title="bbox 101 605 2111 693; baseline 0.004 -24"><span class='ocrx_word' id='word_1_27' title='bbox 101 606 217 670; x_wconf 76' lang='lat' dir='ltr'><strong>tutiore</strong></span> <span class='ocrx_word' id='word_1_28' title='bbox 241 626 275 670; x_wconf 85' lang='lat' dir='ltr'><strong>se</strong></span> <span class='ocrx_word' id='word_1_29' title='bbox 302 628 322 669; x_wconf 91' lang='lat' dir='ltr'><strong>a</strong></span> <span class='ocrx_word' id='word_1_30' title='bbox 344 605 412 670; x_wconf 90' lang='lat' dir='ltr'><strong>Deo</strong></span> <span class='ocrx_word' id='word_1_31' title='bbox 439 613 571 684; x_wconf 71' lang='lat' dir='ltr'><strong>acutat,</strong></span> <span class='ocrx_word' id='word_1_32' title='bbox 605 611 661 689; x_wconf 91' lang='lat' dir='ltr'><strong>qui</strong></span> <span class='ocrx_word' id='word_1_33' title='bbox 688 610 749 674; x_wconf 88' lang='lat' dir='ltr'><strong>sibi</strong></span> <span class='ocrx_word' id='word_1_34' title='bbox 777 611 911 673; x_wconf 79' lang='lat' dir='ltr'><strong>iuurcom</strong></span> <span class='ocrx_word' id='word_1_35' title='bbox 935 609 998 689; x_wconf 74' lang='lat' dir='ltr'><strong>ilde</strong></span> <span class='ocrx_word' id='word_1_36' title='bbox 1021 629 1082 673; x_wconf 87' lang='lat' dir='ltr'><strong>acu</strong></span> <span class='ocrx_word' id='word_1_37' title='bbox 1133 608 1284 690; x_wconf 85' lang='lat' dir='ltr'><strong>privatur</strong></span> <span class='ocrx_word' id='word_1_38' title='bbox 1305 609 1382 673; x_wconf 90' lang='lat' dir='ltr'><strong>solis</strong></span> <span class='ocrx_word' id='word_1_39' title='bbox 1404 617 1550 690; x_wconf 87' lang='lat' dir='ltr'><strong>aspectu,</strong></span> <span class='ocrx_word' id='word_1_40' title='bbox 1578 610 1785 693; x_wconf 79' lang='lat' dir='ltr'>splendorem</span> <span class='ocrx_word' id='word_1_41' title='bbox 1814 620 1925 676; x_wconf 91' lang='lat' dir='ltr'><strong>tamen</strong></span> <span class='ocrx_word' id='word_1_42' title='bbox 1952 635 2018 676; x_wconf 90' lang='lat' dir='ltr'><strong>non</strong></span> <span class='ocrx_word' id='word_1_43' title='bbox 2041 635 2111 677; x_wconf 87' lang='lat' dir='ltr'><strong>am-</strong></span> 
     </span>
     <span class='ocr_line' id='line_1_4' title="bbox 102 692 2111 781; baseline 0.004 -25"><span class='ocrx_word' id='word_1_44' title='bbox 102 692 220 773; x_wconf 74' lang='lat' dir='ltr'><strong>aperit3</strong></span> <span class='ocrx_word' id='word_1_45' title='bbox 243 697 349 755; x_wconf 74' lang='lat' dir='ltr'><strong>curura</strong></span> <span class='ocrx_word' id='word_1_46' title='bbox 369 698 472 756; x_wconf 81' lang='lat' dir='ltr'><strong>outuu</strong></span> <span class='ocrx_word' id='word_1_47' title='bbox 492 693 612 773; x_wconf 72' lang='lat' dir='ltr'><strong>fideles,</strong></span> <span class='ocrx_word' id='word_1_48' title='bbox 636 716 713 775; x_wconf 89' lang='lat' dir='ltr'><strong>quos</strong></span> <span class='ocrx_word' id='word_1_49' title='bbox 734 697 877 760; x_wconf 82' lang='lat' dir='ltr'><strong>incurrat</strong></span> <span class='ocrx_word' id='word_1_50' title='bbox 898 696 1082 775; x_wconf 74' lang='lat' dir='ltr'><strong>usucap</strong></span> <span class='ocrx_word' id='word_1_51' title='bbox 1133 693 1269 775; x_wconf 90' lang='lat' dir='ltr'><strong>biguum</strong></span> <span class='ocrx_word' id='word_1_52' title='bbox 1302 695 1404 759; x_wconf 89' lang='lat' dir='ltr'><strong>oculis</strong></span> <span class='ocrx_word' id='word_1_53' title='bbox 1438 695 1565 773; x_wconf 90' lang='lat' dir='ltr'><strong>haurit,</strong></span> <span class='ocrx_word' id='word_1_54' title='bbox 1599 698 1733 778; x_wconf 90' lang='lat' dir='ltr'><strong>eiusque</strong></span> <span class='ocrx_word' id='word_1_55' title='bbox 1765 719 1863 762; x_wconf 90' lang='lat' dir='ltr'><strong>usum</strong></span> <span class='ocrx_word' id='word_1_56' title='bbox 1896 700 2024 781; x_wconf 80' lang='lat' dir='ltr'><strong>recipit,</strong></span> <span class='ocrx_word' id='word_1_57' title='bbox 2065 701 2111 764; x_wconf 90' lang='lat' dir='ltr'><strong>sio</strong></span> 
     </span>
     <span class='ocr_line' id='line_1_5' title="bbox 95 778 2112 865; baseline 0.004 -25"><span class='ocrx_word' id='word_1_58' title='bbox 95 778 212 860; x_wconf 81' lang='lat' dir='ltr'><strong>primii</strong></span> <span class='ocrx_word' id='word_1_59' title='bbox 228 779 430 841; x_wconf 80' lang='lat' dir='ltr'><strong>tentationum</strong></span> <span class='ocrx_word' id='word_1_60' title='bbox 447 781 551 857; x_wconf 77' lang='lat' dir='ltr'><strong>aeoles,</strong></span> <span class='ocrx_word' id='word_1_61' title='bbox 574 786 752 858; x_wconf 73' lang='lat' dir='ltr'><strong>constanter,</strong></span> <span class='ocrx_word' id='word_1_62' title='bbox 775 783 920 862; x_wconf 87' lang='lat' dir='ltr'><strong>quamuis</strong></span> <span class='ocrx_word' id='word_1_63' title='bbox 937 781 1082 845; x_wconf 78' lang='lat' dir='ltr'><strong>acrisiae</strong></span> <span class='ocrx_word' id='word_1_64' title='bbox 1134 781 1231 843; x_wconf 89' lang='lat' dir='ltr'><strong>terrei</strong></span> <span class='ocrx_word' id='word_1_65' title='bbox 1259 782 1402 862; x_wconf 87' lang='lat' dir='ltr'><strong>corporis</strong></span> <span class='ocrx_word' id='word_1_66' title='bbox 1429 782 1638 863; x_wconf 76' lang='lat' dir='ltr'><strong>compedibus</strong></span> <span class='ocrx_word' id='word_1_67' title='bbox 1665 782 1783 859; x_wconf 82' lang='lat' dir='ltr'><strong>vincti,</strong></span> <span class='ocrx_word' id='word_1_68' title='bbox 1813 793 1980 865; x_wconf 86' lang='lat' dir='ltr'><strong>utcunque</strong></span> <span class='ocrx_word' id='word_1_69' title='bbox 2007 785 2112 849; x_wconf 89' lang='lat' dir='ltr'><strong>multa</strong></span> 
     </span>
     <span class='ocr_line' id='line_1_6' title="bbox 101 863 2111 948; baseline 0.004 -22"><span class='ocrx_word' id='word_1_70' title='bbox 101 863 242 927; x_wconf 77' lang='lat' dir='ltr'><strong>rmlestio</strong></span> <span class='ocrx_word' id='word_1_71' title='bbox 259 867 287 927; x_wconf 85' lang='lat' dir='ltr'><strong>et</strong></span> <span class='ocrx_word' id='word_1_72' title='bbox 303 863 495 945; x_wconf 76' lang='lat' dir='ltr'><strong>difficultate,</strong></span> <span class='ocrx_word' id='word_1_73' title='bbox 514 873 677 948; x_wconf 77' lang='lat' dir='ltr'><strong>emerqtcnt.</strong></span> <span class='ocrx_word' id='word_1_74' title='bbox 705 868 749 931; x_wconf 84' lang='lat' dir='ltr'><strong>Et</strong></span> <span class='ocrx_word' id='word_1_75' title='bbox 767 869 843 948; x_wconf 88' lang='lat' dir='ltr'><strong>quia</strong></span> <span class='ocrx_word' id='word_1_76' title='bbox 855 866 917 930; x_wconf 83' lang='lat' dir='ltr'><strong>sibi</strong></span> <span class='ocrx_word' id='word_1_77' title='bbox 929 867 1081 948; x_wconf 87' lang='lat' dir='ltr'><strong>propriae</strong></span> <span class='ocrx_word' id='word_1_78' title='bbox 1133 865 1330 930; x_wconf 77' lang='lat' dir='ltr'><strong>obscuritate</strong></span> <span class='ocrx_word' id='word_1_79' title='bbox 1356 866 1499 948; x_wconf 89' lang='lat' dir='ltr'><strong>undique</strong></span> <span class='ocrx_word' id='word_1_80' title='bbox 1528 866 1774 947; x_wconf 79' lang='lat' dir='ltr'><strong>obumbremur,</strong></span> <span class='ocrx_word' id='word_1_81' title='bbox 1807 869 1879 935; x_wconf 89' lang='lat' dir='ltr'><strong>luce</strong></span> <span class='ocrx_word' id='word_1_82' title='bbox 1908 883 2018 934; x_wconf 87' lang='lat' dir='ltr'><strong>tamen</strong></span> <span class='ocrx_word' id='word_1_83' title='bbox 2046 871 2111 936; x_wconf 90' lang='lat' dir='ltr'><strong>Dei</strong></span> 
     </span>
     <span class='ocr_line' id='line_1_7' title="bbox 100 949 2111 1033; baseline 0.003 -19"><span class='ocrx_word' id='word_1_84' title='bbox 100 949 324 1020; x_wconf 71' lang='lat' dir='ltr'><strong>imbecillitatis</strong></span> <span class='ocrx_word' id='word_1_85' title='bbox 344 956 417 1014; x_wconf 85' lang='lat' dir='ltr'><strong>suut</strong></span> <span class='ocrx_word' id='word_1_86' title='bbox 434 953 556 1029; x_wconf 70' lang='lat' dir='ltr'><strong>ceracii,</strong></span> <span class='ocrx_word' id='word_1_87' title='bbox 580 972 649 1015; x_wconf 89' lang='lat' dir='ltr'><strong>cum</strong></span> <span class='ocrx_word' id='word_1_88' title='bbox 665 954 819 1033; x_wconf 87' lang='lat' dir='ltr'><strong>propbeta</strong></span> <span class='ocrx_word' id='word_1_89' title='bbox 835 958 1021 1032; x_wconf 84' lang='lat' dir='ltr'><strong>precantur:</strong></span> <span class='ocrx_word' id='word_1_90' title='bbox 1043 974 1082 1017; x_wconf 87' lang='lat' dir='ltr'><strong>ue</strong></span> <span class='ocrx_word' id='word_1_91' title='bbox 1133 951 1184 1016; x_wconf 88' lang='lat' dir='ltr'><strong>vel</strong></span> <span class='ocrx_word' id='word_1_92' title='bbox 1199 951 1354 1033; x_wconf 89' lang='lat' dir='ltr'><strong>pusillum</strong></span> <span class='ocrx_word' id='word_1_93' title='bbox 1376 951 1418 1015; x_wconf 92' lang='lat' dir='ltr'><strong>ad</strong></span> <span class='ocrx_word' id='word_1_94' title='bbox 1435 953 1651 1017; x_wconf 79' lang='lat' dir='ltr'><strong>exserendam</strong></span> <span class='ocrx_word' id='word_1_95' title='bbox 1673 955 2010 1020; x_wconf 88' lang='lat' dir='ltr'><strong>eiusmisericordiam</strong></span> <span class='ocrx_word' id='word_1_96' title='bbox 2029 957 2111 1021; x_wconf 87' lang='lat' dir='ltr'><strong>irra-</strong></span> 
     </span>
     <span class='ocr_line' id='line_1_8' title="bbox 101 1034 2111 1121; baseline 0.003 -21"><span class='ocrx_word' id='word_1_97' title='bbox 101 1039 232 1117; x_wconf 67' lang='lat' dir='ltr'><strong>uuteros</strong></span> <span class='ocrx_word' id='word_1_98' title='bbox 252 1034 292 1099; x_wconf 91' lang='lat' dir='ltr'><strong>ab</strong></span> <span class='ocrx_word' id='word_1_99' title='bbox 312 1057 364 1101; x_wconf 87' lang='lat' dir='ltr'><strong>ore</strong></span> <span class='ocrx_word' id='word_1_100' title='bbox 384 1058 449 1100; x_wconf 78' lang='lat' dir='ltr'><strong>uteo</strong></span> <span class='ocrx_word' id='word_1_101' title='bbox 466 1037 592 1101; x_wconf 87' lang='lat' dir='ltr'><strong>uerbum</strong></span> <span class='ocrx_word' id='word_1_102' title='bbox 610 1039 959 1120; x_wconf 84' lang='lat' dir='ltr'><strong>ceritatisusqucoalclc</strong></span> <span class='ocrx_word' id='word_1_103' title='bbox 976 1039 1079 1121; x_wconf 87' lang='lat' dir='ltr'><strong>(Psal.</strong></span> <span class='ocrx_word' id='word_1_104' title='bbox 1133 1037 1258 1115; x_wconf 89' lang='lat' dir='ltr'><strong>diante,</strong></span> <span class='ocrx_word' id='word_1_105' title='bbox 1293 1046 1452 1119; x_wconf 89' lang='lat' dir='ltr'><strong>quantum</strong></span> <span class='ocrx_word' id='word_1_106' title='bbox 1486 1039 1565 1103; x_wconf 89' lang='lat' dir='ltr'><strong>satis</strong></span> <span class='ocrx_word' id='word_1_107' title='bbox 1594 1046 1644 1104; x_wconf 90' lang='lat' dir='ltr'><strong>ost</strong></span> <span class='ocrx_word' id='word_1_108' title='bbox 1671 1040 1712 1104; x_wconf 91' lang='lat' dir='ltr'><strong>ad</strong></span> <span class='ocrx_word' id='word_1_109' title='bbox 1740 1040 1878 1105; x_wconf 90' lang='lat' dir='ltr'><strong>solidam</strong></span> <span class='ocrx_word' id='word_1_110' title='bbox 1904 1043 2111 1107; x_wconf 78' lang='lat' dir='ltr'><strong>securitatem</strong></span> 
     </span>
     <span class='ocr_line' id='line_1_9' title="bbox 105 1123 1364 1260; baseline 0.002 -76"><span class='ocrx_word' id='word_1_111' title='bbox 105 1128 174 1200; x_wconf 85' lang='grc'><strong>1111,</strong></span> <span class='ocrx_word' id='word_1_112' title='bbox 193 1125 260 1206; x_wconf 84' lang='grc'><strong>13).</strong></span> <span class='ocrx_word' id='word_1_113' title='bbox 308 1123 427 1202; x_wconf 68' lang='lat' dir='ltr'><strong>Quibus</strong></span> <span class='ocrx_word' id='word_1_114' title='bbox 448 1124 548 1187; x_wconf 78' lang='lat' dir='ltr'><strong>ambis</strong></span> <span class='ocrx_word' id='word_1_115' title='bbox 568 1125 725 1203; x_wconf 86' lang='lat' dir='ltr'><strong>docemur,</strong></span> <span class='ocrx_word' id='word_1_116' title='bbox 747 1126 904 1189; x_wconf 81' lang='lat' dir='ltr'><strong>¹interdum</strong></span> <span class='ocrx_word' id='word_1_117' title='bbox 925 1126 1011 1205; x_wconf 87' lang='lat' dir='ltr'><strong>ipsos</strong></span> <span class='ocrx_word' id='word_1_118' title='bbox 1033 1125 1082 1189; x_wconf 81' lang='lat' dir='ltr'><strong>ob</strong></span> <span class='ocrx_word' id='word_1_119' title='bbox 1106 1156 1108 1260; x_wconf 59' lang='grc'><strong>1</strong></span> <span class='ocrx_word' id='word_1_120' title='bbox 1132 1123 1364 1186; x_wconf 88' lang='lat' dir='ltr'><strong>illuminamur.</strong></span> 
     </span>
     <span class='ocr_line' id='line_1_10' title="bbox 100 1209 2111 1297; baseline 0.002 -25"><span class='ocrx_word' id='word_1_121' title='bbox 100 1214 334 1287; x_wconf 69' lang='lat' dir='ltr'><strong>materteram</strong></span> <span class='ocrx_word' id='word_1_122' title='bbox 354 1210 385 1273; x_wconf 89' lang='lat' dir='ltr'><strong>si</strong></span> <span class='ocrx_word' id='word_1_123' title='bbox 400 1215 563 1289; x_wconf 88' lang='lat' dir='ltr'><strong>prostrato</strong></span> <span class='ocrx_word' id='word_1_124' title='bbox 584 1211 880 1291; x_wconf 79' lang='lat' dir='ltr'><strong>esseteorumfides:</strong></span> <span class='ocrx_word' id='word_1_125' title='bbox 900 1231 962 1274; x_wconf 86' lang='lat' dir='ltr'><strong>nou</strong></span> <span class='ocrx_word' id='word_1_126' title='bbox 978 1216 1081 1275; x_wconf 82' lang='lat' dir='ltr'><strong>tauwu</strong></span> <span class='ocrx_word' id='word_1_127' title='bbox 1220 1214 1269 1272; x_wconf 84' lang='lat'><strong>20.</strong></span> <span class='ocrx_word' id='word_1_128' title='bbox 1303 1209 1487 1291; x_wconf 90' lang='lat' dir='ltr'><strong>Utrumque</strong></span> <span class='ocrx_word' id='word_1_129' title='bbox 1505 1209 1643 1275; x_wconf 85' lang='lat' dir='ltr'><strong>diversis</strong></span> <span class='ocrx_word' id='word_1_130' title='bbox 1664 1211 1743 1276; x_wconf 88' lang='lat' dir='ltr'><strong>locis</strong></span> <span class='ocrx_word' id='word_1_131' title='bbox 1761 1212 1927 1294; x_wconf 88' lang='lat' dir='ltr'><strong>apostolus</strong></span> <span class='ocrx_word' id='word_1_132' title='bbox 1946 1214 2111 1297; x_wconf 83' lang='lat' dir='ltr'><strong>eleganter</strong></span> 
     </span>
     <span class='ocr_line' id='line_1_11' title="bbox 99 1293 2111 1382; baseline 0.002 -22"><span class='ocrx_word' id='word_1_133' title='bbox 99 1293 227 1374; x_wconf 74' lang='lat' dir='ltr'><strong>deficere</strong></span> <span class='ocrx_word' id='word_1_134' title='bbox 247 1300 303 1359; x_wconf 86' lang='lat' dir='ltr'><strong>out</strong></span> <span class='ocrx_word' id='word_1_135' title='bbox 319 1299 405 1377; x_wconf 82' lang='lat' dir='ltr'><strong>terqu</strong></span> <span class='ocrx_word' id='word_1_136' title='bbox 425 1301 549 1373; x_wconf 86' lang='lat' dir='ltr'><strong>uertere,</strong></span> <span class='ocrx_word' id='word_1_137' title='bbox 571 1297 625 1361; x_wconf 82' lang='lat' dir='ltr'><strong>secl</strong></span> <span class='ocrx_word' id='word_1_138' title='bbox 643 1302 793 1360; x_wconf 81' lang='lat' dir='ltr'><strong>certarnen</strong></span> <span class='ocrx_word' id='word_1_139' title='bbox 812 1317 906 1361; x_wconf 90' lang='lat' dir='ltr'><strong>suum</strong></span> <span class='ocrx_word' id='word_1_140' title='bbox 921 1297 1080 1376; x_wconf 76' lang='lat' dir='ltr'><strong>persequi,</strong></span> <span class='ocrx_word' id='word_1_141' title='bbox 1133 1295 1233 1359; x_wconf 89' lang='lat' dir='ltr'><strong>docet.</strong></span> <span class='ocrx_word' id='word_1_142' title='bbox 1279 1293 1392 1374; x_wconf 79' lang='lat' dir='ltr'><strong>Quum</strong></span> <span class='ocrx_word' id='word_1_143' title='bbox 1425 1297 1512 1358; x_wconf 88' lang='lat' dir='ltr'><strong>enim</strong></span> <span class='ocrx_word' id='word_1_144' title='bbox 1546 1296 1577 1377; x_wconf 90' lang='lat' dir='ltr'><strong>(l</strong></span> <span class='ocrx_word' id='word_1_145' title='bbox 1606 1295 1679 1361; x_wconf 80' lang='lat' dir='ltr'><strong>(lor.</strong></span> <span class='ocrx_word' id='word_1_146' title='bbox 1708 1301 1761 1376; x_wconf 89' lang='grc'><strong>13,</strong></span> <span class='ocrx_word' id='word_1_147' title='bbox 1786 1297 1821 1382; x_wconf 89' lang='grc'><strong>9)</strong></span> <span class='ocrx_word' id='word_1_148' title='bbox 1856 1319 1897 1362; x_wconf 81' lang='lat' dir='ltr'><strong>ex</strong></span> <span class='ocrx_word' id='word_1_149' title='bbox 1928 1308 2022 1380; x_wconf 90' lang='lat' dir='ltr'><strong>parte</strong></span> <span class='ocrx_word' id='word_1_150' title='bbox 2051 1320 2111 1365; x_wconf 89' lang='lat' dir='ltr'><strong>nos</strong></span> 
     </span>
     <span class='ocr_line' id='line_1_12' title="bbox 100 1381 2110 1467; baseline 0.002 -22"><span class='ocrx_word' id='word_1_151' title='bbox 100 1386 128 1445; x_wconf 87' lang='lat' dir='ltr'><strong>et</strong></span> <span class='ocrx_word' id='word_1_152' title='bbox 154 1401 248 1445; x_wconf 76' lang='lat' dir='ltr'><strong>saum</strong></span> <span class='ocrx_word' id='word_1_153' title='bbox 269 1381 429 1463; x_wconf 72' lang='lat' dir='ltr'><strong>segnitiem</strong></span> <span class='ocrx_word' id='word_1_154' title='bbox 444 1383 601 1462; x_wconf 76' lang='lat' dir='ltr'><strong>quecumlo</strong></span> <span class='ocrx_word' id='word_1_155' title='bbox 623 1403 745 1461; x_wconf 87' lang='lat' dir='ltr'><strong>acuere,</strong></span> <span class='ocrx_word' id='word_1_156' title='bbox 774 1403 812 1447; x_wconf 90' lang='lat' dir='ltr'><strong>ue</strong></span> <span class='ocrx_word' id='word_1_157' title='bbox 838 1383 948 1446; x_wconf 89' lang='lat' dir='ltr'><strong>saltem</strong></span> <span class='ocrx_word' id='word_1_158' title='bbox 975 1383 1081 1446; x_wconf 79' lang='grc'><strong>11111-</strong></span> <span class='ocrx_word' id='word_1_159' title='bbox 1133 1401 1326 1464; x_wconf 88' lang='lat' dir='ltr'><strong>cognoscere</strong></span> <span class='ocrx_word' id='word_1_160' title='bbox 1365 1390 1398 1444; x_wconf 93' lang='lat' dir='ltr'><strong>et</strong></span> <span class='ocrx_word' id='word_1_161' title='bbox 1437 1403 1478 1444; x_wconf 83' lang='lat' dir='ltr'><strong>ex</strong></span> <span class='ocrx_word' id='word_1_162' title='bbox 1511 1389 1605 1463; x_wconf 87' lang='lat' dir='ltr'><strong>parte</strong></span> <span class='ocrx_word' id='word_1_163' title='bbox 1635 1383 1831 1466; x_wconf 84' lang='lat' dir='ltr'><strong>prophetare</strong></span> <span class='ocrx_word' id='word_1_164' title='bbox 1864 1384 2038 1467; x_wconf 88' lang='lat' dir='ltr'><strong>videreque</strong></span> <span class='ocrx_word' id='word_1_165' title='bbox 2075 1387 2110 1450; x_wconf 92' lang='lat' dir='ltr'><strong>in</strong></span> 
     </span>
     <span class='ocr_line' id='line_1_13' title="bbox 99 1467 2111 1555; baseline 0.001 -22"><span class='ocrx_word' id='word_1_166' title='bbox 99 1468 261 1550; x_wconf 73' lang='lat' dir='ltr'><strong>dulperaio</strong></span> <span class='ocrx_word' id='word_1_167' title='bbox 281 1473 437 1548; x_wconf 85' lang='lat' dir='ltr'><strong>stuporem</strong></span> <span class='ocrx_word' id='word_1_168' title='bbox 458 1467 648 1531; x_wconf 74' lang='lat' dir='ltr'><strong>contrabant.</strong></span> <span class='ocrx_word' id='word_1_169' title='bbox 1133 1468 1316 1548; x_wconf 85' lang='lat' dir='ltr'><strong>aenigmate</strong></span> <span class='ocrx_word' id='word_1_170' title='bbox 1337 1487 1396 1548; x_wconf 90' lang='lat' dir='ltr'><strong>per</strong></span> <span class='ocrx_word' id='word_1_171' title='bbox 1418 1467 1586 1549; x_wconf 86' lang='lat' dir='ltr'><strong>speculum</strong></span> <span class='ocrx_word' id='word_1_172' title='bbox 1599 1468 1707 1545; x_wconf 83' lang='lat' dir='ltr'><strong>tradit,</strong></span> <span class='ocrx_word' id='word_1_173' title='bbox 1730 1490 1829 1550; x_wconf 90' lang='lat' dir='ltr'><strong>quam</strong></span> <span class='ocrx_word' id='word_1_174' title='bbox 1848 1471 1957 1534; x_wconf 87' lang='lat' dir='ltr'><strong>tenuis</strong></span> <span class='ocrx_word' id='word_1_175' title='bbox 1969 1473 2003 1534; x_wconf 92' lang='lat' dir='ltr'><strong>in</strong></span> <span class='ocrx_word' id='word_1_176' title='bbox 2016 1492 2111 1555; x_wconf 85' lang='lat' dir='ltr'><strong>prac-</strong></span> 
     </span>
     <span class='ocr_line' id='line_1_14' title="bbox 191 1552 2111 1638; baseline 0.003 -22"><span class='ocrx_word' id='word_1_177' title='bbox 191 1556 238 1616; x_wconf 88' lang='grc'><strong>18.</strong></span> <span class='ocrx_word' id='word_1_178' title='bbox 284 1553 324 1617; x_wconf 94' lang='lat' dir='ltr'><strong>Id</strong></span> <span class='ocrx_word' id='word_1_179' title='bbox 346 1573 409 1635; x_wconf 91' lang='lat' dir='ltr'><strong>quo</strong></span> <span class='ocrx_word' id='word_1_180' title='bbox 432 1553 652 1635; x_wconf 89' lang='lat' dir='ltr'><strong>intelligatur,</strong></span> <span class='ocrx_word' id='word_1_181' title='bbox 682 1576 814 1619; x_wconf 87' lang='lat' dir='ltr'><strong>neccsse</strong></span> <span class='ocrx_word' id='word_1_182' title='bbox 837 1570 888 1618; x_wconf 87' lang='lat' dir='ltr'><strong>cst</strong></span> <span class='ocrx_word' id='word_1_183' title='bbox 909 1552 1015 1618; x_wconf 88' lang='lat' dir='ltr'><strong>redire</strong></span> <span class='ocrx_word' id='word_1_184' title='bbox 1038 1553 1080 1619; x_wconf 88' lang='lat' dir='ltr'><strong>ad</strong></span> <span class='ocrx_word' id='word_1_185' title='bbox 1133 1553 1217 1617; x_wconf 89' lang='lat' dir='ltr'><strong>senti</strong></span> <span class='ocrx_word' id='word_1_186' title='bbox 1239 1554 1309 1616; x_wconf 85' lang='lat' dir='ltr'><strong>vita</strong></span> <span class='ocrx_word' id='word_1_187' title='bbox 1334 1552 1422 1616; x_wconf 89' lang='lat' dir='ltr'><strong>illius</strong></span> <span class='ocrx_word' id='word_1_188' title='bbox 1445 1574 1521 1618; x_wconf 83' lang='lat' dir='ltr'><strong>vere</strong></span> <span class='ocrx_word' id='word_1_189' title='bbox 1548 1552 1680 1618; x_wconf 88' lang='lat' dir='ltr'><strong>divinae</strong></span> <span class='ocrx_word' id='word_1_190' title='bbox 1703 1555 1882 1636; x_wconf 87' lang='lat' dir='ltr'><strong>sapientiae</strong></span> <span class='ocrx_word' id='word_1_191' title='bbox 1904 1557 2111 1638; x_wconf 90' lang='lat' dir='ltr'><strong>portiuncula</strong></span> 
     </span>
     <span class='ocr_line' id='line_1_15' title="bbox 99 1638 2110 1722; baseline 0.002 -19"><span class='ocrx_word' id='word_1_192' title='bbox 99 1640 191 1703; x_wconf 88' lang='lat' dir='ltr'><strong>illam</strong></span> <span class='ocrx_word' id='word_1_193' title='bbox 213 1640 321 1704; x_wconf 89' lang='lat' dir='ltr'><strong>carnis</strong></span> <span class='ocrx_word' id='word_1_194' title='bbox 344 1647 377 1703; x_wconf 91' lang='lat' dir='ltr'><strong>et</strong></span> <span class='ocrx_word' id='word_1_195' title='bbox 400 1639 535 1722; x_wconf 90' lang='lat' dir='ltr'><strong>spiritus</strong></span> <span class='ocrx_word' id='word_1_196' title='bbox 559 1639 766 1712; x_wconf 84' lang='lat' dir='ltr'><strong>divisionem,</strong></span> <span class='ocrx_word' id='word_1_197' title='bbox 796 1641 889 1703; x_wconf 90' lang='lat' dir='ltr'><strong>cuius</strong></span> <span class='ocrx_word' id='word_1_198' title='bbox 912 1639 988 1704; x_wconf 88' lang='lat' dir='ltr'><strong>alibi</strong></span> <span class='ocrx_word' id='word_1_199' title='bbox 1010 1660 1080 1703; x_wconf 92' lang='lat' dir='ltr'><strong>me·</strong></span> <span class='ocrx_word' id='word_1_200' title='bbox 1131 1639 1227 1703; x_wconf 84' lang='lat' dir='ltr'><strong>nobie</strong></span> <span class='ocrx_word' id='word_1_201' title='bbox 1255 1638 1364 1715; x_wconf 90' lang='lat' dir='ltr'><strong>detur,</strong></span> <span class='ocrx_word' id='word_1_202' title='bbox 1395 1638 1526 1703; x_wconf 90' lang='lat' dir='ltr'><strong>indicat.</strong></span> <span class='ocrx_word' id='word_1_203' title='bbox 1572 1639 1645 1703; x_wconf 82' lang='lat' dir='ltr'><strong>Etsi</strong></span> <span class='ocrx_word' id='word_1_204' title='bbox 1673 1641 1756 1703; x_wconf 86' lang='lat' dir='ltr'><strong>euim</strong></span> <span class='ocrx_word' id='word_1_205' title='bbox 1777 1662 1838 1705; x_wconf 78' lang='lat' dir='ltr'><strong>riou</strong></span> <span class='ocrx_word' id='word_1_206' title='bbox 1857 1643 2041 1722; x_wconf 87' lang='lat' dir='ltr'><strong>simpliciter</strong></span> <span class='ocrx_word' id='word_1_207' title='bbox 2062 1645 2110 1708; x_wconf 90' lang='lat' dir='ltr'><strong>iu-</strong></span> 
     </span>
     <span class='ocr_line' id='line_1_16' title="bbox 99 1724 2111 1808; baseline 0.001 -19"><span class='ocrx_word' id='word_1_208' title='bbox 99 1726 269 1803; x_wconf 88' lang='lat' dir='ltr'><strong>minimus,</strong></span> <span class='ocrx_word' id='word_1_209' title='bbox 301 1745 383 1808; x_wconf 90' lang='lat' dir='ltr'><strong>quae</strong></span> <span class='ocrx_word' id='word_1_210' title='bbox 408 1726 444 1788; x_wconf 92' lang='lat' dir='ltr'><strong>in</strong></span> <span class='ocrx_word' id='word_1_211' title='bbox 470 1725 532 1789; x_wconf 89' lang='lat' dir='ltr'><strong>hac</strong></span> <span class='ocrx_word' id='word_1_212' title='bbox 555 1734 647 1808; x_wconf 89' lang='lat' dir='ltr'><strong>parte</strong></span> <span class='ocrx_word' id='word_1_213' title='bbox 669 1726 867 1791; x_wconf 89' lang='lat' dir='ltr'><strong>lucidissime</strong></span> <span class='ocrx_word' id='word_1_214' title='bbox 889 1747 924 1790; x_wconf 89' lang='lat' dir='ltr'><strong>se</strong></span> <span class='ocrx_word' id='word_1_215' title='bbox 945 1727 1077 1807; x_wconf 79' lang='lat' dir='ltr'><strong>profert.</strong></span> <span class='ocrx_word' id='word_1_216' title='bbox 1132 1725 1239 1789; x_wconf 84' lang='lat' dir='ltr'><strong>dicuat</strong></span> <span class='ocrx_word' id='word_1_217' title='bbox 1269 1724 1361 1787; x_wconf 89' lang='lat' dir='ltr'><strong>cerba</strong></span> <span class='ocrx_word' id='word_1_218' title='bbox 1383 1725 1457 1802; x_wconf 88' lang='lat' dir='ltr'><strong>illa,</strong></span> <span class='ocrx_word' id='word_1_219' title='bbox 1484 1725 1697 1805; x_wconf 79' lang='lat' dir='ltr'><strong>imperfectam</strong></span> <span class='ocrx_word' id='word_1_220' title='bbox 1725 1747 1790 1791; x_wconf 88' lang='lat' dir='ltr'><strong>csse</strong></span> <span class='ocrx_word' id='word_1_221' title='bbox 1812 1725 1908 1806; x_wconf 72' lang='lat' dir='ltr'><strong>iidem</strong></span> <span class='ocrx_word' id='word_1_222' title='bbox 1928 1730 2111 1808; x_wconf 78' lang='lat' dir='ltr'><strong>quantisper</strong></span> 
     </span>
     <span class='ocr_line' id='line_1_17' title="bbox 100 1809 2112 1895; baseline 0.001 -19"><span class='ocrx_word' id='word_1_223' title='bbox 100 1810 213 1876; x_wconf 80' lang='lat' dir='ltr'><strong>Sentit</strong></span> <span class='ocrx_word' id='word_1_224' title='bbox 246 1832 324 1895; x_wconf 90' lang='lat' dir='ltr'><strong>ergo</strong></span> <span class='ocrx_word' id='word_1_225' title='bbox 356 1813 391 1874; x_wconf 92' lang='lat' dir='ltr'><strong>in</strong></span> <span class='ocrx_word' id='word_1_226' title='bbox 425 1832 459 1875; x_wconf 88' lang='lat' dir='ltr'><strong>se</strong></span> <span class='ocrx_word' id='word_1_227' title='bbox 493 1810 685 1876; x_wconf 73' lang='lat' dir='ltr'><strong>diiisionem</strong></span> <span class='ocrx_word' id='word_1_228' title='bbox 713 1813 806 1895; x_wconf 91' lang='lat' dir='ltr'><strong>pium</strong></span> <span class='ocrx_word' id='word_1_229' title='bbox 830 1820 958 1895; x_wconf 84' lang='lat' dir='ltr'><strong>pectus,</strong></span> <span class='ocrx_word' id='word_1_230' title='bbox 994 1810 1080 1894; x_wconf 92' lang='lat' dir='ltr'><strong>quod</strong></span> <span class='ocrx_word' id='word_1_231' title='bbox 1129 1811 1283 1893; x_wconf 71' lang='lat' dir='ltr'><strong>gemimus</strong></span> <span class='ocrx_word' id='word_1_232' title='bbox 1304 1809 1361 1873; x_wconf 89' lang='lat' dir='ltr'><strong>sub</strong></span> <span class='ocrx_word' id='word_1_233' title='bbox 1382 1811 1490 1874; x_wconf 87' lang='lat' dir='ltr'><strong>curuis</strong></span> <span class='ocrx_word' id='word_1_234' title='bbox 1511 1832 1614 1887; x_wconf 85' lang='lat' dir='ltr'><strong>onere,</strong></span> <span class='ocrx_word' id='word_1_235' title='bbox 1640 1813 1694 1876; x_wconf 80' lang='lat' dir='ltr'><strong>sal</strong></span> <span class='ocrx_word' id='word_1_236' title='bbox 1714 1812 1796 1892; x_wconf 84' lang='lat' dir='ltr'><strong>quod</strong></span> <span class='ocrx_word' id='word_1_237' title='bbox 1817 1833 1935 1877; x_wconf 80' lang='lat' dir='ltr'><strong>rrecesse</strong></span> <span class='ocrx_word' id='word_1_238' title='bbox 1956 1820 2000 1877; x_wconf 87' lang='lat' dir='ltr'><strong>est</strong></span> <span class='ocrx_word' id='word_1_239' title='bbox 2021 1814 2112 1879; x_wconf 87' lang='lat' dir='ltr'><strong>uobis</strong></span> 
     </span>
     <span class='ocr_line' id='line_1_18' title="bbox 99 1896 2110 1980; baseline 0.002 -19"><span class='ocrx_word' id='word_1_240' title='bbox 99 1899 221 1980; x_wconf 89' lang='lat' dir='ltr'><strong>partim</strong></span> <span class='ocrx_word' id='word_1_241' title='bbox 254 1897 296 1961; x_wconf 95' lang='lat' dir='ltr'><strong>ob</strong></span> <span class='ocrx_word' id='word_1_242' title='bbox 329 1896 460 1962; x_wconf 86' lang='lat' dir='ltr'><strong>divinae</strong></span> <span class='ocrx_word' id='word_1_243' title='bbox 493 1896 649 1962; x_wconf 88' lang='lat' dir='ltr'><strong>bonitatis</strong></span> <span class='ocrx_word' id='word_1_244' title='bbox 683 1899 884 1980; x_wconf 87' lang='lat' dir='ltr'><strong>agnitionem</strong></span> <span class='ocrx_word' id='word_1_245' title='bbox 917 1898 1080 1962; x_wconf 89' lang='lat' dir='ltr'><strong>suavitate</strong></span> <span class='ocrx_word' id='word_1_246' title='bbox 1131 1897 1260 1960; x_wconf 83' lang='lat' dir='ltr'><strong>assidue</strong></span> <span class='ocrx_word' id='word_1_247' title='bbox 1281 1897 1425 1960; x_wconf 72' lang='lat' dir='ltr'><strong>discordo</strong></span> <span class='ocrx_word' id='word_1_248' title='bbox 1446 1899 1590 1975; x_wconf 74' lang='lat' dir='ltr'><strong>exercui,</strong></span> <span class='ocrx_word' id='word_1_249' title='bbox 1612 1918 1649 1960; x_wconf 83' lang='lat' dir='ltr'><strong>ec</strong></span> <span class='ocrx_word' id='word_1_250' title='bbox 1670 1899 1896 1979; x_wconf 69' lang='lat' dir='ltr'><strong>imperfectione</strong></span> <span class='ocrx_word' id='word_1_251' title='bbox 1917 1905 2024 1964; x_wconf 88' lang='lat' dir='ltr'><strong>uestra</strong></span> <span class='ocrx_word' id='word_1_252' title='bbox 2042 1921 2110 1965; x_wconf 85' lang='lat' dir='ltr'><strong>cou-</strong></span> 
     </span>
     <span class='ocr_line' id='line_1_19' title="bbox 99 1982 2110 2067; baseline 0.002 -21"><span class='ocrx_word' id='word_1_253' title='bbox 99 1983 323 2065; x_wconf 84' lang='lat' dir='ltr'><strong>perfirnditur‚</strong></span> <span class='ocrx_word' id='word_1_254' title='bbox 361 1985 482 2065; x_wconf 88' lang='lat' dir='ltr'><strong>partim</strong></span> <span class='ocrx_word' id='word_1_255' title='bbox 521 1983 563 2047; x_wconf 95' lang='lat' dir='ltr'><strong>ob</strong></span> <span class='ocrx_word' id='word_1_256' title='bbox 601 2006 679 2048; x_wconf 90' lang='lat' dir='ltr'><strong>suae</strong></span> <span class='ocrx_word' id='word_1_257' title='bbox 718 1984 914 2048; x_wconf 82' lang='lat' dir='ltr'><strong>calamitatis</strong></span> <span class='ocrx_word' id='word_1_258' title='bbox 947 2004 1079 2047; x_wconf 90' lang='lat' dir='ltr'><strong>sensum</strong></span> <span class='ocrx_word' id='word_1_259' title='bbox 1131 1983 1256 2064; x_wconf 81' lang='lat' dir='ltr'><strong>liuperc,</strong></span> <span class='ocrx_word' id='word_1_260' title='bbox 1278 1982 1386 2045; x_wconf 70' lang='lat' dir='ltr'><strong>iurauit</strong></span> <span class='ocrx_word' id='word_1_261' title='bbox 1406 1987 1509 2047; x_wconf 85' lang='lat' dir='ltr'><strong>tamea</strong></span> <span class='ocrx_word' id='word_1_262' title='bbox 1530 1983 1654 2048; x_wconf 88' lang='lat' dir='ltr'><strong>modulo</strong></span> <span class='ocrx_word' id='word_1_263' title='bbox 1675 1988 1779 2048; x_wconf 75' lang='lat' dir='ltr'><strong>uerbo</strong></span> <span class='ocrx_word' id='word_1_264' title='bbox 1801 1989 1828 2046; x_wconf 89' lang='lat' dir='ltr'><strong>et</strong></span> <span class='ocrx_word' id='word_1_265' title='bbox 1850 1987 2007 2066; x_wconf 81' lang='lat' dir='ltr'><strong>anqustiis</strong></span> <span class='ocrx_word' id='word_1_266' title='bbox 2028 1986 2110 2067; x_wconf 85' lang='lat' dir='ltr'><strong>quod</strong></span> 
     </span>
     <span class='ocr_line' id='line_1_20' title="bbox 100 2068 2110 2153; baseline 0.001 -20"><span class='ocrx_word' id='word_1_267' title='bbox 100 2069 319 2133; x_wconf 85' lang='lat' dir='ltr'><strong>amaritudine</strong></span> <span class='ocrx_word' id='word_1_268' title='bbox 342 2070 475 2151; x_wconf 86' lang='lat' dir='ltr'><strong>angitur</strong></span> <span class='ocrx_word' id='word_1_269' title='bbox 482 2093 489 2148; x_wconf 90' lang='lat'>;</span> <span class='ocrx_word' id='word_1_270' title='bbox 512 2071 632 2152; x_wconf 91' lang='lat' dir='ltr'><strong>partim</strong></span> <span class='ocrx_word' id='word_1_271' title='bbox 654 2072 689 2133; x_wconf 90' lang='grc'><strong>11</strong></span> <span class='ocrx_word' id='word_1_272' title='bbox 708 2070 869 2153; x_wconf 88' lang='lat' dir='ltr'><strong>evangelii</strong></span> <span class='ocrx_word' id='word_1_273' title='bbox 891 2070 1079 2152; x_wconf 89' lang='lat' dir='ltr'><strong>promissio·</strong></span> <span class='ocrx_word' id='word_1_274' title='bbox 1130 2068 1317 2131; x_wconf 83' lang='lat' dir='ltr'><strong>immensum</strong></span> <span class='ocrx_word' id='word_1_275' title='bbox 1349 2074 1393 2132; x_wconf 89' lang='lat' dir='ltr'><strong>est</strong></span> <span class='ocrx_word' id='word_1_276' title='bbox 1433 2090 1493 2132; x_wconf 82' lang='lat' dir='ltr'><strong>aori</strong></span> <span class='ocrx_word' id='word_1_277' title='bbox 1517 2089 1612 2150; x_wconf 89' lang='lat' dir='ltr'><strong>posse</strong></span> <span class='ocrx_word' id='word_1_278' title='bbox 1645 2070 1866 2149; x_wconf 75' lang='lat' dir='ltr'><strong>corcprelseudi.</strong></span> <span class='ocrx_word' id='word_1_279' title='bbox 1921 2071 2024 2152; x_wconf 84' lang='lat' dir='ltr'><strong>Atque</strong></span> <span class='ocrx_word' id='word_1_280' title='bbox 2056 2071 2110 2136; x_wconf 85' lang='lat' dir='ltr'><strong>boc</strong></span> 
     </span>
     <span class='ocr_line' id='line_1_21' title="bbox 99 2152 2110 2238; baseline 0.001 -19"><span class='ocrx_word' id='word_1_281' title='bbox 99 2176 176 2219; x_wconf 89' lang='lat' dir='ltr'><strong>nem</strong></span> <span class='ocrx_word' id='word_1_282' title='bbox 209 2157 384 2233; x_wconf 88' lang='lat' dir='ltr'><strong>recumbit,</strong></span> <span class='ocrx_word' id='word_1_283' title='bbox 416 2156 537 2237; x_wconf 88' lang='lat' dir='ltr'><strong>partim</strong></span> <span class='ocrx_word' id='word_1_284' title='bbox 569 2176 647 2219; x_wconf 89' lang='lat' dir='ltr'><strong>suae</strong></span> <span class='ocrx_word' id='word_1_285' title='bbox 680 2157 860 2238; x_wconf 87' lang='lat' dir='ltr'><strong>iniquitatis</strong></span> <span class='ocrx_word' id='word_1_286' title='bbox 893 2157 1079 2220; x_wconf 88' lang='lat' dir='ltr'><strong>testimonio</strong></span> <span class='ocrx_word' id='word_1_287' title='bbox 1134 2152 1382 2218; x_wconf 87' lang='lat' dir='ltr'><strong>Paulusdetotu</strong></span> <span class='ocrx_word' id='word_1_288' title='bbox 1396 2154 1521 2218; x_wconf 87' lang='lat' dir='ltr'><strong>ecclesia</strong></span> <span class='ocrx_word' id='word_1_289' title='bbox 1532 2156 1712 2234; x_wconf 84' lang='lat' dir='ltr'><strong>praedicat;</strong></span> <span class='ocrx_word' id='word_1_290' title='bbox 1735 2157 2110 2236; x_wconf 83' lang='lat' dir='ltr'><strong>cuiqueouteucuostrum</strong></span> 
     </span>
     <span class='ocr_line' id='line_1_22' title="bbox 99 2239 2111 2325; baseline 0 -21"><span class='ocrx_word' id='word_1_291' title='bbox 99 2241 255 2325; x_wconf 90' lang='lat' dir='ltr'><strong>trepidat;</strong></span> <span class='ocrx_word' id='word_1_292' title='bbox 282 2242 404 2325; x_wconf 89' lang='lat' dir='ltr'><strong>partim</strong></span> <span class='ocrx_word' id='word_1_293' title='bbox 426 2243 513 2306; x_wconf 86' lang='lat' dir='ltr'><strong>vitae</strong></span> <span class='ocrx_word' id='word_1_294' title='bbox 536 2242 795 2323; x_wconf 82' lang='lat' dir='ltr'><strong>apprehensione</strong></span> <span class='ocrx_word' id='word_1_295' title='bbox 815 2242 973 2318; x_wconf 84' lang='lat' dir='ltr'><strong>exsultat,</strong></span> <span class='ocrx_word' id='word_1_296' title='bbox 1003 2262 1079 2323; x_wconf 92' lang='lat' dir='ltr'><strong>par·</strong></span> <span class='ocrx_word' id='word_1_297' title='bbox 1131 2260 1192 2303; x_wconf 89' lang='lat' dir='ltr'><strong>suo</strong></span> <span class='ocrx_word' id='word_1_298' title='bbox 1217 2240 1344 2303; x_wconf 85' lang='lat' dir='ltr'><strong>ruditas</strong></span> <span class='ocrx_word' id='word_1_299' title='bbox 1372 2239 1561 2305; x_wconf 83' lang='lat' dir='ltr'><strong>obstaculum</strong></span> <span class='ocrx_word' id='word_1_300' title='bbox 1588 2246 1617 2304; x_wconf 89' lang='lat' dir='ltr'><strong>et</strong></span> <span class='ocrx_word' id='word_1_301' title='bbox 1638 2262 1761 2306; x_wconf 87' lang='lat' dir='ltr'><strong>remora</strong></span> <span class='ocrx_word' id='word_1_302' title='bbox 1782 2248 1839 2320; x_wconf 88' lang='lat' dir='ltr'><strong>est,</strong></span> <span class='ocrx_word' id='word_1_303' title='bbox 1867 2263 1905 2306; x_wconf 88' lang='lat' dir='ltr'><strong>ue</strong></span> <span class='ocrx_word' id='word_1_304' title='bbox 1931 2248 1995 2305; x_wconf 87' lang='lat' dir='ltr'><strong>tam</strong></span> <span class='ocrx_word' id='word_1_305' title='bbox 2011 2264 2111 2324; x_wconf 85' lang='lat' dir='ltr'><strong>prope</strong></span> 
     </span>
     <span class='ocr_line' id='line_1_23' title="bbox 99 2325 2111 2410; baseline 0.001 -20"><span class='ocrx_word' id='word_1_306' title='bbox 99 2328 160 2390; x_wconf 92' lang='lat' dir='ltr'><strong>tim</strong></span> <span class='ocrx_word' id='word_1_307' title='bbox 181 2335 321 2392; x_wconf 88' lang='lat' dir='ltr'><strong>mortem</strong></span> <span class='ocrx_word' id='word_1_308' title='bbox 339 2327 549 2392; x_wconf 85' lang='lat' dir='ltr'><strong>exhorrescit.</strong></span> <span class='ocrx_word' id='word_1_309' title='bbox 584 2326 679 2407; x_wconf 76' lang='lat' dir='ltr'><strong>Quae</strong></span> <span class='ocrx_word' id='word_1_310' title='bbox 701 2328 838 2392; x_wconf 87' lang='lat' dir='ltr'><strong>variatio</strong></span> <span class='ocrx_word' id='word_1_311' title='bbox 861 2349 902 2391; x_wconf 83' lang='lat' dir='ltr'><strong>ex</strong></span> <span class='ocrx_word' id='word_1_312' title='bbox 924 2325 999 2390; x_wconf 90' lang='lat' dir='ltr'><strong>fidei</strong></span> <span class='ocrx_word' id='word_1_313' title='bbox 1017 2328 1079 2390; x_wconf 92' lang='lat' dir='ltr'><strong>irn-</strong></span> <span class='ocrx_word' id='word_1_314' title='bbox 1131 2327 1254 2390; x_wconf 85' lang='lat' dir='ltr'><strong>accedat</strong></span> <span class='ocrx_word' id='word_1_315' title='bbox 1286 2346 1381 2406; x_wconf 89' lang='lat' dir='ltr'><strong>quam</strong></span> <span class='ocrx_word' id='word_1_316' title='bbox 1413 2328 1582 2406; x_wconf 71' lang='lat' dir='ltr'><strong>mitandum</strong></span> <span class='ocrx_word' id='word_1_317' title='bbox 1616 2332 1700 2392; x_wconf 89' lang='lat' dir='ltr'><strong>essct.</strong></span> <span class='ocrx_word' id='word_1_318' title='bbox 1744 2328 1792 2392; x_wconf 84' lang='lat' dir='ltr'><strong>At</strong></span> <span class='ocrx_word' id='word_1_319' title='bbox 1823 2349 1922 2410; x_wconf 88' lang='lat' dir='ltr'><strong>quam</strong></span> <span class='ocrx_word' id='word_1_320' title='bbox 1955 2337 2044 2393; x_wconf 88' lang='lat' dir='ltr'><strong>corto</strong></span> <span class='ocrx_word' id='word_1_321' title='bbox 2077 2337 2111 2393; x_wconf 91' lang='lat' dir='ltr'><strong>et</strong></span> 
     </span>
     <span class='ocr_line' id='line_1_24' title="bbox 98 2411 2111 2498; baseline 0.001 -22"><span class='ocrx_word' id='word_1_322' title='bbox 98 2413 297 2496; x_wconf 86' lang='lat' dir='ltr'><strong>perfectione</strong></span> <span class='ocrx_word' id='word_1_323' title='bbox 318 2414 486 2496; x_wconf 87' lang='lat' dir='ltr'><strong>contingit,</strong></span> <span class='ocrx_word' id='word_1_324' title='bbox 510 2413 638 2495; x_wconf 90' lang='lat' dir='ltr'><strong>quando</strong></span> <span class='ocrx_word' id='word_1_325' title='bbox 661 2435 832 2494; x_wconf 89' lang='lat' dir='ltr'><strong>nunquam</strong></span> <span class='ocrx_word' id='word_1_326' title='bbox 854 2423 922 2477; x_wconf 89' lang='lat' dir='ltr'><strong>tam</strong></span> <span class='ocrx_word' id='word_1_327' title='bbox 940 2414 1021 2477; x_wconf 87' lang='lat' dir='ltr'><strong>bene</strong></span> <span class='ocrx_word' id='word_1_328' title='bbox 1043 2413 1079 2475; x_wconf 93' lang='lat' dir='ltr'><strong>in</strong></span> <span class='ocrx_word' id='word_1_329' title='bbox 1131 2412 1266 2476; x_wconf 91' lang='lat' dir='ltr'><strong>minime</strong></span> <span class='ocrx_word' id='word_1_330' title='bbox 1288 2411 1396 2475; x_wconf 81' lang='lat' dir='ltr'><strong>fiallaci</strong></span> <span class='ocrx_word' id='word_1_331' title='bbox 1418 2414 1468 2476; x_wconf 91' lang='lat' dir='ltr'><strong>sui</strong></span> <span class='ocrx_word' id='word_1_332' title='bbox 1491 2420 1590 2495; x_wconf 85' lang='lat' dir='ltr'><strong>gustu</strong></span> <span class='ocrx_word' id='word_1_333' title='bbox 1609 2435 1669 2477; x_wconf 92' lang='lat' dir='ltr'><strong>nos</strong></span> <span class='ocrx_word' id='word_1_334' title='bbox 1688 2414 1808 2477; x_wconf 90' lang='lat' dir='ltr'><strong>afficiat</strong></span> <span class='ocrx_word' id='word_1_335' title='bbox 1825 2413 1876 2478; x_wconf 90' lang='lat' dir='ltr'><strong>vel</strong></span> <span class='ocrx_word' id='word_1_336' title='bbox 1895 2416 2015 2498; x_wconf 75' lang='lat' dir='ltr'><strong>exigua</strong></span> <span class='ocrx_word' id='word_1_337' title='bbox 2034 2415 2111 2479; x_wconf 90' lang='lat' dir='ltr'><strong>fidei</strong></span> 
     </span>
     <span class='ocr_line' id='line_1_25' title="bbox 97 2496 2108 2585; baseline 0.001 -23"><span class='ocrx_word' id='word_1_338' title='bbox 97 2499 280 2581; x_wconf 89' lang='lat' dir='ltr'><strong>praesentis</strong></span> <span class='ocrx_word' id='word_1_339' title='bbox 311 2501 398 2565; x_wconf 86' lang='lat' dir='ltr'><strong>vitae</strong></span> <span class='ocrx_word' id='word_1_340' title='bbox 432 2520 529 2564; x_wconf 90' lang='lat' dir='ltr'><strong>cursu</strong></span> <span class='ocrx_word' id='word_1_341' title='bbox 562 2500 731 2564; x_wconf 90' lang='lat' dir='ltr'><strong>nobiseum</strong></span> <span class='ocrx_word' id='word_1_342' title='bbox 764 2500 889 2583; x_wconf 90' lang='lat' dir='ltr'><strong>agitur,</strong></span> <span class='ocrx_word' id='word_1_343' title='bbox 924 2506 962 2561; x_wconf 93' lang='lat' dir='ltr'><strong>ut</strong></span> <span class='ocrx_word' id='word_1_344' title='bbox 989 2499 1079 2563; x_wconf 88' lang='lat' dir='ltr'><strong>omni</strong></span> <span class='ocrx_word' id='word_1_345' title='bbox 1132 2498 1277 2581; x_wconf 89' lang='lat' dir='ltr'><strong>guttula,</strong></span> <span class='ocrx_word' id='word_1_346' title='bbox 1300 2496 1388 2561; x_wconf 92' lang='lat' dir='ltr'><strong>idem</strong></span> <span class='ocrx_word' id='word_1_347' title='bbox 1410 2498 1489 2561; x_wconf 91' lang='lat' dir='ltr'><strong>alibi</strong></span> <span class='ocrx_word' id='word_1_348' title='bbox 1510 2498 1666 2578; x_wconf 86' lang='lat' dir='ltr'><strong>ostendit,</strong></span> <span class='ocrx_word' id='word_1_349' title='bbox 1690 2520 1790 2581; x_wconf 91' lang='lat' dir='ltr'><strong>quum</strong></span> <span class='ocrx_word' id='word_1_350' title='bbox 1813 2500 1956 2565; x_wconf 87' lang='lat' dir='ltr'><strong>affirmat</strong></span> <span class='ocrx_word' id='word_1_351' title='bbox 1977 2501 2011 2585; x_wconf 85' lang='lat'><strong>(2</strong></span> <span class='ocrx_word' id='word_1_352' title='bbox 2033 2501 2108 2565; x_wconf 80' lang='lat' dir='ltr'><strong>Gor.</strong></span> 
     </span>
     <span class='ocr_line' id='line_1_26' title="bbox 99 2583 2109 2668; baseline 0.001 -19"><span class='ocrx_word' id='word_1_353' title='bbox 99 2584 299 2650; x_wconf 84' lang='lat' dir='ltr'><strong>diffidentiae</strong></span> <span class='ocrx_word' id='word_1_354' title='bbox 321 2586 433 2649; x_wconf 89' lang='lat' dir='ltr'><strong>morbo</strong></span> <span class='ocrx_word' id='word_1_355' title='bbox 456 2587 563 2650; x_wconf 86' lang='lat' dir='ltr'><strong>curati</strong></span> <span class='ocrx_word' id='word_1_356' title='bbox 589 2585 653 2649; x_wconf 91' lang='lat' dir='ltr'><strong>fido</strong></span> <span class='ocrx_word' id='word_1_357' title='bbox 677 2587 734 2649; x_wconf 92' lang='lat' dir='ltr'><strong>toti</strong></span> <span class='ocrx_word' id='word_1_358' title='bbox 758 2585 942 2667; x_wconf 88' lang='lat' dir='ltr'><strong>repleamur</strong></span> <span class='ocrx_word' id='word_1_359' title='bbox 972 2593 1079 2648; x_wconf 81' lang='grc'><strong>1111-</strong></span> <span class='ocrx_word' id='word_1_360' title='bbox 1134 2588 1161 2661; x_wconf 86' lang='lat'><strong>3,</strong></span> <span class='ocrx_word' id='word_1_361' title='bbox 1185 2583 1239 2667; x_wconf 88' lang='grc'><strong>18)</strong></span> <span class='ocrx_word' id='word_1_362' title='bbox 1268 2605 1327 2648; x_wconf 82' lang='grc'><strong>111</strong></span> <span class='ocrx_word' id='word_1_363' title='bbox 1356 2605 1415 2666; x_wconf 91' lang='lat' dir='ltr'><strong>per</strong></span> <span class='ocrx_word' id='word_1_364' title='bbox 1444 2585 1652 2668; x_wconf 82' lang='lat' dir='ltr'><strong>evangelium</strong></span> <span class='ocrx_word' id='word_1_365' title='bbox 1680 2585 1827 2649; x_wconf 88' lang='lat' dir='ltr'><strong>revelata</strong></span> <span class='ocrx_word' id='word_1_366' title='bbox 1850 2586 1931 2651; x_wconf 85' lang='lat' dir='ltr'><strong>facie</strong></span> <span class='ocrx_word' id='word_1_367' title='bbox 1953 2587 2109 2668; x_wconf 89' lang='lat' dir='ltr'><strong>nulloque</strong></span> 
     </span>
     <span class='ocr_line' id='line_1_27' title="bbox 99 2670 2109 2753; baseline 0.001 -18"><span class='ocrx_word' id='word_1_368' title='bbox 99 2692 263 2752; x_wconf 90' lang='lat' dir='ltr'><strong>cupemur.</strong></span> <span class='ocrx_word' id='word_1_369' title='bbox 306 2672 395 2736; x_wconf 90' lang='lat' dir='ltr'><strong>Hine</strong></span> <span class='ocrx_word' id='word_1_370' title='bbox 417 2672 586 2736; x_wconf 87' lang='lat' dir='ltr'><strong>conflictus</strong></span> <span class='ocrx_word' id='word_1_371' title='bbox 607 2671 669 2735; x_wconf 93' lang='lat' dir='ltr'><strong>illi:</strong></span> <span class='ocrx_word' id='word_1_372' title='bbox 694 2671 750 2734; x_wconf 93' lang='lat' dir='ltr'><strong>ubi</strong></span> <span class='ocrx_word' id='word_1_373' title='bbox 772 2693 855 2752; x_wconf 87' lang='lat' dir='ltr'><strong>quoe</strong></span> <span class='ocrx_word' id='word_1_374' title='bbox 877 2672 912 2733; x_wconf 92' lang='lat' dir='ltr'><strong>in</strong></span> <span class='ocrx_word' id='word_1_375' title='bbox 934 2670 1079 2752; x_wconf 90' lang='lat' dir='ltr'><strong>reliquiis</strong></span> <span class='ocrx_word' id='word_1_376' title='bbox 1132 2670 1255 2734; x_wconf 89' lang='lat' dir='ltr'><strong>obiecto</strong></span> <span class='ocrx_word' id='word_1_377' title='bbox 1281 2670 1444 2735; x_wconf 84' lang='lat' dir='ltr'><strong>velamine</strong></span> <span class='ocrx_word' id='word_1_378' title='bbox 1473 2671 1610 2753; x_wconf 82' lang='lat' dir='ltr'><strong>gloriam</strong></span> <span class='ocrx_word' id='word_1_379' title='bbox 1637 2671 1702 2735; x_wconf 87' lang='lat' dir='ltr'><strong>Dei</strong></span> <span class='ocrx_word' id='word_1_380' title='bbox 1735 2679 1826 2735; x_wconf 85' lang='lat' dir='ltr'><strong>tanta</strong></span> <span class='ocrx_word' id='word_1_381' title='bbox 1859 2673 2003 2737; x_wconf 85' lang='lat' dir='ltr'><strong>efficacia</strong></span> <span class='ocrx_word' id='word_1_382' title='bbox 2033 2695 2109 2738; x_wconf 92' lang='lat' dir='ltr'><strong>cou-</strong></span> 
     </span>
     <span class='ocr_line' id='line_1_28' title="bbox 99 2756 2107 2841; baseline 0 -20"><span class='ocrx_word' id='word_1_383' title='bbox 99 2759 207 2822; x_wconf 89' lang='lat' dir='ltr'><strong>carnis</strong></span> <span class='ocrx_word' id='word_1_384' title='bbox 229 2758 343 2822; x_wconf 89' lang='lat' dir='ltr'><strong>haeret</strong></span> <span class='ocrx_word' id='word_1_385' title='bbox 365 2757 560 2834; x_wconf 87' lang='lat' dir='ltr'><strong>diffidentia,</strong></span> <span class='ocrx_word' id='word_1_386' title='bbox 588 2757 629 2821; x_wconf 87' lang='lat' dir='ltr'><strong>ad</strong></span> <span class='ocrx_word' id='word_1_387' title='bbox 647 2757 902 2841; x_wconf 87' lang='lat' dir='ltr'><strong>oppugnandam</strong></span> <span class='ocrx_word' id='word_1_388' title='bbox 922 2777 1004 2838; x_wconf 91' lang='lat' dir='ltr'><strong>quae</strong></span> <span class='ocrx_word' id='word_1_389' title='bbox 1026 2757 1077 2818; x_wconf 92' lang='lat' dir='ltr'><strong>iu·</strong></span> <span class='ocrx_word' id='word_1_390' title='bbox 1132 2756 1297 2837; x_wconf 88' lang='lat' dir='ltr'><strong>templari,</strong></span> <span class='ocrx_word' id='word_1_391' title='bbox 1331 2764 1368 2818; x_wconf 92' lang='lat' dir='ltr'><strong>ut</strong></span> <span class='ocrx_word' id='word_1_392' title='bbox 1393 2757 1428 2819; x_wconf 90' lang='lat' dir='ltr'><strong>in</strong></span> <span class='ocrx_word' id='word_1_393' title='bbox 1455 2756 1593 2820; x_wconf 87' lang='lat' dir='ltr'><strong>eandem</strong></span> <span class='ocrx_word' id='word_1_394' title='bbox 1617 2757 1796 2840; x_wconf 85' lang='lat' dir='ltr'><strong>imaginem</strong></span> <span class='ocrx_word' id='word_1_395' title='bbox 1830 2759 2107 2823; x_wconf 86' lang='lat' dir='ltr'><strong>transformemur.</strong></span> 
     </span>
     <span class='ocr_line' id='line_1_29' title="bbox 99 2841 2107 2927; baseline 0.001 -21"><span class='ocrx_word' id='word_1_396' title='bbox 99 2849 153 2908; x_wconf 90' lang='lat' dir='ltr'><strong>tus</strong></span> <span class='ocrx_word' id='word_1_397' title='bbox 175 2854 329 2927; x_wconf 85' lang='lat' dir='ltr'><strong>concepta</strong></span> <span class='ocrx_word' id='word_1_398' title='bbox 350 2853 401 2908; x_wconf 90' lang='lat' dir='ltr'><strong>est</strong></span> <span class='ocrx_word' id='word_1_399' title='bbox 422 2843 521 2907; x_wconf 88' lang='lat' dir='ltr'><strong>fidem</strong></span> <span class='ocrx_word' id='word_1_400' title='bbox 543 2845 692 2927; x_wconf 77' lang='lat' dir='ltr'><strong>insurgit.</strong></span> <span class='ocrx_word' id='word_1_401' title='bbox 733 2845 860 2907; x_wconf 81' lang='lat' dir='ltr'><strong>Verum</strong></span> <span class='ocrx_word' id='word_1_402' title='bbox 883 2843 911 2906; x_wconf 90' lang='lat' dir='ltr'><strong>si</strong></span> <span class='ocrx_word' id='word_1_403' title='bbox 932 2844 967 2905; x_wconf 91' lang='lat' dir='ltr'><strong>in</strong></span> <span class='ocrx_word' id='word_1_404' title='bbox 988 2841 1078 2906; x_wconf 92' lang='lat' dir='ltr'><strong>fideli</strong></span> <span class='ocrx_word' id='word_1_405' title='bbox 1131 2842 1170 2904; x_wconf 92' lang='lat' dir='ltr'><strong>In</strong></span> <span class='ocrx_word' id='word_1_406' title='bbox 1205 2841 1326 2906; x_wconf 91' lang='lat' dir='ltr'><strong>talibus</strong></span> <span class='ocrx_word' id='word_1_407' title='bbox 1358 2842 1563 2924; x_wconf 88' lang='lat' dir='ltr'><strong>ignorantiae</strong></span> <span class='ocrx_word' id='word_1_408' title='bbox 1595 2843 1772 2907; x_wconf 88' lang='lat' dir='ltr'><strong>involucris</strong></span> <span class='ocrx_word' id='word_1_409' title='bbox 1801 2843 1979 2925; x_wconf 84' lang='lat' dir='ltr'><strong>plurimum</strong></span> <span class='ocrx_word' id='word_1_410' title='bbox 2011 2844 2107 2908; x_wconf 88' lang='lat' dir='ltr'><strong>simul</strong></span> 
     </span>
     <span class='ocr_line' id='line_1_30' title="bbox 98 2926 2107 3012; baseline 0 -20"><span class='ocrx_word' id='word_1_411' title='bbox 98 2937 209 2992; x_wconf 87' lang='lat' dir='ltr'><strong>mente</strong></span> <span class='ocrx_word' id='word_1_412' title='bbox 231 2930 393 2994; x_wconf 86' lang='lat' dir='ltr'><strong>certitudo</strong></span> <span class='ocrx_word' id='word_1_413' title='bbox 412 2930 577 3012; x_wconf 79' lang='lat' dir='ltr'><strong>permixta</strong></span> <span class='ocrx_word' id='word_1_414' title='bbox 598 2939 648 2993; x_wconf 89' lang='lat' dir='ltr'><strong>est</strong></span> <span class='ocrx_word' id='word_1_415' title='bbox 670 2929 886 3004; x_wconf 88' lang='lat' dir='ltr'><strong>dubitatione,</strong></span> <span class='ocrx_word' id='word_1_416' title='bbox 910 2949 1021 2991; x_wconf 87' lang='lat' dir='ltr'><strong>annon</strong></span> <span class='ocrx_word' id='word_1_417' title='bbox 1039 2947 1077 2991; x_wconf 92' lang='lat' dir='ltr'><strong>eo</strong></span> <span class='ocrx_word' id='word_1_418' title='bbox 1131 2926 1344 2991; x_wconf 87' lang='lat' dir='ltr'><strong>dubitationis</strong></span> <span class='ocrx_word' id='word_1_419' title='bbox 1377 2935 1410 2991; x_wconf 90' lang='lat' dir='ltr'><strong>et</strong></span> <span class='ocrx_word' id='word_1_420' title='bbox 1442 2927 1666 3010; x_wconf 87' lang='lat' dir='ltr'><strong>trepidationis</strong></span> <span class='ocrx_word' id='word_1_421' title='bbox 1692 2928 1852 3011; x_wconf 85' lang='lat' dir='ltr'><strong>implicari</strong></span> <span class='ocrx_word' id='word_1_422' title='bbox 1879 2950 2010 2993; x_wconf 89' lang='lat' dir='ltr'><strong>necesse</strong></span> <span class='ocrx_word' id='word_1_423' title='bbox 2043 2938 2107 3010; x_wconf 88' lang='lat' dir='ltr'><strong>est;</strong></span> 
     </span>
     <span class='ocr_line' id='line_1_31' title="bbox 98 3013 2108 3098; baseline -0 -18"><span class='ocrx_word' id='word_1_424' title='bbox 98 3036 226 3098; x_wconf 87' lang='lat' dir='ltr'><strong>semper</strong></span> <span class='ocrx_word' id='word_1_425' title='bbox 246 3015 421 3081; x_wconf 85' lang='lat' dir='ltr'><strong>recidimus</strong></span> <span class='ocrx_word' id='word_1_426' title='bbox 444 3023 482 3079; x_wconf 88' lang='lat' dir='ltr'><strong>ut</strong></span> <span class='ocrx_word' id='word_1_427' title='bbox 503 3015 585 3080; x_wconf 89' lang='lat' dir='ltr'><strong>fides</strong></span> <span class='ocrx_word' id='word_1_428' title='bbox 607 3037 675 3078; x_wconf 90' lang='lat' dir='ltr'><strong>non</strong></span> <span class='ocrx_word' id='word_1_429' title='bbox 697 3024 788 3080; x_wconf 89' lang='lat' dir='ltr'><strong>certa</strong></span> <span class='ocrx_word' id='word_1_430' title='bbox 807 3022 841 3079; x_wconf 93' lang='lat' dir='ltr'><strong>et</strong></span> <span class='ocrx_word' id='word_1_431' title='bbox 861 3015 994 3096; x_wconf 90' lang='lat' dir='ltr'><strong>liquida,</strong></span> <span class='ocrx_word' id='word_1_432' title='bbox 1020 3013 1077 3077; x_wconf 88' lang='lat' dir='ltr'><strong>sed</strong></span> <span class='ocrx_word' id='word_1_433' title='bbox 1130 3034 1231 3095; x_wconf 90' lang='lat' dir='ltr'><strong>quum</strong></span> <span class='ocrx_word' id='word_1_434' title='bbox 1252 3015 1445 3095; x_wconf 85' lang='lat' dir='ltr'><strong>praesertim</strong></span> <span class='ocrx_word' id='word_1_435' title='bbox 1472 3036 1527 3078; x_wconf 91' lang='lat' dir='ltr'><strong>cor</strong></span> <span class='ocrx_word' id='word_1_436' title='bbox 1548 3022 1698 3078; x_wconf 90' lang='lat' dir='ltr'><strong>nostrum</strong></span> <span class='ocrx_word' id='word_1_437' title='bbox 1721 3036 1779 3079; x_wconf 89' lang='lat' dir='ltr'><strong>suo</strong></span> <span class='ocrx_word' id='word_1_438' title='bbox 1803 3014 1944 3097; x_wconf 90' lang='lat' dir='ltr'><strong>quodam</strong></span> <span class='ocrx_word' id='word_1_439' title='bbox 1963 3016 2108 3079; x_wconf 79' lang='lat' dir='ltr'><strong>nutrirali</strong></span> 
     </span>
     <span class='ocr_line' id='line_1_32' title="bbox 99 3099 2107 3185; baseline 0.001 -21"><span class='ocrx_word' id='word_1_440' title='bbox 99 3102 236 3166; x_wconf 89' lang='lat' dir='ltr'><strong>obscura</strong></span> <span class='ocrx_word' id='word_1_441' title='bbox 256 3102 354 3166; x_wconf 92' lang='lat' dir='ltr'><strong>modo</strong></span> <span class='ocrx_word' id='word_1_442' title='bbox 377 3110 410 3166; x_wconf 90' lang='lat' dir='ltr'><strong>et</strong></span> <span class='ocrx_word' id='word_1_443' title='bbox 431 3102 588 3185; x_wconf 86' lang='lat' dir='ltr'><strong>perplexa</strong></span> <span class='ocrx_word' id='word_1_444' title='bbox 610 3101 742 3165; x_wconf 80' lang='lat' dir='ltr'><strong>divinae</strong></span> <span class='ocrx_word' id='word_1_445' title='bbox 770 3122 849 3184; x_wconf 88' lang='lat' dir='ltr'><strong>erga</strong></span> <span class='ocrx_word' id='word_1_446' title='bbox 878 3100 1077 3165; x_wconf 79' lang='grc'><strong>1111111111-</strong></span> <span class='ocrx_word' id='word_1_447' title='bbox 1129 3101 1289 3164; x_wconf 88' lang='lat' dir='ltr'><strong>instinctu</strong></span> <span class='ocrx_word' id='word_1_448' title='bbox 1317 3099 1358 3163; x_wconf 89' lang='lat' dir='ltr'><strong>ad</strong></span> <span class='ocrx_word' id='word_1_449' title='bbox 1380 3099 1641 3164; x_wconf 87' lang='lat' dir='ltr'><strong>incredulitatem</strong></span> <span class='ocrx_word' id='word_1_450' title='bbox 1663 3101 1872 3183; x_wconf 90' lang='lat' dir='ltr'><strong>propendeat.</strong></span> <span class='ocrx_word' id='word_1_451' title='bbox 1917 3101 1994 3166; x_wconf 89' lang='lat' dir='ltr'><strong>Huc</strong></span> <span class='ocrx_word' id='word_1_452' title='bbox 2017 3123 2107 3166; x_wconf 89' lang='lat' dir='ltr'><strong>acce-</strong></span> 
     </span>
     <span class='ocr_line' id='line_1_33' title="bbox 97 3185 2108 3273; baseline 0.001 -24"><span class='ocrx_word' id='word_1_453' title='bbox 97 3188 176 3250; x_wconf 90' lang='lat' dir='ltr'><strong>tatis</strong></span> <span class='ocrx_word' id='word_1_454' title='bbox 202 3190 319 3253; x_wconf 87' lang='lat' dir='ltr'><strong>notitia</strong></span> <span class='ocrx_word' id='word_1_455' title='bbox 347 3187 495 3253; x_wconf 85' lang='lat' dir='ltr'><strong>constet?</strong></span> <span class='ocrx_word' id='word_1_456' title='bbox 541 3189 679 3251; x_wconf 88' lang='lat' dir='ltr'><strong>Minime</strong></span> <span class='ocrx_word' id='word_1_457' title='bbox 708 3208 794 3253; x_wconf 89' lang='lat' dir='ltr'><strong>vero.</strong></span> <span class='ocrx_word' id='word_1_458' title='bbox 840 3187 954 3268; x_wconf 89' lang='lat' dir='ltr'><strong>Neque</strong></span> <span class='ocrx_word' id='word_1_459' title='bbox 979 3187 1076 3262; x_wconf 91' lang='lat' dir='ltr'><strong>enim,</strong></span> <span class='ocrx_word' id='word_1_460' title='bbox 1130 3185 1213 3249; x_wconf 91' lang='lat' dir='ltr'><strong>dunt</strong></span> <span class='ocrx_word' id='word_1_461' title='bbox 1230 3187 1434 3273; x_wconf 69' lang='lat' dir='ltr'><strong>tentationes</strong></span> <span class='ocrx_word' id='word_1_462' title='bbox 1457 3206 1539 3267; x_wconf 90' lang='lat' dir='ltr'><strong>quae</strong></span> <span class='ocrx_word' id='word_1_463' title='bbox 1562 3194 1595 3250; x_wconf 90' lang='grc'><strong>11</strong></span> <span class='ocrx_word' id='word_1_464' title='bbox 1616 3186 1764 3250; x_wconf 89' lang='lat' dir='ltr'><strong>infinitae</strong></span> <span class='ocrx_word' id='word_1_465' title='bbox 1781 3208 1918 3250; x_wconf 88' lang='lat' dir='ltr'><strong>numero</strong></span> <span class='ocrx_word' id='word_1_466' title='bbox 1937 3194 1971 3250; x_wconf 91' lang='lat' dir='ltr'><strong>et</strong></span> <span class='ocrx_word' id='word_1_467' title='bbox 1988 3208 2108 3270; x_wconf 84' lang='lat' dir='ltr'><strong>genere</strong></span> 
     </span>
     <span class='ocr_line' id='line_1_34' title="bbox 98 3271 2107 3357; baseline 0.001 -22"><span class='ocrx_word' id='word_1_468' title='bbox 98 3274 127 3336; x_wconf 90' lang='lat' dir='ltr'><strong>si</strong></span> <span class='ocrx_word' id='word_1_469' title='bbox 147 3275 248 3338; x_wconf 87' lang='lat' dir='ltr'><strong>variis</strong></span> <span class='ocrx_word' id='word_1_470' title='bbox 271 3275 521 3357; x_wconf 85' lang='lat' dir='ltr'><strong>cogitationibus</strong></span> <span class='ocrx_word' id='word_1_471' title='bbox 543 3273 766 3350; x_wconf 87' lang='lat' dir='ltr'><strong>distrahimur,</strong></span> <span class='ocrx_word' id='word_1_472' title='bbox 791 3271 864 3337; x_wconf 91' lang='lat' dir='ltr'><strong>ideo</strong></span> <span class='ocrx_word' id='word_1_473' title='bbox 886 3272 1036 3354; x_wconf 90' lang='lat' dir='ltr'><strong>protinus</strong></span> <span class='ocrx_word' id='word_1_474' title='bbox 1058 3292 1078 3334; x_wconf 91' lang='lat' dir='ltr'><strong>a</strong></span> <span class='ocrx_word' id='word_1_475' title='bbox 1129 3273 1240 3336; x_wconf 88' lang='lat' dir='ltr'><strong>variae</strong></span> <span class='ocrx_word' id='word_1_476' title='bbox 1258 3293 1378 3354; x_wconf 90' lang='lat' dir='ltr'><strong>magno</strong></span> <span class='ocrx_word' id='word_1_477' title='bbox 1396 3271 1575 3336; x_wconf 90' lang='lat' dir='ltr'><strong>identidem</strong></span> <span class='ocrx_word' id='word_1_478' title='bbox 1592 3274 1716 3354; x_wconf 88' lang='lat' dir='ltr'><strong>impetu</strong></span> <span class='ocrx_word' id='word_1_479' title='bbox 1735 3273 1892 3337; x_wconf 87' lang='lat' dir='ltr'><strong>insiliunt.</strong></span> <span class='ocrx_word' id='word_1_480' title='bbox 1922 3272 2000 3354; x_wconf 90' lang='lat' dir='ltr'><strong>Ipsa</strong></span> <span class='ocrx_word' id='word_1_481' title='bbox 2012 3295 2107 3355; x_wconf 88' lang='lat' dir='ltr'><strong>prae·</strong></span> 
     </span>
     <span class='ocr_line' id='line_1_35' title="bbox 98 3357 2107 3441; baseline 0 -19"><span class='ocrx_word' id='word_1_482' title='bbox 98 3358 163 3423; x_wconf 90' lang='lat' dir='ltr'><strong>fide</strong></span> <span class='ocrx_word' id='word_1_483' title='bbox 192 3358 388 3424; x_wconf 87' lang='lat' dir='ltr'><strong>divellimur.</strong></span> <span class='ocrx_word' id='word_1_484' title='bbox 433 3360 503 3423; x_wconf 88' lang='lat' dir='ltr'><strong>Nec</strong></span> <span class='ocrx_word' id='word_1_485' title='bbox 530 3360 557 3422; x_wconf 91' lang='lat' dir='ltr'><strong>si</strong></span> <span class='ocrx_word' id='word_1_486' title='bbox 586 3381 718 3424; x_wconf 89' lang='lat' dir='ltr'><strong>sursum</strong></span> <span class='ocrx_word' id='word_1_487' title='bbox 746 3359 900 3424; x_wconf 89' lang='lat' dir='ltr'><strong>deorsum</strong></span> <span class='ocrx_word' id='word_1_488' title='bbox 927 3357 1077 3422; x_wconf 80' lang='grc'><strong>(111111111-</strong></span> <span class='ocrx_word' id='word_1_489' title='bbox 1129 3359 1222 3439; x_wconf 88' lang='lat' dir='ltr'><strong>cipue</strong></span> <span class='ocrx_word' id='word_1_490' title='bbox 1249 3358 1448 3422; x_wconf 89' lang='lat' dir='ltr'><strong>conscientia</strong></span> <span class='ocrx_word' id='word_1_491' title='bbox 1473 3357 1680 3423; x_wconf 86' lang='lat' dir='ltr'><strong>incumbente</strong></span> <span class='ocrx_word' id='word_1_492' title='bbox 1707 3365 1915 3440; x_wconf 88' lang='lat' dir='ltr'><strong>peccatorum</strong></span> <span class='ocrx_word' id='word_1_493' title='bbox 1942 3359 2027 3423; x_wconf 90' lang='lat' dir='ltr'><strong>mole</strong></span> <span class='ocrx_word' id='word_1_494' title='bbox 2049 3381 2107 3441; x_wconf 92' lang='lat' dir='ltr'><strong>op·</strong></span> 
     </span>
     <span class='ocr_line' id='line_1_36' title="bbox 97 3443 2107 3529; baseline 0.001 -22"><span class='ocrx_word' id='word_1_495' title='bbox 97 3445 166 3508; x_wconf 89' lang='lat' dir='ltr'><strong>tiae</strong></span> <span class='ocrx_word' id='word_1_496' title='bbox 187 3445 364 3526; x_wconf 88' lang='lat' dir='ltr'><strong>agitatione</strong></span> <span class='ocrx_word' id='word_1_497' title='bbox 385 3466 561 3522; x_wconf 82' lang='lat' dir='ltr'><strong>vexamur,</strong></span> <span class='ocrx_word' id='word_1_498' title='bbox 589 3444 663 3509; x_wconf 90' lang='lat' dir='ltr'><strong>ideo</strong></span> <span class='ocrx_word' id='word_1_499' title='bbox 690 3447 726 3508; x_wconf 92' lang='lat' dir='ltr'><strong>in</strong></span> <span class='ocrx_word' id='word_1_500' title='bbox 750 3446 821 3510; x_wconf 88' lang='lat' dir='ltr'><strong>eius</strong></span> <span class='ocrx_word' id='word_1_501' title='bbox 843 3445 998 3529; x_wconf 82' lang='lat' dir='ltr'><strong>abyssum</strong></span> <span class='ocrx_word' id='word_1_502' title='bbox 1021 3443 1077 3507; x_wconf 88' lang='lat' dir='ltr'><strong>de-</strong></span> <span class='ocrx_word' id='word_1_503' title='bbox 1128 3464 1255 3526; x_wconf 89' lang='lat' dir='ltr'><strong>pressa,</strong></span> <span class='ocrx_word' id='word_1_504' title='bbox 1286 3465 1376 3508; x_wconf 91' lang='lat' dir='ltr'><strong>nunc</strong></span> <span class='ocrx_word' id='word_1_505' title='bbox 1404 3465 1513 3509; x_wconf 89' lang='lat' dir='ltr'><strong>secum</strong></span> <span class='ocrx_word' id='word_1_506' title='bbox 1535 3444 1728 3526; x_wconf 89' lang='lat' dir='ltr'><strong>querulatur</strong></span> <span class='ocrx_word' id='word_1_507' title='bbox 1755 3466 1793 3509; x_wconf 88' lang='lat' dir='ltr'><strong>ac</strong></span> <span class='ocrx_word' id='word_1_508' title='bbox 1817 3446 1934 3527; x_wconf 87' lang='lat' dir='ltr'><strong>gemit,</strong></span> <span class='ocrx_word' id='word_1_509' title='bbox 1962 3467 2050 3510; x_wconf 91' lang='lat' dir='ltr'><strong>nunc</strong></span> <span class='ocrx_word' id='word_1_510' title='bbox 2072 3466 2107 3510; x_wconf 87' lang='lat' dir='ltr'><strong>se</strong></span> 
     </span>
     <span class='ocr_line' id='line_1_37' title="bbox 97 3528 2106 3613; baseline 0 -19"><span class='ocrx_word' id='word_1_511' title='bbox 97 3528 289 3611; x_wconf 86' lang='lat' dir='ltr'><strong>mergimur.</strong></span> <span class='ocrx_word' id='word_1_512' title='bbox 334 3530 447 3612; x_wconf 90' lang='lat' dir='ltr'><strong>Neque</strong></span> <span class='ocrx_word' id='word_1_513' title='bbox 480 3531 509 3594; x_wconf 90' lang='lat' dir='ltr'><strong>si</strong></span> <span class='ocrx_word' id='word_1_514' title='bbox 541 3532 759 3609; x_wconf 88' lang='lat' dir='ltr'><strong>concutimur,</strong></span> <span class='ocrx_word' id='word_1_515' title='bbox 793 3530 866 3596; x_wconf 90' lang='lat' dir='ltr'><strong>ideo</strong></span> <span class='ocrx_word' id='word_1_516' title='bbox 899 3530 939 3595; x_wconf 90' lang='lat' dir='ltr'><strong>de</strong></span> <span class='ocrx_word' id='word_1_517' title='bbox 972 3529 1077 3612; x_wconf 87' lang='lat' dir='ltr'><strong>gradu</strong></span> <span class='ocrx_word' id='word_1_518' title='bbox 1128 3531 1248 3613; x_wconf 89' lang='lat' dir='ltr'><strong>arguit,</strong></span> <span class='ocrx_word' id='word_1_519' title='bbox 1271 3551 1362 3594; x_wconf 91' lang='lat' dir='ltr'><strong>nunc</strong></span> <span class='ocrx_word' id='word_1_520' title='bbox 1384 3530 1481 3595; x_wconf 88' lang='lat' dir='ltr'><strong>tacite</strong></span> <span class='ocrx_word' id='word_1_521' title='bbox 1499 3531 1618 3609; x_wconf 87' lang='lat' dir='ltr'><strong>fremit,</strong></span> <span class='ocrx_word' id='word_1_522' title='bbox 1641 3552 1731 3594; x_wconf 91' lang='lat' dir='ltr'><strong>nunc</strong></span> <span class='ocrx_word' id='word_1_523' title='bbox 1748 3538 1859 3612; x_wconf 89' lang='lat' dir='ltr'><strong>aperte</strong></span> <span class='ocrx_word' id='word_1_524' title='bbox 1877 3531 2106 3596; x_wconf 88' lang='lat' dir='ltr'><strong>tumultuatur.</strong></span> 
     </span>
     <span class='ocr_line' id='line_1_38' title="bbox 96 3614 2105 3699; baseline 0 -19"><span class='ocrx_word' id='word_1_525' title='bbox 96 3615 319 3680; x_wconf 87' lang='lat' dir='ltr'><strong>deturbamur.</strong></span> <span class='ocrx_word' id='word_1_526' title='bbox 355 3615 526 3697; x_wconf 79' lang='lat' dir='ltr'><strong>Siquidem</strong></span> <span class='ocrx_word' id='word_1_527' title='bbox 547 3617 640 3681; x_wconf 89' lang='lat' dir='ltr'><strong>istius</strong></span> <span class='ocrx_word' id='word_1_528' title='bbox 662 3618 849 3682; x_wconf 88' lang='lat' dir='ltr'><strong>certaminis</strong></span> <span class='ocrx_word' id='word_1_529' title='bbox 871 3637 999 3698; x_wconf 90' lang='lat' dir='ltr'><strong>semper</strong></span> <span class='ocrx_word' id='word_1_530' title='bbox 1021 3615 1076 3682; x_wconf 89' lang='lat' dir='ltr'><strong>hic</strong></span> <span class='ocrx_word' id='word_1_531' title='bbox 1129 3614 1208 3680; x_wconf 78' lang='lat' dir='ltr'><strong>Sive</strong></span> <span class='ocrx_word' id='word_1_532' title='bbox 1236 3636 1314 3698; x_wconf 89' lang='lat' dir='ltr'><strong>ergo</strong></span> <span class='ocrx_word' id='word_1_533' title='bbox 1343 3638 1396 3679; x_wconf 92' lang='lat' dir='ltr'><strong>res</strong></span> <span class='ocrx_word' id='word_1_534' title='bbox 1424 3615 1580 3680; x_wconf 84' lang='lat' dir='ltr'><strong>adversae</strong></span> <span class='ocrx_word' id='word_1_535' title='bbox 1607 3617 1691 3680; x_wconf 90' lang='lat' dir='ltr'><strong>iram</strong></span> <span class='ocrx_word' id='word_1_536' title='bbox 1719 3618 1784 3681; x_wconf 92' lang='lat' dir='ltr'><strong>Dei</strong></span> <span class='ocrx_word' id='word_1_537' title='bbox 1816 3638 1894 3699; x_wconf 92' lang='lat' dir='ltr'><strong>prae</strong></span> <span class='ocrx_word' id='word_1_538' title='bbox 1923 3639 1957 3681; x_wconf 88' lang='lat' dir='ltr'><strong>so</strong></span> <span class='ocrx_word' id='word_1_539' title='bbox 1984 3618 2105 3692; x_wconf 87' lang='lat' dir='ltr'><strong>ferunt,</strong></span> 
     </span>
     <span class='ocr_line' id='line_1_39' title="bbox 93 3700 2107 3785; baseline 0 -20"><span class='ocrx_word' id='word_1_540' title='bbox 93 3703 169 3766; x_wconf 87' lang='lat' dir='ltr'><strong>finis</strong></span> <span class='ocrx_word' id='word_1_541' title='bbox 192 3707 243 3765; x_wconf 87' lang='lat' dir='ltr'><strong>est</strong></span> <span class='ocrx_word' id='word_1_542' title='bbox 266 3700 352 3783; x_wconf 90' lang='lat' dir='ltr'><strong>quod</strong></span> <span class='ocrx_word' id='word_1_543' title='bbox 374 3700 455 3765; x_wconf 89' lang='lat' dir='ltr'><strong>fidos</strong></span> <span class='ocrx_word' id='word_1_544' title='bbox 478 3722 532 3765; x_wconf 88' lang='lat' dir='ltr'><strong>eas</strong></span> <span class='ocrx_word' id='word_1_545' title='bbox 555 3702 777 3779; x_wconf 89' lang='lat' dir='ltr'><strong>difficultates,</strong></span> <span class='ocrx_word' id='word_1_546' title='bbox 806 3702 922 3785; x_wconf 90' lang='lat' dir='ltr'><strong>quibus</strong></span> <span class='ocrx_word' id='word_1_547' title='bbox 944 3703 991 3766; x_wconf 90' lang='lat' dir='ltr'><strong>ita</strong></span> <span class='ocrx_word' id='word_1_548' title='bbox 1012 3702 1075 3766; x_wconf 91' lang='lat' dir='ltr'><strong>cir·</strong></span> <span class='ocrx_word' id='word_1_549' title='bbox 1128 3702 1197 3766; x_wconf 83' lang='lat' dir='ltr'><strong>sire</strong></span> <span class='ocrx_word' id='word_1_550' title='bbox 1225 3703 1294 3765; x_wconf 89' lang='lat' dir='ltr'><strong>eius</strong></span> <span class='ocrx_word' id='word_1_551' title='bbox 1323 3709 1556 3784; x_wconf 87' lang='lat' dir='ltr'><strong>argumentum</strong></span> <span class='ocrx_word' id='word_1_552' title='bbox 1584 3709 1617 3766; x_wconf 89' lang='grc'><strong>11</strong></span> <span class='ocrx_word' id='word_1_553' title='bbox 1643 3703 1817 3767; x_wconf 89' lang='lat' dir='ltr'><strong>materiam</strong></span> <span class='ocrx_word' id='word_1_554' title='bbox 1845 3704 2043 3768; x_wconf 89' lang='lat' dir='ltr'><strong>conscientia</strong></span> <span class='ocrx_word' id='word_1_555' title='bbox 2071 3704 2107 3766; x_wconf 92' lang='lat' dir='ltr'><strong>in</strong></span> 
     </span>
     <span class='ocr_line' id='line_1_40' title="bbox 93 3786 2106 3870; baseline -0 -18"><span class='ocrx_word' id='word_1_556' title='bbox 93 3808 260 3852; x_wconf 87' lang='lat' dir='ltr'><strong>cumsessa</strong></span> <span class='ocrx_word' id='word_1_557' title='bbox 282 3786 415 3851; x_wconf 86' lang='lat' dir='ltr'><strong>videtur</strong></span> <span class='ocrx_word' id='word_1_558' title='bbox 436 3788 622 3869; x_wconf 85' lang='lat' dir='ltr'><strong>periclitari,</strong></span> <span class='ocrx_word' id='word_1_559' title='bbox 646 3789 780 3853; x_wconf 91' lang='lat' dir='ltr'><strong>tandem</strong></span> <span class='ocrx_word' id='word_1_560' title='bbox 803 3788 976 3853; x_wconf 90' lang='lat' dir='ltr'><strong>eluctatur.</strong></span> <span class='ocrx_word' id='word_1_561' title='bbox 1127 3810 1161 3852; x_wconf 89' lang='lat' dir='ltr'><strong>so</strong></span> <span class='ocrx_word' id='word_1_562' title='bbox 1187 3787 1322 3869; x_wconf 90' lang='lat' dir='ltr'><strong>reperit,</strong></span> <span class='ocrx_word' id='word_1_563' title='bbox 1355 3786 1432 3850; x_wconf 91' lang='lat' dir='ltr'><strong>inde</strong></span> <span class='ocrx_word' id='word_1_564' title='bbox 1460 3787 1525 3851; x_wconf 90' lang='lat' dir='ltr'><strong>tela</strong></span> <span class='ocrx_word' id='word_1_565' title='bbox 1553 3796 1586 3851; x_wconf 90' lang='lat' dir='ltr'><strong>et</strong></span> <span class='ocrx_word' id='word_1_566' title='bbox 1606 3788 1785 3853; x_wconf 82' lang='lat' dir='ltr'><strong>machinas</strong></span> <span class='ocrx_word' id='word_1_567' title='bbox 1800 3789 1841 3852; x_wconf 90' lang='lat' dir='ltr'><strong>ad</strong></span> <span class='ocrx_word' id='word_1_568' title='bbox 1866 3788 2106 3870; x_wconf 88' lang='lat' dir='ltr'><strong>profligandam</strong></span> 
     </span>
     <span class='ocr_line' id='line_1_41' title="bbox 183 3872 2106 3957; baseline 0.001 -20"><span class='ocrx_word' id='word_1_569' title='bbox 183 3878 231 3938; x_wconf 82' lang='lat'><strong>19.</strong></span> <span class='ocrx_word' id='word_1_570' title='bbox 277 3872 417 3939; x_wconf 77' lang='lat' dir='ltr'><strong>Summa</strong></span> <span class='ocrx_word' id='word_1_571' title='bbox 438 3873 519 3938; x_wconf 89' lang='lat' dir='ltr'><strong>haee</strong></span> <span class='ocrx_word' id='word_1_572' title='bbox 541 3874 597 3937; x_wconf 88' lang='lat' dir='ltr'><strong>sit:</strong></span> <span class='ocrx_word' id='word_1_573' title='bbox 620 3876 675 3940; x_wconf 94' lang='lat' dir='ltr'><strong>ubi</strong></span> <span class='ocrx_word' id='word_1_574' title='bbox 698 3876 842 3957; x_wconf 88' lang='lat' dir='ltr'><strong>primum</strong></span> <span class='ocrx_word' id='word_1_575' title='bbox 863 3874 916 3939; x_wconf 80' lang='lat' dir='ltr'><strong>vel</strong></span> <span class='ocrx_word' id='word_1_576' title='bbox 938 3873 1076 3938; x_wconf 90' lang='lat' dir='ltr'><strong>minima</strong></span> <span class='ocrx_word' id='word_1_577' title='bbox 1125 3872 1225 3937; x_wconf 92' lang='lat' dir='ltr'><strong>fidem</strong></span> <span class='ocrx_word' id='word_1_578' title='bbox 1245 3873 1457 3938; x_wconf 87' lang='lat' dir='ltr'><strong>incredulitas</strong></span> <span class='ocrx_word' id='word_1_579' title='bbox 1474 3874 1589 3955; x_wconf 91' lang='lat' dir='ltr'><strong>arripit</strong></span> <span class='ocrx_word' id='word_1_580' title='bbox 1596 3897 1604 3952; x_wconf 86' lang='lat'>3</span> <span class='ocrx_word' id='word_1_581' title='bbox 1626 3896 1708 3956; x_wconf 89' lang='lat' dir='ltr'><strong>quae</strong></span> <span class='ocrx_word' id='word_1_582' title='bbox 1730 3882 1841 3938; x_wconf 89' lang='lat' dir='ltr'><strong>tamen</strong></span> <span class='ocrx_word' id='word_1_583' title='bbox 1862 3874 1904 3938; x_wconf 86' lang='lat' dir='ltr'><strong>ad</strong></span> <span class='ocrx_word' id='word_1_584' title='bbox 1925 3874 2013 3937; x_wconf 90' lang='lat' dir='ltr'><strong>hunc</strong></span> <span class='ocrx_word' id='word_1_585' title='bbox 2036 3895 2106 3939; x_wconf 90' lang='lat' dir='ltr'><strong>sco·</strong></span> 
     </span>
     <span class='ocr_line' id='line_1_42' title="bbox 93 3958 2106 4044; baseline 0 -21"><span class='ocrx_word' id='word_1_586' title='bbox 93 3958 168 4023; x_wconf 90' lang='lat' dir='ltr'><strong>fidei</strong></span> <span class='ocrx_word' id='word_1_587' title='bbox 192 3966 288 4044; x_wconf 88' lang='lat' dir='ltr'><strong>gutta</strong></span> <span class='ocrx_word' id='word_1_588' title='bbox 318 3960 483 4024; x_wconf 88' lang='lat' dir='ltr'><strong>mentibus</strong></span> <span class='ocrx_word' id='word_1_589' title='bbox 509 3961 631 4023; x_wconf 88' lang='lat' dir='ltr'><strong>nostris</strong></span> <span class='ocrx_word' id='word_1_590' title='bbox 657 3960 816 4025; x_wconf 89' lang='lat' dir='ltr'><strong>instillata</strong></span> <span class='ocrx_word' id='word_1_591' title='bbox 844 3974 908 4037; x_wconf 85' lang='lat' dir='ltr'><strong>est,</strong></span> <span class='ocrx_word' id='word_1_592' title='bbox 940 3961 1005 4023; x_wconf 91' lang='lat' dir='ltr'><strong>iam</strong></span> <span class='ocrx_word' id='word_1_593' title='bbox 1026 3960 1074 4024; x_wconf 88' lang='lat' dir='ltr'><strong>fa·</strong></span> <span class='ocrx_word' id='word_1_594' title='bbox 1126 3981 1205 4042; x_wconf 90' lang='lat' dir='ltr'><strong>pum</strong></span> <span class='ocrx_word' id='word_1_595' title='bbox 1226 3968 1382 4041; x_wconf 91' lang='lat' dir='ltr'><strong>perpetuo</strong></span> <span class='ocrx_word' id='word_1_596' title='bbox 1405 3959 1621 4038; x_wconf 87' lang='lat' dir='ltr'><strong>destinantur,</strong></span> <span class='ocrx_word' id='word_1_597' title='bbox 1644 3961 1802 4024; x_wconf 87' lang='lat' dir='ltr'><strong>utDeum</strong></span> <span class='ocrx_word' id='word_1_598' title='bbox 1819 3960 1911 4025; x_wconf 88' lang='lat' dir='ltr'><strong>nobis</strong></span> <span class='ocrx_word' id='word_1_599' title='bbox 1930 3959 2106 4025; x_wconf 90' lang='lat' dir='ltr'><strong>adversum</strong></span> 
     </span>
     <span class='ocr_line' id='line_1_43' title="bbox 96 4044 2105 4129; baseline -0 -18"><span class='ocrx_word' id='word_1_600' title='bbox 96 4047 179 4111; x_wconf 87' lang='lat' dir='ltr'><strong>ciem</strong></span> <span class='ocrx_word' id='word_1_601' title='bbox 200 4048 263 4111; x_wconf 90' lang='lat' dir='ltr'><strong>Dei</strong></span> <span class='ocrx_word' id='word_1_602' title='bbox 294 4046 458 4129; x_wconf 89' lang='lat' dir='ltr'><strong>placidam</strong></span> <span class='ocrx_word' id='word_1_603' title='bbox 485 4053 519 4109; x_wconf 90' lang='lat' dir='ltr'><strong>et</strong></span> <span class='ocrx_word' id='word_1_604' title='bbox 545 4067 693 4109; x_wconf 88' lang='lat' dir='ltr'><strong>serenam</strong></span> <span class='ocrx_word' id='word_1_605' title='bbox 715 4046 871 4129; x_wconf 89' lang='lat' dir='ltr'><strong>nobisque</strong></span> <span class='ocrx_word' id='word_1_606' title='bbox 900 4047 1075 4128; x_wconf 90' lang='lat' dir='ltr'><strong>propitiam</strong></span> <span class='ocrx_word' id='word_1_607' title='bbox 1126 4054 1160 4109; x_wconf 92' lang='lat' dir='ltr'><strong>et</strong></span> <span class='ocrx_word' id='word_1_608' title='bbox 1181 4046 1346 4110; x_wconf 84' lang='lat' dir='ltr'><strong>infensum</strong></span> <span class='ocrx_word' id='word_1_609' title='bbox 1370 4066 1440 4109; x_wconf 90' lang='lat' dir='ltr'><strong>esse</strong></span> <span class='ocrx_word' id='word_1_610' title='bbox 1461 4053 1631 4128; x_wconf 90' lang='lat' dir='ltr'><strong>putantes,</strong></span> <span class='ocrx_word' id='word_1_611' title='bbox 1662 4067 1721 4109; x_wconf 91' lang='lat' dir='ltr'><strong>nec</strong></span> <span class='ocrx_word' id='word_1_612' title='bbox 1749 4047 1819 4127; x_wconf 91' lang='lat' dir='ltr'><strong>opis</strong></span> <span class='ocrx_word' id='word_1_613' title='bbox 1848 4047 1888 4111; x_wconf 89' lang='lat' dir='ltr'><strong>ab</strong></span> <span class='ocrx_word' id='word_1_614' title='bbox 1916 4047 1986 4127; x_wconf 89' lang='lat' dir='ltr'><strong>ipso</strong></span> <span class='ocrx_word' id='word_1_615' title='bbox 2012 4044 2105 4128; x_wconf 92' lang='lat' dir='ltr'><strong>quid·</strong></span> 
     </span>
     <span class='ocr_line' id='line_1_44' title="bbox 96 4131 2104 4215; baseline 0 -19"><span class='ocrx_word' id='word_1_616' title='bbox 96 4132 310 4215; x_wconf 88' lang='lat' dir='ltr'><strong>contemplari</strong></span> <span class='ocrx_word' id='word_1_617' title='bbox 331 4133 515 4214; x_wconf 89' lang='lat' dir='ltr'><strong>incipimus,</strong></span> <span class='ocrx_word' id='word_1_618' title='bbox 537 4132 651 4212; x_wconf 90' lang='lat' dir='ltr'><strong>procul</strong></span> <span class='ocrx_word' id='word_1_619' title='bbox 670 4131 705 4195; x_wconf 89' lang='lat' dir='ltr'><strong>id</strong></span> <span class='ocrx_word' id='word_1_620' title='bbox 726 4132 858 4214; x_wconf 88' lang='lat' dir='ltr'><strong>quidem</strong></span> <span class='ocrx_word' id='word_1_621' title='bbox 881 4140 914 4195; x_wconf 90' lang='lat' dir='ltr'><strong>ct</strong></span> <span class='ocrx_word' id='word_1_622' title='bbox 936 4132 1073 4209; x_wconf 88' lang='lat' dir='ltr'><strong>eminus,</strong></span> <span class='ocrx_word' id='word_1_623' title='bbox 1126 4153 1225 4214; x_wconf 89' lang='lat' dir='ltr'><strong>quam</strong></span> <span class='ocrx_word' id='word_1_624' title='bbox 1247 4153 1430 4214; x_wconf 89' lang='lat' dir='ltr'><strong>speremus,</strong></span> <span class='ocrx_word' id='word_1_625' title='bbox 1454 4141 1487 4195; x_wconf 91' lang='lat' dir='ltr'><strong>et</strong></span> <span class='ocrx_word' id='word_1_626' title='bbox 1508 4133 1681 4195; x_wconf 89' lang='lat' dir='ltr'><strong>timeamus</strong></span> <span class='ocrx_word' id='word_1_627' title='bbox 1703 4153 1762 4195; x_wconf 91' lang='lat' dir='ltr'><strong>ceu</strong></span> <span class='ocrx_word' id='word_1_628' title='bbox 1784 4132 1824 4195; x_wconf 88' lang='lat' dir='ltr'><strong>ab</strong></span> <span class='ocrx_word' id='word_1_629' title='bbox 1848 4132 1942 4196; x_wconf 90' lang='lat' dir='ltr'><strong>hoste</strong></span> <span class='ocrx_word' id='word_1_630' title='bbox 1964 4133 2104 4215; x_wconf 89' lang='lat' dir='ltr'><strong>capitali.</strong></span> 
     </span>
     <span class='ocr_line' id='line_1_45' title="bbox 96 4217 2104 4301; baseline 0 -21"><span class='ocrx_word' id='word_1_631' title='bbox 96 4217 221 4282; x_wconf 90' lang='lat' dir='ltr'><strong>sedita</strong></span> <span class='ocrx_word' id='word_1_632' title='bbox 242 4225 330 4284; x_wconf 89' lang='lat' dir='ltr'><strong>certo</strong></span> <span class='ocrx_word' id='word_1_633' title='bbox 353 4219 485 4294; x_wconf 90' lang='lat' dir='ltr'><strong>iutuitu,</strong></span> <span class='ocrx_word' id='word_1_634' title='bbox 509 4225 548 4281; x_wconf 91' lang='lat' dir='ltr'><strong>ut</strong></span> <span class='ocrx_word' id='word_1_635' title='bbox 569 4217 709 4281; x_wconf 90' lang='lat' dir='ltr'><strong>sciamus</strong></span> <span class='ocrx_word' id='word_1_636' title='bbox 729 4239 787 4282; x_wconf 91' lang='lat' dir='ltr'><strong>nos</strong></span> <span class='ocrx_word' id='word_1_637' title='bbox 809 4219 945 4282; x_wconf 88' lang='lat' dir='ltr'><strong>minime</strong></span> <span class='ocrx_word' id='word_1_638' title='bbox 967 4218 1074 4282; x_wconf 89' lang='lat' dir='ltr'><strong>hallu·</strong></span> <span class='ocrx_word' id='word_1_639' title='bbox 1211 4222 1264 4281; x_wconf 76' lang='lat'><strong>21.</strong></span> <span class='ocrx_word' id='word_1_640' title='bbox 1298 4217 1353 4282; x_wconf 84' lang='lat' dir='ltr'><strong>Ad</strong></span> <span class='ocrx_word' id='word_1_641' title='bbox 1375 4218 1435 4281; x_wconf 90' lang='lat' dir='ltr'><strong>hos</strong></span> <span class='ocrx_word' id='word_1_642' title='bbox 1455 4219 1597 4301; x_wconf 89' lang='lat' dir='ltr'><strong>impetus</strong></span> <span class='ocrx_word' id='word_1_643' title='bbox 1619 4217 1827 4282; x_wconf 89' lang='lat' dir='ltr'><strong>sustinendos</strong></span> <span class='ocrx_word' id='word_1_644' title='bbox 1848 4217 1929 4283; x_wconf 89' lang='lat' dir='ltr'><strong>fides</strong></span> <span class='ocrx_word' id='word_1_645' title='bbox 1953 4240 1987 4283; x_wconf 89' lang='lat' dir='ltr'><strong>se</strong></span> <span class='ocrx_word' id='word_1_646' title='bbox 2005 4220 2104 4283; x_wconf 86' lang='lat' dir='ltr'><strong>verbo</strong></span> 
     </span>
     <span class='ocr_line' id='line_1_46' title="bbox 96 4302 2149 4392; baseline 0 -25"><span class='ocrx_word' id='word_1_647' title='bbox 96 4303 208 4368; x_wconf 89' lang='lat' dir='ltr'><strong>cinari.</strong></span> <span class='ocrx_word' id='word_1_648' title='bbox 253 4303 424 4385; x_wconf 86' lang='lat' dir='ltr'><strong>Quantum</strong></span> <span class='ocrx_word' id='word_1_649' title='bbox 446 4302 563 4367; x_wconf 90' lang='lat' dir='ltr'><strong>deinde</strong></span> <span class='ocrx_word' id='word_1_650' title='bbox 582 4304 780 4385; x_wconf 90' lang='lat' dir='ltr'><strong>proficimus,</strong></span> <span class='ocrx_word' id='word_1_651' title='bbox 805 4313 843 4367; x_wconf 92' lang='lat' dir='ltr'><strong>ut</strong></span> <span class='ocrx_word' id='word_1_652' title='bbox 863 4325 922 4368; x_wconf 91' lang='lat' dir='ltr'><strong>nos</strong></span> <span class='ocrx_word' id='word_1_653' title='bbox 945 4304 1074 4369; x_wconf 88' lang='lat' dir='ltr'><strong>assidue</strong></span> <span class='ocrx_word' id='word_1_654' title='bbox 1126 4303 1262 4367; x_wconf 93' lang='lat' dir='ltr'><strong>Domini</strong></span> <span class='ocrx_word' id='word_1_655' title='bbox 1283 4311 1390 4367; x_wconf 89' lang='lat' dir='ltr'><strong>armat</strong></span> <span class='ocrx_word' id='word_1_656' title='bbox 1410 4312 1443 4367; x_wconf 93' lang='grc'><strong>11</strong></span> <span class='ocrx_word' id='word_1_657' title='bbox 1465 4305 1582 4367; x_wconf 90' lang='lat' dir='ltr'><strong>munit.</strong></span> <span class='ocrx_word' id='word_1_658' title='bbox 1623 4304 1732 4384; x_wconf 82' lang='lat' dir='ltr'><strong>Atque</strong></span> <span class='ocrx_word' id='word_1_659' title='bbox 1755 4304 1811 4367; x_wconf 94' lang='lat' dir='ltr'><strong>ubi</strong></span> <span class='ocrx_word' id='word_1_660' title='bbox 1832 4305 1969 4368; x_wconf 88' lang='lat' dir='ltr'><strong>insultat</strong></span> <span class='ocrx_word' id='word_1_661' title='bbox 1991 4304 2104 4367; x_wconf 92' lang='lat' dir='ltr'><strong>huius·</strong></span> <span class='ocrx_word' id='word_1_662' title='bbox 2133 4344 2149 4392; x_wconf 56' lang='grc' dir='ltr'><strong><em>Ι</em></strong></span> 
     </span>
     <span class='ocr_line' id='line_1_47' title="bbox 33 4388 2104 4472; baseline -0.001 -19"><span class='ocrx_word' id='word_1_663' title='bbox 33 4458 38 4471; x_wconf 48' lang='lat'><strong>,</strong></span> <span class='ocrx_word' id='word_1_664' title='bbox 96 4392 253 4471; x_wconf 91' lang='lat' dir='ltr'><strong>proficere</strong></span> <span class='ocrx_word' id='word_1_665' title='bbox 276 4390 377 4469; x_wconf 90' lang='lat' dir='ltr'><strong>decet,</strong></span> <span class='ocrx_word' id='word_1_666' title='bbox 401 4391 494 4472; x_wconf 89' lang='lat' dir='ltr'><strong>quasi</strong></span> <span class='ocrx_word' id='word_1_667' title='bbox 516 4410 692 4472; x_wconf 87' lang='lat' dir='ltr'><strong>progressu</strong></span> <span class='ocrx_word' id='word_1_668' title='bbox 713 4390 806 4466; x_wconf 83' lang='lat' dir='ltr'><strong>iacto,</strong></span> <span class='ocrx_word' id='word_1_669' title='bbox 834 4390 868 4453; x_wconf 92' lang='lat' dir='ltr'><strong>in</strong></span> <span class='ocrx_word' id='word_1_670' title='bbox 890 4391 1075 4472; x_wconf 90' lang='lat' dir='ltr'><strong>propiorem</strong></span> <span class='ocrx_word' id='word_1_671' title='bbox 1126 4389 1214 4453; x_wconf 89' lang='lat' dir='ltr'><strong>modi</strong></span> <span class='ocrx_word' id='word_1_672' title='bbox 1242 4390 1395 4468; x_wconf 89' lang='lat' dir='ltr'><strong>tentatio,</strong></span> <span class='ocrx_word' id='word_1_673' title='bbox 1428 4391 1539 4455; x_wconf 90' lang='lat' dir='ltr'><strong>Deum</strong></span> <span class='ocrx_word' id='word_1_674' title='bbox 1562 4411 1632 4455; x_wconf 88' lang='lat' dir='ltr'><strong>osse</strong></span> <span class='ocrx_word' id='word_1_675' title='bbox 1661 4389 1843 4467; x_wconf 90' lang='lat' dir='ltr'><strong>inimicum,</strong></span> <span class='ocrx_word' id='word_1_676' title='bbox 1878 4390 1956 4471; x_wconf 87' lang='lat' dir='ltr'><strong>quia</strong></span> <span class='ocrx_word' id='word_1_677' title='bbox 1983 4390 2026 4453; x_wconf 90' lang='lat' dir='ltr'><strong>sit</strong></span> <span class='ocrx_word' id='word_1_678' title='bbox 2052 4388 2104 4450; x_wconf 94' lang='lat' dir='ltr'><strong>in-</strong></span> 
     </span>
     <span class='ocr_line' id='line_1_48' title="bbox 97 4474 2103 4559; baseline -0.001 -20"><span class='ocrx_word' id='word_1_679' title='bbox 97 4476 167 4540; x_wconf 90' lang='lat' dir='ltr'><strong>eius</strong></span> <span class='ocrx_word' id='word_1_680' title='bbox 194 4484 402 4558; x_wconf 88' lang='lat' dir='ltr'><strong>conspectum</strong></span> <span class='ocrx_word' id='word_1_681' title='bbox 429 4497 530 4557; x_wconf 91' lang='lat' dir='ltr'><strong>eoque</strong></span> <span class='ocrx_word' id='word_1_682' title='bbox 558 4475 729 4540; x_wconf 88' lang='lat' dir='ltr'><strong>certiorem</strong></span> <span class='ocrx_word' id='word_1_683' title='bbox 751 4475 918 4551; x_wconf 77' lang='lat' dir='ltr'><strong>venimus,</strong></span> <span class='ocrx_word' id='word_1_684' title='bbox 946 4484 979 4540; x_wconf 92' lang='lat' dir='ltr'><strong>et</strong></span> <span class='ocrx_word' id='word_1_685' title='bbox 1005 4477 1076 4557; x_wconf 88' lang='lat' dir='ltr'><strong>ipsa</strong></span> <span class='ocrx_word' id='word_1_686' title='bbox 1126 4477 1243 4540; x_wconf 88' lang='lat' dir='ltr'><strong>festus:</strong></span> <span class='ocrx_word' id='word_1_687' title='bbox 1276 4481 1391 4540; x_wconf 91' lang='lat' dir='ltr'><strong>contra</strong></span> <span class='ocrx_word' id='word_1_688' title='bbox 1423 4477 1561 4559; x_wconf 76' lang='lat' dir='ltr'><strong>excipit,</strong></span> <span class='ocrx_word' id='word_1_689' title='bbox 1596 4497 1667 4540; x_wconf 87' lang='lat' dir='ltr'><strong>csse</strong></span> <span class='ocrx_word' id='word_1_690' title='bbox 1696 4496 1836 4557; x_wconf 90' lang='lat' dir='ltr'><strong>quoque,</strong></span> <span class='ocrx_word' id='word_1_691' title='bbox 1871 4475 1950 4538; x_wconf 89' lang='lat' dir='ltr'><strong>dum</strong></span> <span class='ocrx_word' id='word_1_692' title='bbox 1978 4474 2103 4556; x_wconf 87' lang='lat' dir='ltr'><strong>affligit,</strong></span> 
     </span>
     <span class='ocr_line' id='line_1_49' title="bbox 97 4559 2104 4645; baseline -0 -20"><span class='ocrx_word' id='word_1_693' title='bbox 97 4562 197 4626; x_wconf 89' lang='lat' dir='ltr'><strong>etiam</strong></span> <span class='ocrx_word' id='word_1_694' title='bbox 219 4563 462 4627; x_wconf 91' lang='lat' dir='ltr'><strong>continuatione</strong></span> <span class='ocrx_word' id='word_1_695' title='bbox 484 4562 676 4626; x_wconf 89' lang='lat' dir='ltr'><strong>familiarior</strong></span> <span class='ocrx_word' id='word_1_696' title='bbox 701 4560 796 4625; x_wconf 90' lang='lat' dir='ltr'><strong>nobis</strong></span> <span class='ocrx_word' id='word_1_697' title='bbox 822 4559 977 4625; x_wconf 88' lang='lat' dir='ltr'><strong>redditur.</strong></span> <span class='ocrx_word' id='word_1_698' title='bbox 1022 4561 1077 4626; x_wconf 88' lang='lat' dir='ltr'><strong>Ita</strong></span> <span class='ocrx_word' id='word_1_699' title='bbox 1127 4559 1368 4626; x_wconf 90' lang='lat' dir='ltr'><strong>misericordem</strong></span> <span class='ocrx_word' id='word_1_700' title='bbox 1374 4585 1382 4639; x_wconf 89' lang='lat'>;</span> <span class='ocrx_word' id='word_1_701' title='bbox 1422 4563 1499 4643; x_wconf 90' lang='lat' dir='ltr'><strong>quia</strong></span> <span class='ocrx_word' id='word_1_702' title='bbox 1538 4562 1707 4645; x_wconf 89' lang='lat' dir='ltr'><strong>castigatio</strong></span> <span class='ocrx_word' id='word_1_703' title='bbox 1741 4584 1761 4626; x_wconf 91' lang='lat' dir='ltr'><strong>a</strong></span> <span class='ocrx_word' id='word_1_704' title='bbox 1793 4561 1965 4629; x_wconf 81' lang='lat' dir='ltr'><strong>dilectione</strong></span> <span class='ocrx_word' id='word_1_705' title='bbox 1995 4561 2104 4642; x_wconf 86' lang='lat' dir='ltr'><strong>potius</strong></span> 
     </span>
     <span class='ocr_line' id='line_1_50' title="bbox 96 4646 2103 4732; baseline -0.001 -22"><span class='ocrx_word' id='word_1_706' title='bbox 96 4657 242 4712; x_wconf 87' lang='lat' dir='ltr'><strong>mantem</strong></span> <span class='ocrx_word' id='word_1_707' title='bbox 268 4649 333 4713; x_wconf 91' lang='lat' dir='ltr'><strong>Dei</strong></span> <span class='ocrx_word' id='word_1_708' title='bbox 366 4649 549 4732; x_wconf 90' lang='lat' dir='ltr'><strong>cognitione</strong></span> <span class='ocrx_word' id='word_1_709' title='bbox 582 4648 816 4724; x_wconf 87' lang='lat' dir='ltr'><strong>illuminatam,</strong></span> <span class='ocrx_word' id='word_1_710' title='bbox 851 4646 944 4710; x_wconf 91' lang='lat' dir='ltr'><strong>initio</strong></span> <span class='ocrx_word' id='word_1_711' title='bbox 971 4647 1076 4711; x_wconf 89' lang='lat' dir='ltr'><strong>multa</strong></span> <span class='ocrx_word' id='word_1_712' title='bbox 1127 4668 1226 4730; x_wconf 91' lang='lat' dir='ltr'><strong>quam</strong></span> <span class='ocrx_word' id='word_1_713' title='bbox 1257 4648 1307 4710; x_wconf 91' lang='lat' dir='ltr'><strong>ira</strong></span> <span class='ocrx_word' id='word_1_714' title='bbox 1338 4647 1517 4730; x_wconf 88' lang='lat' dir='ltr'><strong>proveniat.</strong></span> <span class='ocrx_word' id='word_1_715' title='bbox 1561 4649 1627 4713; x_wconf 89' lang='lat' dir='ltr'><strong>Ubi</strong></span> <span class='ocrx_word' id='word_1_716' title='bbox 1659 4648 1721 4712; x_wconf 90' lang='lat' dir='ltr'><strong>hac</strong></span> <span class='ocrx_word' id='word_1_717' title='bbox 1755 4647 1950 4732; x_wconf 87' lang='lat' dir='ltr'><strong>cogitatione</strong></span> <span class='ocrx_word' id='word_1_718' title='bbox 1978 4646 2103 4726; x_wconf 83' lang='lat' dir='ltr'><strong>feritur,</strong></span> 
     </span>
     <span class='ocr_line' id='line_1_51' title="bbox 97 4731 2105 4817; baseline -0 -21"><span class='ocrx_word' id='word_1_719' title='bbox 97 4735 284 4817; x_wconf 89' lang='lat' dir='ltr'><strong>ignorantia</strong></span> <span class='ocrx_word' id='word_1_720' title='bbox 308 4733 455 4799; x_wconf 86' lang='lat' dir='ltr'><strong>videmus</strong></span> <span class='ocrx_word' id='word_1_721' title='bbox 476 4734 658 4799; x_wconf 85' lang='lat' dir='ltr'><strong>involutam</strong></span> <span class='ocrx_word' id='word_1_722' title='bbox 680 4733 795 4810; x_wconf 89' lang='lat' dir='ltr'><strong>teneri,</strong></span> <span class='ocrx_word' id='word_1_723' title='bbox 818 4752 901 4813; x_wconf 89' lang='lat' dir='ltr'><strong>quae</strong></span> <span class='ocrx_word' id='word_1_724' title='bbox 918 4731 1076 4812; x_wconf 89' lang='lat' dir='ltr'><strong>paulatim</strong></span> <span class='ocrx_word' id='word_1_725' title='bbox 1127 4734 1237 4798; x_wconf 90' lang='lat' dir='ltr'><strong>Deum</strong></span> <span class='ocrx_word' id='word_1_726' title='bbox 1270 4753 1340 4798; x_wconf 89' lang='lat' dir='ltr'><strong>esse</strong></span> <span class='ocrx_word' id='word_1_727' title='bbox 1368 4734 1577 4816; x_wconf 90' lang='lat' dir='ltr'><strong>iniquitatum</strong></span> <span class='ocrx_word' id='word_1_728' title='bbox 1606 4733 1785 4813; x_wconf 83' lang='lat' dir='ltr'><strong>vindicem,</strong></span> <span class='ocrx_word' id='word_1_729' title='bbox 1818 4733 1952 4815; x_wconf 87' lang='lat' dir='ltr'><strong>opponit</strong></span> <span class='ocrx_word' id='word_1_730' title='bbox 1973 4732 2105 4796; x_wconf 84' lang='lat' dir='ltr'><strong>veniam</strong></span> 
     </span>
     <span class='ocr_line' id='line_1_52' title="bbox 97 4816 2105 4905; baseline -0.001 -21"><span class='ocrx_word' id='word_1_731' title='bbox 97 4821 304 4905; x_wconf 87' lang='lat' dir='ltr'><strong>abstergitur.</strong></span> <span class='ocrx_word' id='word_1_732' title='bbox 354 4820 430 4884; x_wconf 85' lang='lat' dir='ltr'><strong>Non</strong></span> <span class='ocrx_word' id='word_1_733' title='bbox 463 4827 574 4884; x_wconf 90' lang='lat' dir='ltr'><strong>tamen</strong></span> <span class='ocrx_word' id='word_1_734' title='bbox 601 4818 762 4902; x_wconf 88' lang='lat' dir='ltr'><strong>quaedam</strong></span> <span class='ocrx_word' id='word_1_735' title='bbox 790 4816 985 4902; x_wconf 88' lang='lat' dir='ltr'><strong>ignorando,</strong></span> <span class='ocrx_word' id='word_1_736' title='bbox 1019 4826 1077 4882; x_wconf 90' lang='lat' dir='ltr'><strong>aut</strong></span> <span class='ocrx_word' id='word_1_737' title='bbox 1128 4818 1254 4886; x_wconf 88' lang='lat' dir='ltr'><strong>delictis</strong></span> <span class='ocrx_word' id='word_1_738' title='bbox 1275 4820 1425 4885; x_wconf 90' lang='lat' dir='ltr'><strong>omnibus</strong></span> <span class='ocrx_word' id='word_1_739' title='bbox 1436 4826 1593 4902; x_wconf 88' lang='lat' dir='ltr'><strong>paratam,</strong></span> <span class='ocrx_word' id='word_1_740' title='bbox 1617 4821 1743 4902; x_wconf 88' lang='lat' dir='ltr'><strong>quoties</strong></span> <span class='ocrx_word' id='word_1_741' title='bbox 1757 4816 1945 4884; x_wconf 88' lang='lat' dir='ltr'><strong>adDomini</strong></span> <span class='ocrx_word' id='word_1_742' title='bbox 1963 4819 2105 4884; x_wconf 90' lang='lat' dir='ltr'><strong>clemen·</strong></span> 
     </span>
     <span class='ocr_line' id='line_1_53' title="bbox 97 4902 2105 4990; baseline 0 -20"><span class='ocrx_word' id='word_1_743' title='bbox 97 4907 266 4970; x_wconf 81' lang='lat' dir='ltr'><strong>obscurius</strong></span> <span class='ocrx_word' id='word_1_744' title='bbox 297 4905 332 4970; x_wconf 95' lang='lat' dir='ltr'><strong>id</strong></span> <span class='ocrx_word' id='word_1_745' title='bbox 358 4906 444 4988; x_wconf 90' lang='lat' dir='ltr'><strong>quod</strong></span> <span class='ocrx_word' id='word_1_746' title='bbox 472 4907 576 4971; x_wconf 85' lang='lat' dir='ltr'><strong>cernit</strong></span> <span class='ocrx_word' id='word_1_747' title='bbox 603 4904 766 4972; x_wconf 89' lang='lat' dir='ltr'><strong>cernendo</strong></span> <span class='ocrx_word' id='word_1_748' title='bbox 794 4902 971 4986; x_wconf 89' lang='lat' dir='ltr'><strong>impeditur</strong></span> <span class='ocrx_word' id='word_1_749' title='bbox 997 4905 1076 4986; x_wconf 89' lang='lat' dir='ltr'><strong>quin</strong></span> <span class='ocrx_word' id='word_1_750' title='bbox 1127 4906 1209 4970; x_wconf 91' lang='lat' dir='ltr'><strong>tiam</strong></span> <span class='ocrx_word' id='word_1_751' title='bbox 1235 4914 1384 4990; x_wconf 87' lang='lat' dir='ltr'><strong>peccator</strong></span> <span class='ocrx_word' id='word_1_752' title='bbox 1412 4928 1446 4971; x_wconf 88' lang='lat' dir='ltr'><strong>se</strong></span> <span class='ocrx_word' id='word_1_753' title='bbox 1472 4906 1605 4970; x_wconf 87' lang='lat' dir='ltr'><strong>confert.</strong></span> <span class='ocrx_word' id='word_1_754' title='bbox 1629 4906 1704 4969; x_wconf 90' lang='lat' dir='ltr'><strong>·Ita</strong></span> <span class='ocrx_word' id='word_1_755' title='bbox 1725 4907 1780 4988; x_wconf 90' lang='lat' dir='ltr'><strong>pia</strong></span> <span class='ocrx_word' id='word_1_756' title='bbox 1800 4926 1908 4983; x_wconf 89' lang='lat' dir='ltr'><strong>mens,</strong></span> <span class='ocrx_word' id='word_1_757' title='bbox 1939 4912 2105 4987; x_wconf 89' lang='lat' dir='ltr'><strong>utcunque</strong></span> 
     </span>
     <span class='ocr_line' id='line_1_54' title="bbox 97 4989 2104 5076; baseline 0 -21"><span class='ocrx_word' id='word_1_758' title='bbox 97 4992 229 5057; x_wconf 83' lang='lat' dir='ltr'><strong>divinae</strong></span> <span class='ocrx_word' id='word_1_759' title='bbox 249 5014 329 5076; x_wconf 90' lang='lat' dir='ltr'><strong>erga</strong></span> <span class='ocrx_word' id='word_1_760' title='bbox 350 5013 385 5057; x_wconf 89' lang='lat' dir='ltr'><strong>se</strong></span> <span class='ocrx_word' id='word_1_761' title='bbox 406 4992 586 5058; x_wconf 86' lang='lat' dir='ltr'><strong>voluntatis</strong></span> <span class='ocrx_word' id='word_1_762' title='bbox 607 4993 779 5076; x_wconf 89' lang='lat' dir='ltr'><strong>perspicua</strong></span> <span class='ocrx_word' id='word_1_763' title='bbox 799 4989 917 5055; x_wconf 89' lang='lat' dir='ltr'><strong>notitia</strong></span> <span class='ocrx_word' id='word_1_764' title='bbox 938 4990 1076 5071; x_wconf 88' lang='lat' dir='ltr'><strong>fruatur,</strong></span> <span class='ocrx_word' id='word_1_765' title='bbox 1126 4992 1219 5056; x_wconf 90' lang='lat' dir='ltr'><strong>miris</strong></span> <span class='ocrx_word' id='word_1_766' title='bbox 1244 4992 1349 5057; x_wconf 91' lang='lat' dir='ltr'><strong>modis</strong></span> <span class='ocrx_word' id='word_1_767' title='bbox 1376 4992 1560 5075; x_wconf 84' lang='lat' dir='ltr'><strong>exagitetur</strong></span> <span class='ocrx_word' id='word_1_768' title='bbox 1588 5013 1626 5057; x_wconf 91' lang='lat' dir='ltr'><strong>ac</strong></span> <span class='ocrx_word' id='word_1_769' title='bbox 1649 4991 1835 5071; x_wconf 85' lang='lat' dir='ltr'><strong>divexetur,</strong></span> <span class='ocrx_word' id='word_1_770' title='bbox 1864 5013 1965 5074; x_wconf 89' lang='lat' dir='ltr'><strong>supra</strong></span> <span class='ocrx_word' id='word_1_771' title='bbox 1991 5011 2104 5056; x_wconf 87' lang='lat' dir='ltr'><strong>omnes</strong></span> 
     </span>
     <span class='ocr_line' id='line_1_55' title="bbox 97 5077 2105 5162; baseline 0 -19"><span class='ocrx_word' id='word_1_772' title='bbox 97 5078 183 5161; x_wconf 93' lang='lat' dir='ltr'><strong>quod</strong></span> <span class='ocrx_word' id='word_1_773' title='bbox 222 5081 258 5144; x_wconf 91' lang='lat' dir='ltr'><strong>in</strong></span> <span class='ocrx_word' id='word_1_774' title='bbox 289 5078 354 5143; x_wconf 89' lang='lat' dir='ltr'><strong>fide</strong></span> <span class='ocrx_word' id='word_1_775' title='bbox 394 5078 517 5160; x_wconf 89' lang='lat' dir='ltr'><strong>primas</strong></span> <span class='ocrx_word' id='word_1_776' title='bbox 547 5101 584 5144; x_wconf 91' lang='lat' dir='ltr'><strong>ac</strong></span> <span class='ocrx_word' id='word_1_777' title='bbox 616 5080 800 5161; x_wconf 89' lang='lat' dir='ltr'><strong>potissimas</strong></span> <span class='ocrx_word' id='word_1_778' title='bbox 833 5084 944 5160; x_wconf 88' lang='lat' dir='ltr'><strong>partes</strong></span> <span class='ocrx_word' id='word_1_779' title='bbox 977 5084 1074 5142; x_wconf 84' lang='lat' dir='ltr'><strong>tenet.</strong></span> <span class='ocrx_word' id='word_1_780' title='bbox 1127 5084 1238 5142; x_wconf 91' lang='lat' dir='ltr'><strong>tamen</strong></span> <span class='ocrx_word' id='word_1_781' title='bbox 1260 5077 1469 5143; x_wconf 84' lang='lat' dir='ltr'><strong>difficultates</strong></span> <span class='ocrx_word' id='word_1_782' title='bbox 1490 5078 1624 5143; x_wconf 77' lang='lat' dir='ltr'><strong>tandum</strong></span> <span class='ocrx_word' id='word_1_783' title='bbox 1636 5078 1783 5162; x_wconf 89' lang='lat' dir='ltr'><strong>emergit,</strong></span> <span class='ocrx_word' id='word_1_784' title='bbox 1806 5100 1866 5144; x_wconf 89' lang='lat' dir='ltr'><strong>nec</strong></span> <span class='ocrx_word' id='word_1_785' title='bbox 1890 5078 1951 5144; x_wconf 90' lang='lat' dir='ltr'><strong>sibi</strong></span> <span class='ocrx_word' id='word_1_786' title='bbox 1974 5078 2105 5143; x_wconf 80' lang='lat' dir='ltr'><strong>divinae</strong></span> 
     </span>
     <span class='ocr_line' id='line_1_56' title="bbox 98 5162 2104 5248; baseline -0.001 -18"><span class='ocrx_word' id='word_1_787' title='bbox 98 5164 386 5246; x_wconf 80' lang='lat' dir='ltr'><strong>Quemadmodum</strong></span> <span class='ocrx_word' id='word_1_788' title='bbox 412 5165 502 5229; x_wconf 91' lang='lat' dir='ltr'><strong>enim</strong></span> <span class='ocrx_word' id='word_1_789' title='bbox 529 5165 558 5228; x_wconf 90' lang='lat' dir='ltr'><strong>si</strong></span> <span class='ocrx_word' id='word_1_790' title='bbox 587 5167 659 5247; x_wconf 90' lang='lat' dir='ltr'><strong>quis</strong></span> <span class='ocrx_word' id='word_1_791' title='bbox 686 5186 815 5230; x_wconf 86' lang='lat' dir='ltr'><strong>carcere</strong></span> <span class='ocrx_word' id='word_1_792' title='bbox 842 5163 1001 5242; x_wconf 84' lang='lat' dir='ltr'><strong>inclusus,</strong></span> <span class='ocrx_word' id='word_1_793' title='bbox 1034 5185 1076 5228; x_wconf 86' lang='lat' dir='ltr'><strong>ex</strong></span> <span class='ocrx_word' id='word_1_794' title='bbox 1127 5162 1367 5228; x_wconf 88' lang='lat' dir='ltr'><strong>misericordiae</strong></span> <span class='ocrx_word' id='word_1_795' title='bbox 1388 5163 1543 5228; x_wconf 89' lang='lat' dir='ltr'><strong>fiduciam</strong></span> <span class='ocrx_word' id='word_1_796' title='bbox 1562 5166 1672 5230; x_wconf 86' lang='lat' dir='ltr'><strong>excuti</strong></span> <span class='ocrx_word' id='word_1_797' title='bbox 1689 5186 1833 5247; x_wconf 88' lang='lat' dir='ltr'><strong>unquam</strong></span> <span class='ocrx_word' id='word_1_798' title='bbox 1851 5166 1984 5248; x_wconf 88' lang='lat' dir='ltr'><strong>patitur.</strong></span> <span class='ocrx_word' id='word_1_799' title='bbox 2013 5163 2104 5244; x_wconf 76' lang='lat' dir='ltr'><strong>Quin</strong></span> 
     </span>
     <span class='ocr_line' id='line_1_57' title="bbox 97 5248 2104 5337; baseline -0.001 -20"><span class='ocrx_word' id='word_1_800' title='bbox 97 5250 286 5337; x_wconf 89' lang='lat' dir='ltr'><strong>angustiore</strong></span> <span class='ocrx_word' id='word_1_801' title='bbox 313 5250 459 5315; x_wconf 81' lang='lat' dir='ltr'><strong>fenestra</strong></span> <span class='ocrx_word' id='word_1_802' title='bbox 488 5248 616 5333; x_wconf 91' lang='lat' dir='ltr'><strong>oblique</strong></span> <span class='ocrx_word' id='word_1_803' title='bbox 644 5258 775 5315; x_wconf 85' lang='lat' dir='ltr'><strong>tantum</strong></span> <span class='ocrx_word' id='word_1_804' title='bbox 801 5257 835 5315; x_wconf 92' lang='lat' dir='ltr'><strong>et</strong></span> <span class='ocrx_word' id='word_1_805' title='bbox 861 5251 955 5332; x_wconf 89' lang='lat' dir='ltr'><strong>quasi</strong></span> <span class='ocrx_word' id='word_1_806' title='bbox 980 5250 1075 5315; x_wconf 92' lang='lat' dir='ltr'><strong>dimi·</strong></span> <span class='ocrx_word' id='word_1_807' title='bbox 1126 5249 1234 5333; x_wconf 88' lang='lat' dir='ltr'><strong>potius</strong></span> <span class='ocrx_word' id='word_1_808' title='bbox 1261 5269 1471 5332; x_wconf 85' lang='lat' dir='ltr'><strong>quaecuuque</strong></span> <span class='ocrx_word' id='word_1_809' title='bbox 1503 5251 1751 5335; x_wconf 86' lang='lat' dir='ltr'><strong>disceptationes</strong></span> <span class='ocrx_word' id='word_1_810' title='bbox 1778 5273 1850 5316; x_wconf 88' lang='lat' dir='ltr'><strong>eam</strong></span> <span class='ocrx_word' id='word_1_811' title='bbox 1883 5259 2036 5316; x_wconf 82' lang='lat' dir='ltr'><strong>exercent</strong></span> <span class='ocrx_word' id='word_1_812' title='bbox 2070 5256 2104 5313; x_wconf 87' lang='lat' dir='ltr'><strong>et</strong></span> 
     </span>
    </p>
   </div>
   <div class='ocr_carea' id='block_1_3' title="bbox 0 0 2340 5842">
    <p class='ocr_par' dir='ltr' id='par_1_3' title="bbox 0 0 2340 5842">
     <span class='ocr_line' id='line_1_58' title="bbox 0 0 2340 5842; baseline 0 2"><span class='ocrx_word' id='word_1_813' title='bbox 0 0 2340 5842; x_wconf 95' lang='lat' dir='ltr'><strong> </strong></span> 
     </span>
    </p>
   </div>
  </div>
 </body>
</html>
