4672 5842
232 301 326 365 aaa.
783 380 795 399 ,
881 291 1147 361 marmorio
1167 293 1274 359 aun.
1295 290 1477 361 canan.
1502 297 1594 359 1559.
2176 295 2241 361 aas
2284 265 2291 279 '

232 487 272 555 Si
292 508 400 553 oerum
419 490 463 551 est
483 482 716 567 perfectionem
738 484 880 549 iustitiae
903 484 938 546 in
955 483 1027 566 lege
1050 503 1109 546 nos
1132 481 1209 547 edo·
1261 481 1479 547 obedientiam
1510 503 1576 546 non
1604 503 1774 563 respuens,
1805 490 1838 546 et
1865 481 1951 564 quod
1981 481 2072 547 deest
2099 482 2241 566 comple-

231 576 310 641 ceri:
334 572 420 637 istud
442 572 542 635 otiam
565 571 781 652 consequitur,
804 569 985 634 absolutam
1007 569 1077 633 eius
1100 569 1209 634 obser·
1261 574 1372 632 mento
1389 568 1568 646 remittens,
1591 566 1726 649 perinde
1750 576 1846 651 atque
1869 566 2000 632 anobis
2014 568 2149 651 impleta
2162 590 2241 634 oon·

231 661 395 726 rationem
413 657 590 739 perfectam
611 678 681 721 esse
699 677 809 720 coram
821 655 893 719 Deo
911 655 1084 719 iustitiam:
1109 655 1173 737 qira
1185 653 1209 740 ¹)
1262 653 1394 731 ditione,
1413 653 1569 737 legalium
1581 653 1831 735 promissionum
1847 655 1991 718 fructum
2002 655 2168 736 percipere
2180 676 2242 721 nos

231 746 354 812 seilicet
373 745 470 808 homo
489 743 594 807 iustus
612 741 697 825 apud
717 741 853 806 coeleste
872 740 1017 804 tribunal
1038 749 1210 806 censeatur
1261 740 1347 805 facit.
1378 739 1445 804 Sed
1463 740 1549 803 hanc
1566 739 1797 820 quaestionem,
1820 740 1897 822 quia
1918 740 1953 802 in
1975 739 2147 805 tractanda
2163 741 2242 805 fidei

231 853 269 896 ac
291 838 470 912 reputetur.
515 826 628 909 Quare
651 828 769 903 Moses,
797 826 869 909 lege
892 825 1115 910 promulgata,
1141 848 1209 891 non
1262 826 1491 891 iustificatione
1518 824 1647 906 plenius
1676 824 1871 907 disputanda
1900 826 1976 902 erit,
2004 847 2071 890 non
2096 825 2184 890 ultra
2206 827 2242 891 in

231 916 358 982 dubitat
391 914 567 980 contestari
600 912 725 978 coelum
756 920 790 982 et
823 922 945 975 terram
978 912 1063 994 quod
1092 933 1209 995 propo·
1262 933 1417 994 praesens
1461 932 1680 993 rosequomur.

230 1004 350 1069 suisset
371 1001 488 1066 Israeli
515 1000 617 1063 vitam
644 1006 678 1062 et
700 1007 855 1076 mortem,
884 998 1008 1063 bonum
1030 1006 1063 1061 et
1085 998 1208 1062 malum
1350 1003 1377 1062 5.
1424 933 1522 1078 Quod
1549 1006 1658 1061 autem
1682 995 1914 1079 impossibilem
1935 996 2017 1080 legis
2040 995 2242 1063 observatio·

231 1085 343 1173 (Deut
365 1093 421 1165 30,
444 1088 506 1169 19).
551 1085 620 1149 Nec
642 1085 799 1167 refragari
821 1084 897 1147 lieet
918 1085 997 1165 quin
1020 1085 1141 1148 iustam
1162 1084 1209 1147 le·
1262 1105 1339 1148 nem
1375 1083 1532 1160 diximus,
1572 1082 1606 1148 id
1643 1090 1693 1149 est
1724 1083 1836 1166 paucis
1867 1083 1977 1148 vorbis
2009 1082 2242 1165 explicandum

231 1175 282 1259 gis
310 1172 528 1238 obedientiam
561 1180 693 1234 maneat
725 1178 878 1234 aeternae
910 1169 1025 1234 salutis
1058 1191 1208 1234 remune-
1262 1169 1359 1234 simul
1387 1178 1420 1233 et
1448 1168 1717 1234 confirmandum.
1763 1167 1855 1234 Solet
1882 1169 1971 1232 enim
1999 1168 2097 1252 vulgo
2126 1169 2241 1234 absur-

231 1262 324 1336 ratio,
347 1254 620 1340 quemadmodum
641 1277 661 1318 a
680 1255 824 1319 Domino
845 1257 1006 1337 promissa
1028 1262 1085 1320 est.
1119 1256 1208 1319 Rur-
1261 1255 1395 1321 dissima
1416 1255 1578 1318 sententia
1600 1255 1719 1332 videri,
1751 1262 1788 1318 ut
1809 1254 1935 1318 Hieron
1960 1276 2035 1319 mus
2056 1276 2123 1318 non
2146 1253 2241 1320 dubi-

232 1367 305 1410 sum
327 1352 436 1408 tamen
459 1342 737 1425 operaepretium
761 1351 811 1404 cst
839 1362 1069 1424 recognoscere
1094 1341 1209 1423 ecquid
1261 1343 1340 1406 tarit
1361 1341 1536 1405 anathema
1555 1339 1605 1403 illi
1623 1340 1824 1405 denuntiare.
1860 1339 1926 1420 Qui
1967 1340 2077 1404 visum
2098 1341 2141 1405 sit
2158 1341 2240 1406 Hie-

232 1451 305 1495 eam
338 1429 553 1494 obedientiam
586 1435 803 1509 praestemus,
837 1427 929 1492 cuius
959 1428 1075 1491 merito
1102 1429 1209 1493 eonci—
1262 1449 1409 1512 ronymo,
1428 1426 1513 1490 nihil
1531 1447 1654 1505 moror;
1678 1425 1826 1507 nosquid
1839 1425 2239 1509 verumsitinquiramus.

231 1514 350 1600 pianda
371 1516 415 1579 sit
434 1514 521 1578 illius
543 1514 815 1578 remunerationis
835 1512 962 1578 fiducia
1004 1511 1210 1593 Quantulum
1261 1514 1336 1578 Non
1362 1522 1472 1578 toxam
1498 1513 1551 1578 hic
1577 1513 1692 1596 longas
1714 1511 1867 1596 ambages
1895 1511 1935 1576 de
1958 1513 2057 1576 variis
2079 1512 2241 1594 possibili·

232 1601 320 1666 enim
349 1608 399 1665 est
427 1598 537 1664 videre
565 1600 599 1663 in
626 1599 708 1681 legis
732 1599 941 1665 observantia
962 1600 1103 1681 positum
1123 1600 1209 1663 vitae
1262 1600 1340 1663 tatis
1368 1599 1551 1682 generibus.
1596 1597 1800 1681 Impossibile
1829 1597 1955 1680 appello
1981 1597 2068 1680 quod
2096 1618 2157 1663 nec
2179 1598 2242 1664 fuit

232 1694 383 1753 aeternae
401 1686 591 1768 praemium,
615 1685 679 1748 uisi
699 1693 868 1767 praeterea
890 1693 1016 1750 constet
1038 1697 1081 1748 an
1099 1707 1138 1749 ea
1156 1687 1210 1750 via
1262 1706 1421 1768 unquam,
1452 1694 1485 1748 et
1513 1707 1555 1749 ne
1577 1686 1612 1748 in
1638 1693 1803 1766 posterum
1827 1685 1870 1749 sit
1891 1682 1956 1749 Dei
1979 1682 2183 1748 ordinatione
2205 1705 2243 1750 ae

231 1773 401 1856 pervenire
424 1771 465 1836 ad
487 1773 590 1835 vitam
612 1780 781 1835 aeternam
799 1771 892 1835 nobis
910 1771 1065 1855 liceat?²)
1099 1771 1208 1855 Hacf)
1261 1771 1377 1836 decreto
1398 1770 1583 1853 impeditur.
1618 1768 1657 1835 Si
1675 1771 1715 1835 ab
1732 1769 1850 1834 ultima
1871 1771 2028 1834 memoria
2045 1778 2239 1852 repetamus,

231 1880 309 1924 vero
340 1859 376 1921 in
409 1864 503 1940 parte
535 1856 618 1940 legis
644 1856 849 1921 imbecillitas
881 1879 916 1921 sc
949 1857 1078 1938 profert
1123 1857 1210 1921 Nam
1262 1858 1426 1922 neminem
1444 1865 1633 1922 sanctorum
1650 1856 1813 1920 exstitisse
1832 1855 1903 1921 dico
1920 1856 1984 1937 qui,
2003 1877 2136 1937 corpore
2154 1877 2241 1923 mor-

231 1945 307 2027 quia
333 1944 369 2007 iu
391 1943 481 2007 nullo
504 1951 654 2007 nostrum
681 1941 739 2006 illa
762 1943 844 2026 legis
866 1942 1073 2008 observantia
1095 1941 1209 2024 depre·
1262 1944 1304 2007 tis
1328 1942 1562 2019 circumdatus,
1592 1942 1633 2006 ad
1663 1964 1739 2006 eum
1767 1940 1950 2006 dilectionis
1977 1962 2111 2024 scopum
2139 1940 2242 2024 persi·

231 2028 397 2108 henditur,
421 2049 441 2092 a
474 2029 560 2092 vitae
582 2028 851 2110 promissionibus
882 2028 1005 2093 exclusi
1039 2029 1074 2091 in
1106 2029 1209 2093 solam
1262 2029 1347 2112 gerit
1370 2036 1407 2092 ut
1428 2049 1470 2092 ex
1492 2037 1560 2092 toto
1582 2028 1691 2104 corda,
1715 2049 1757 2091 cx
1779 2036 1849 2090 tota
1870 2034 1990 2104 mente,
2014 2049 2056 2091 ex
2079 2033 2146 2091 tota
2168 2026 2241 2093 ani-

229 2115 492 2180 maledictionem
515 2113 698 2179 recidimus.
733 2115 816 2181 Dico
840 2136 905 2179 non
927 2114 1005 2195 quid
1023 2115 1081 2178 fiat
1103 2114 1207 2192 modo,
1261 2135 1330 2192 ma,
1359 2136 1400 2178 ex
1423 2121 1490 2179 tota
1511 2114 1656 2196 potentia
1677 2112 1788 2178 Deum
1809 2122 1949 2192 amaret;
1980 2113 2145 2178 neminem
2167 2136 2241 2178 rur-

230 2201 288 2267 sed
308 2200 386 2283 quid
408 2200 627 2264 necessarium
650 2200 700 2264 sit.
747 2198 864 2280 Quum
883 2200 971 2264 enim
992 2200 1088 2283 longe
1111 2221 1210 2282 supra
1262 2222 1349 2278 sum,
1377 2201 1432 2282 qui
1455 2221 1521 2264 non
1543 2200 1803 2282 concupiscentia
1820 2199 1986 2264 laborarit.
2032 2196 2116 2279 Quis
2139 2199 2241 2264 recla-

230 2287 411 2352 humanam
431 2285 619 2350 facultatem
646 2286 689 2349 sit
709 2286 792 2370 legis
813 2284 976 2365 doctrina,
1005 2295 1111 2368 potest
1137 2286 1209 2368 qui-
1262 2286 1350 2351 met?
1383 2286 1487 2351 Video
1507 2286 1639 2368 quidem
1656 2284 1768 2367 quales
1784 2285 1877 2350 nobis
1895 2295 2024 2350 sanctos
2041 2285 2241 2369 imaginetur

232 2372 307 2438 dem
334 2373 431 2436 homo
458 2371 585 2436 eminus
614 2379 760 2453 spectare
783 2373 946 2454 appositas
968 2371 1208 2453 promissiones,
1262 2372 1364 2436 stulta
1385 2373 1580 2454 superstitio,
1604 2393 1744 2454 quorum
1765 2370 1889 2436 scilicet
1910 2371 2045 2453 puritati
2063 2371 2120 2435 vix
2138 2371 2240 2437 eoele-

232 2479 300 2523 non
326 2465 437 2522 tamen
463 2456 606 2522 fructum
634 2479 676 2521 ex
704 2458 745 2522 iis
767 2457 909 2540 aliquem
932 2457 1092 2541 colligere.
1137 2458 1210 2523 Hoc
1262 2466 1329 2523 stes
1352 2457 1461 2541 angeli
1483 2457 1716 2542 respondeant;
1739 2455 1797 2521 sed
1819 2464 2024 2540 repugnante
2046 2463 2117 2520 tum
2139 2458 2241 2540 serip-

233 2564 312 2628 ergo
328 2565 432 2607 unum
449 2549 561 2622 restat,
584 2550 621 2607 ut
642 2543 683 2608 ab
693 2564 808 2607 earum
829 2543 912 2608 bono
929 2564 1023 2608 suam
1044 2543 1210 2609 miseriam
1263 2552 1346 2621 tura,
1369 2552 1441 2608 tum
1463 2545 1682 2626 experientiae
1704 2544 1838 2607 ratione.
1872 2543 1955 2609 Dico
1977 2542 2058 2607 item
2075 2542 2241 2607 neminem

232 2630 350 2694 melius
383 2630 546 2707 aestimet,
580 2628 660 2692 dum
687 2631 807 2712 cogitat
836 2630 983 2712 praecisa
1009 2651 1066 2712 spe
1095 2629 1210 2694 salutm
1262 2631 1398 2713 posthac
1428 2630 1592 2708 futurum,
1621 2630 1676 2711 qui
1705 2627 1746 2693 ad
1768 2649 1866 2694 verae
1888 2629 2096 2712 perfectionis
2117 2640 2240 2692 metam

231 2724 372 2781 mortem
399 2714 459 2780 sibi
489 2721 577 2780 certo
604 2715 784 2780 imminere.
834 2715 888 2779 Ex
915 2714 1052 2780 adverso
1084 2716 1210 2779 instant
1262 2724 1480 2798 perventurus
1502 2716 1554 2793 sit,
1578 2716 1641 2780 nisi
1662 2713 1901 2796 corporismole
1924 2714 2059 2780 solutus.
2092 2714 2133 2779 Ιιι
2154 2713 2240 2780 hano

232 2800 403 2866 horrificae
425 2801 617 2880 sanctiones,
640 2820 722 2882 quae
744 2823 810 2865 non
831 2821 953 2883 paucos
971 2809 1129 2878 nostrum,
1152 2799 1211 2865 sed
1263 2823 1333 2866 rem
1360 2802 1504 2885 primum
1521 2809 1699 2884 suppetunt
1716 2808 1830 2883 aperta
1847 2800 2027 2883 scripturae
2045 2799 2240 2865 testimonia.

232 2907 346 2953 omnes
367 2885 409 2952 ad
431 2908 536 2950 unum
558 2887 702 2951 irretitos
724 2887 967 2970 constringunt3
993 2887 1135 2963 instant,
1158 2886 1210 2949 in·
1262 2888 1338 2952 Non
1366 2895 1417 2953 est
1443 2888 1540 2952 homo
1565 2888 1671 2952 iustus
1691 2908 1790 2969 super
1810 2893 1933 2950 terram
1955 2886 2011 2967 qui
2033 2907 2101 2951 non
2120 2892 2240 2969 peccet,

231 2994 344 3056 quam,
378 2993 416 3037 aa
442 2971 637 3037 inexorabili
665 2973 840 3054 asperitate
871 2993 930 3036 nos
961 2978 1209 3054 persequuntur,
1263 2972 1390 3038 dicebat
1412 2970 1544 3039 Solomo
1566 2974 1598 3058 (l
1619 2974 1702 3056 Reg.
1722 2976 1752 3050 8,
1771 2971 1837 3057 46).
1871 2971 1982 3039 David
2004 2978 2114 3037 autem
2127 2972 2151 3056 ¹)
2174 2992 2241 3036 non

231 3065 269 3123 ut
290 3059 589 3141 praesentissimam
608 3059 643 3120 in
665 3057 737 3140 lege
760 3069 897 3121 mortem
920 3079 1102 3123 cernamus.
1262 3059 1493 3125 iustificabitur
1521 3060 1555 3123 in
1584 3066 1758 3143 conspectu
1786 3066 1842 3122 tuo
1870 3058 1975 3123 omnis
1996 3057 2112 3123 vivens
2135 3057 2239 3140 (Psal.

318 3148 348 3207 4.
392 3143 507 3226 Itaque
535 3144 563 3208 si
595 3143 701 3227 legem
730 3142 891 3208 duntaxat
917 3144 1099 3222 intuemur,
1127 3143 1210 3208 nihil
1267 3149 1336 3224 143,
1356 3143 1400 3230 2).
1444 3146 1503 3210 Iob
1529 3145 1679 3228 plurimis
1704 3145 1782 3210 locis
1810 3143 1898 3207 idem
1920 3140 2069 3208 affirmat
2115 3141 2240 3208 Claris-

232 3228 323 3294 aliud
344 3248 517 3310 possumus
539 3250 638 3311 quam
660 3229 806 3293 animum
824 3228 1034 3312 despondero,
1053 3229 1232 3307 ‘confiindi
1263 3232 1344 3296 sime
1367 3231 1514 3296 omnium
1534 3231 1674 3308 Paulus,
1702 3228 1788 3313 quod
1809 3250 1883 3295 caro
1904 3227 2101 3310 concupiscit
2122 3227 2240 3294 adver-

233 3335 272 3381 ae
290 3314 471 3397 desperare,
495 3336 596 3397 quum
618 3337 659 3379 ex
681 3336 720 3379 ea
738 3315 930 3380 damnemur
947 3337 1059 3380 omues
1081 3337 1119 3382 ac
1141 3336 1210 3379 ma-
1263 3339 1319 3382 sus
1331 3317 1492 3400 spiritum,
1511 3325 1545 3380 et
1556 3317 1689 3399 spiritus
1704 3315 1860 3382 adversus
1874 3335 2006 3381 carnem
2023 3312 2113 3400 (Gal.
2129 3319 2158 3395 5,
2174 3314 2239 3400 17).

232 3399 425 3479 ledieamur3
449 3422 468 3464 a
490 3399 701 3479 beatitudine,
725 3421 822 3483 quum
844 3402 913 3466 suis
935 3401 1113 3467 cultoribus
1134 3422 1210 3485 pro·
1262 3403 1332 3468 Nec
1360 3403 1425 3467 alia
1450 3403 1576 3467 ratione
1601 3401 1730 3485 probat,
1753 3423 1865 3467 omnes
1893 3402 1948 3484 qui
1977 3399 2036 3466 sub
2064 3400 2137 3485 lege
2162 3408 2241 3466 sunt

275 3487 338 3564 nit,
366 3485 479 3567 procul
506 3506 683 3550 arceamur.
728 3487 876 3571 Ergone,
904 3488 1047 3570 inquies,
1077 3487 1124 3551 ita
1151 3509 1210 3553 nos
1263 3488 1482 3554 maledictioni
1498 3489 1682 3567 subiectos,
1705 3488 1806 3570 nisi2)
1827 3488 1904 3570 quia
1925 3488 2084 3570 seriptum
2107 3487 2150 3552 sit
2171 3507 2239 3551 ma·

245 3570 420 3636 adificatur
445 3571 630 3636 Dominus?
676 3571 882 3653 Quantulum
910 3574 997 3638 enim
1025 3595 1045 3637 a
1071 3573 1210 3638 ludibrio
1263 3575 1398 3640 ledictos
1428 3596 1558 3653 omnes,
1592 3576 1648 3657 qui
1675 3596 1742 3639 non
1770 3574 2010 3655 permanserint
2030 3573 2066 3636 in
2089 3572 2239 3638 omnibus

232 3654 333 3735 abest,
356 3678 449 3739 spem
470 3656 633 3722 felicitatis
656 3665 832 3735 ostentare,
856 3658 897 3723 ad
920 3680 993 3724 eam
1014 3660 1156 3725 invitare
1178 3667 1212 3723 et
1264 3663 1333 3728 cius
1360 3660 1523 3726 mandatis
1551 3660 1641 3744 (Gal.
1661 3664 1695 3738 3,
1725 3665 1776 3739 103
1804 3660 1902 3724 Deut.
1923 3662 1980 3738 27,
1999 3657 2070 3743 26);
2099 3659 2238 3723 innuens

232 3742 366 3821 hortari,
386 3742 479 3807 illam
500 3743 614 3807 testari
631 3743 723 3809 nobis
741 3745 931 3827 expositam,
954 3767 1056 3828 quum
1077 3745 1212 3810 interim
1264 3748 1402 3825 seilicet,
1430 3749 1496 3811 imo
1519 3767 1578 3829 pro
1599 3747 1744 3811 confosso
1766 3766 1950 3824 assumam,
1980 3746 2143 3810 neminem
2163 3765 2237 3826 per-

232 3829 420 3912 praeclusus
442 3829 487 3894 sit
508 3837 542 3893 et
564 3829 748 3895 inaccessus
768 3831 956 3913 ingressus?
1002 3830 1208 3913 Respondeo:
1263 3855 1397 3898 manere
1421 3854 1523 3915 posse.
1570 3831 1736 3913 Quidquid
1764 3840 1876 3896 autem
1899 3831 2071 3914 scripturis
2092 3828 2238 3914 praedic-

233 3915 360 3980 etiamsi
394 3915 624 3998 promissiones
651 3916 750 4000 legis,
784 3925 944 3998 quatenus
977 3916 1210 3982 conditionales
1263 3926 1334 3984 tum
1362 3925 1426 3996 est,
1455 3917 1490 3982 id
1518 3940 1577 4000 pro
1600 3928 1770 4000 perpetuo,
1805 3917 1949 4000 adeoque
1976 3938 2036 3999 pro
2058 3915 2239 3982 necessario

233 4008 325 4077 sunt,
355 4022 374 4064 a
395 4002 537 4083 perfecta
559 4001 641 4085 legis
663 4001 846 4067 obedientia
868 4002 1086 4085 dependeant,
1112 4023 1210 4084 quam
1263 4005 1376 4069 haberi
1404 4004 1543 4088 decetl)
1588 4003 1759 4068 Eiusmodi
1786 4003 1916 4086 argutia
1938 4003 2103 4068 vexabant
2123 4003 2239 4084 Augu·

110 4088 114 4099 '
232 4084 348 4150 nullibi
371 4088 513 4168 reperire
533 4105 598 4165 cst,
633 4109 700 4152 non
727 4094 837 4152 tamen
865 4089 989 4153 frustra
1014 4088 1107 4152 datas
1129 4110 1209 4153 esso.
1261 4091 1387 4155 stinum
1407 4089 1593 4172 Pelagiaui,
1622 4091 1779 4154 iniuriam
1804 4090 1875 4170 seem
1895 4087 1962 4153 Deo
1991 4090 2116 4171 siplae
2138 4089 2240 4153 iubeat

232 4170 299 4238 Ubi
320 4172 407 4235 enim
429 4171 600 4236 didicimus
620 4174 730 4237 irritas
758 4174 851 4238 nobis
873 4174 942 4237 fore
964 4182 998 4238 et
1017 4174 1209 4252 inefficaces,
1262 4197 1356 4258 wem
1372 4198 1433 4257 per
1455 4177 1522 4241 eiua
1541 4176 1679 4259 qratiam
1694 4181 1858 4259 auertere
1879 4181 1992 4257 queant
2010 4175 2124 4256 fidula.
2167 4173 2237 4250 Ille,

231 4256 296 4322 nisi
325 4257 469 4340 gratiuta
498 4277 556 4322 sua
583 4259 740 4337 bonitate,
773 4260 854 4324 citra
881 4260 1037 4324 intuitum
1064 4281 1208 4343 operum,
1261 4271 1299 4326 ut
1325 4263 1484 4346 effugeret
1504 4262 1715 4340 calumniam,
1747 4261 1909 4326 fatebatur
1918 4260 1947 4346 ⁴)
1981 4281 2075 4343 posse
2108 4259 2240 4343 quidem

231 4365 291 4408 nos
313 4343 406 4407 Deus
433 4342 651 4425 amplexetur,
680 4353 777 4427 atque
806 4344 887 4409 adeo
909 4346 1001 4410 illam
1022 4343 1209 4425 bonitatem,
1262 4349 1458 4426 Dominum,
1481 4350 1510 4413 si
1531 4348 1639 4427 vellet,
1668 4348 1836 4413 hominem
1857 4347 2029 4412 mortalem
2055 4347 2091 4411 in
2114 4345 2238 4430 angeli-

232 4429 326 4494 nobis
359 4450 418 4512 per
450 4429 658 4513 evangelium
690 4431 886 4509 exhibitam,
920 4431 984 4495 fide
1010 4431 1112 4496 simus
1141 4453 1209 4495 am·
1262 4455 1335 4500 eam
1357 4435 1530 4516 puritatem
1554 4435 1707 4514 evehere;
1737 4433 1794 4499 sed
1822 4455 1926 4515 neque
1948 4433 2061 4498 fecisse
2083 4453 2238 4515 unquam,

232 4514 371 4598 plexati:
402 4537 444 4580 ne
472 4516 551 4597 ipsis
578 4515 710 4597 quidem
732 4515 823 4580 deest
843 4538 903 4581 sua
925 4517 1081 4594 efficacia,
1110 4519 1209 4582 etiam
1263 4541 1323 4586 nec
1345 4521 1523 4600 facturum,
1551 4520 1636 4603 quod
1665 4521 1759 4585 aliter
1785 4521 1820 4582 in
1845 4518 2016 4601 scripturis
2037 4518 2237 4583 assenrisset

232 4620 308 4665 eum
330 4622 458 4665 annexa
476 4602 670 4667 conditione.
705 4600 762 4666 Sic
784 4603 872 4665 enim
894 4612 964 4666 tum
986 4604 1096 4667 omnia
1118 4603 1210 4668 nobis
1262 4605 1302 4669 Id
1327 4628 1431 4688 neque
1459 4628 1519 4690 ego
1548 4608 1683 4685 infitior;
1717 4604 1774 4668 sed
1802 4604 1886 4668 addo
1914 4614 2025 4670 tamen
2052 4605 2239 4687 importime

292 4687 376 4751 tuito
398 4688 532 4765 confert,
560 4696 597 4752 ut
625 4688 687 4753 hoe
714 4709 843 4770 quoque
867 4687 908 4752 ad
935 4689 1103 4753 cumulum
1132 4709 1210 4754 suae
1263 4690 1303 4756 de
1335 4694 1480 4775 potentia
1512 4695 1576 4761 Dei
1608 4691 1767 4774 disputari
1801 4697 1915 4754 contra
1948 4692 2017 4756 eius
2051 4691 2237 4766 veritatem

274 4774 465 4837 nefieentiae
496 4773 668 4858 adiungat,
703 4774 791 4856 quod
822 4774 1035 4856 semiplenam
1062 4782 1210 4839 nostram
1262 4776 1336 4843 ideo
1364 4779 1489 4844 cavillis
1517 4801 1582 4844 non
1610 4798 1680 4842 esse
1702 4775 1876 4840 obnoxiam
1898 4778 2094 4842 seutentiam
2117 4775 2240 4857 siquis

233 5073 333 5197 libeni)
361 5075 436 5133 Edu.
461 5084 582 5132 menta:
607 5080 702 5199 dm·
740 5081 777 5161 Ι2)
806 5083 893 5165 Εάἀ..
908 5084 1013 5168 cle'qaot
1038 5087 1211 5139 recentiores:
1240 5135 1246 5163 0
1314 5084 1361 5166 ·l)
1389 5094 1479 5138 autem
1505 5083 1589 5136 omia.
1614 5081 1676 5164 edd·
1705 5083 1853 5137 nonaullae
1877 5086 2045 5167 recentiores.
2133 5085 2164 5149 2)
2188 5084 2241 5138 nisi

307 5144 431 5214 t(ltill.
450 5143 538 5213 1654).
625 5149 637 5213 )
663 5148 744 5203 lacn
766 5153 891 5206 maalle
915 5152 1004 5221 (1⁶07.
1030 5151 1108 5207 1617.
1130 5151 1210 5220 1637)
1263 5160 1347 5207 aaut.
1371 5153 1430 5206 edd.
1447 5156 1554 5205 receati.
1570 5167 1722 5218 parmena
1792 5151 1822 5215 3)
1843 5152 1916 5206 aad.
1935 5161 2097 5209 recentiores
2112 5154 2171 5221 fere
2186 5171 2241 5207 om·

234 5212 338 5282 legum:
355 5214 428 5270 haec.
1263 5237 1311 5277 nes
1328 5222 1412 5276 male:
1428 5221 1507 5274 dooet
1524 5217 1606 5288 (1592
1623 5220 1715 5291 seqq).
1783 5220 1814 5289 4)
1832 5222 1906 5275 Libr.
1925 5224 1959 5277 de
1976 5229 2073 5278 natura
2092 5231 2120 5277 et
2142 5225 2241 5294 gratia.
