4672 5842
114 309 175 368 541
279 356 283 365 .
359 302 449 368 LIB.
472 303 536 368 ΠΙ
581 303 645 368 DE
668 302 804 369 MODO
826 303 1178 370 PERCIPIENDAE
1202 303 1392 370 CHRISTI
1405 303 1634 392 ,GRAoIAR
1680 302 1779 371 OAP.
1802 304 1865 370 XI.
2062 311 2127 389 542

112 495 241 578 qratiuc
272 491 371 556 acam
404 491 526 570 demus,
561 512 622 572 qua
655 511 712 555 nos
743 492 809 573 ipse
840 492 925 557 salus
956 492 1092 575 impleat.
1145 493 1248 577 (modo
1265 493 1347 557 idem
1365 493 1470 559 sedata
1488 495 1531 557 sit
1547 492 1682 576 cerebra)
1701 494 1773 558 inde
1790 500 1890 559 ortam
1908 516 1972 560 esse
1987 497 2126 577 phrasin

120 580 183 645 Sed
199 578 361 655 Ostende-r,
383 576 441 640 hac
458 577 623 656 spirituali
644 577 853 642 coniunctium
873 583 986 659 spreta,
1010 599 1094 643 cras-
1144 578 1225 642 hanc
1252 578 1390 660 iprrarat,
1419 580 1528 645 dmude
1555 599 1702 660 quorsum
1730 580 1834 644 tondat
1863 585 1891 644 et
1919 584 1995 663 quid
2016 586 2126 650 caleat.

115 686 185 730 sam
202 665 378 728 mixturam
398 660 518 727 Christi
536 683 605 727 erim
624 662 771 743 fidelibus
786 669 890 747 arqet;
912 670 1003 745 atque
1024 664 1094 730 idea
1145 664 1220 728 Iam
1241 685 1312 728 uero
1332 664 1412 728 mihi
1434 667 1615 746 respondeat
1635 663 1800 744 Osiauder,
1823 665 1877 729 ubi
1899 668 1975 732 dicit
2000 669 2128 737 Paulus

115 750 323 833 Zuiuqliaucs
344 749 447 814 333333
463 750 610 828 nominat,
633 751 807 830 quicunque
819 771 878 814 narr
896 749 1094 815 subscribunt
1145 751 1277 814 describi
1302 772 1324 814 3
1345 750 1472 816 Daniele
1493 753 1649 815 iustitiam
1675 752 1742 816 sine
1767 753 1912 831 operibus
1933 754 1969 817 iu
1990 755 2041 819 his
2062 776 2128 821 aer·
2193 808 2199 822 .

112 838 252 919 fanatico
269 836 372 901 errari
388 835 426 900 de
443 835 602 899 essentiali
619 836 759 913 iustitia,
783 838 859 917 quia
876 858 938 901 rma
958 838 1094 901 sentiant
1144 837 1193 900 bis
1215 835 1325 919 (Ram.
1345 840 1374 911 4,
1396 840 1429 915 73
1450 837 1539 902 Psal.
1563 841 1613 916 32,
1635 835 1685 921 1).·
1713 837 1793 901 beati
1821 858 1954 917 quarum
1976 843 2127 908 remissae

116 923 277 989 Christum
298 922 334 984 iu
359 941 452 986 caerra
479 920 727 986 substantialiter
748 924 871 987 comedi.
915 921 1001 986 Mihi
1023 943 1093 986 aero
1145 926 1218 986 suut
1239 921 1437 1002 iniquitates,
1464 925 1544 988 sitne
1565 924 1662 1005 plena
1688 922 1763 987 haec
1789 923 1942 1004 definitio,
1970 948 2013 990 au
2034 927 2128 993 dimi·

109 1008 261 1092 probrmn
278 1006 333 1071 baa
350 1007 462 1072 auelim
478 1008 517 1071 ab
538 1007 660 1071 hmniue
688 1009 819 1087 superba
847 1008 976 1089 suisque
999 1029 1094 1088 prae
1145 1008 1226 1072 dia?
1271 1007 1357 1071 Certe
1376 1009 1562 1088 prophetam
1588 1031 1649 1073 narr
1672 1010 1800 1074 adducit
1821 1014 1938 1089 testem,
1966 1013 2126 1079 casido

115 1096 221 1179 stiqiis
249 1094 349 1158 dedita
376 1113 500 1157 summa
525 1093 629 1175 pharia
657 1097 708 1157 est.
756 1096 942 1175 (tricuquam
963 1115 1024 1158 uon
1046 1114 1094 1159 me
1146 1098 1223 1158 cerel
1238 1098 1365 1172 partem
1387 1095 1528 1160 iustitiae
1550 1115 1614 1160 3333
1634 1097 1757 1160 ueniam
1772 1101 1984 1177 peccatorum,
2015 1099 2063 1163 ael
2084 1099 2128 1163 ad

113 1182 227 1259 mlum,
256 1180 310 1244 sed
332 1200 409 1260 quos
429 1179 561 1244 modeste
587 1180 731 1243 uenerari
758 1180 904 1244 debuerat
929 1181 1094 1261 scriptores
1146 1180 1299 1244 homiuem
1321 1179 1556 1258 iustificarrdum
1573 1201 1760 1259 concurrere,
1782 1181 1837 1245 sed
1857 1187 1951 1246 totam
1972 1184 2127 1249 iustitiam

114 1267 181 1333 arbi
202 1266 283 1331 satis
304 1266 438 1354 cqqrritos
459 1265 653 1346 perstriuqit.
698 1264 775 1330 Mea
796 1286 866 1329 uera
887 1265 969 1330 nihil
989 1266 1092 1348 refert,
1146 1267 1181 1328 iu
1201 1266 1341 1348 preterita
1362 1267 1546 1332 remissione
1568 1268 1712 1344 includit,
1735 1267 1857 1331 beatum
1878 1267 2031 1334 lrarrriuem
2052 1291 2127 1351 pro·

105 1354 170 1435 ,qui
196 1353 360 1433 priuatam
385 1371 516 1415 causam
544 1371 606 1414 uon
633 1370 704 1432 apo,
736 1372 796 1432 quo
828 1353 983 1416 siucerr'us
1015 1352 1094 1416 hane
1146 1353 1298 1414 rruntians
1324 1352 1416 1414 cuius
1442 1357 1519 1418 tecta
1547 1359 1619 1418 srud
1641 1358 1784 1434 peecata,
1812 1355 1863 1417 cui
1891 1357 2012 1419 rerrrisit
2037 1356 2128 1422 Deus

113 1458 243 1504 causam
271 1458 344 1520 apa,
379 1438 435 1518 qui
467 1437 543 1501 liber
570 1456 641 1500 sum
667 1438 706 1501 ab
719 1467 721 1471 ¹
734 1439 818 1501 33333
843 1458 947 1518 praua
976 1439 1093 1519 affeetu.
1146 1438 1341 1518 iniquitates
1367 1443 1396 1500 et
1417 1440 1468 1502 cui
1490 1440 1748 1521 transqressioues
1769 1460 1830 1502 horr
1853 1440 2002 1521 imputat·
2028 1443 2128 1522 felt-oi·

119 1525 207 1604 Quod
228 1544 298 1607 erpa
320 1524 513 1587 essentialem
529 1523 686 1586 iustitiam
703 1529 731 1588 et
748 1524 938 1588 essentialem
956 1524 990 1586 iu
1008 1524 1095 1588 nabis
1146 1527 1238 1586 tatem
1268 1522 1337 1587 eius
1369 1524 1443 1588 inde
1475 1527 1619 1590 aestimat
1646 1530 1672 1588 et
1700 1529 1810 1602 censet,
1843 1526 1920 1605 quia
1953 1526 2008 1592 hac
2038 1529 2127 1594 niodo

117 1608 239 1675 Christi
256 1609 475 1674 habitationem
491 1614 556 1672 tam
574 1610 748 1689 importune
765 1611 869 1691 eaiqit,
891 1608 949 1674 huc
970 1614 1093 1690 spectat,
1146 1609 1250 1672 iustus
1283 1613 1328 1671 est
1361 1629 1423 1673 uon
1456 1631 1490 1674 re
1523 1612 1609 1693 ipsa,
1647 1612 1700 1675 sed
1733 1612 1942 1692 impmtatiaue.
1997 1612 2128 1693 Eueipit

108 1698 254 1778 primum
274 1699 309 1759 ut
328 1715 437 1760 crassa
458 1696 600 1758 otiatura
621 1710 653 1758 se
670 1694 761 1759 Deus
787 1696 822 1758 iu
849 1716 907 1760 uas
935 1697 1095 1778 transfun-
1151 1693 1315 1768 Osiauder,
1338 1697 1590 1761 contumeliosum
1608 1697 1662 1761 hac
1682 1697 1749 1778 fare
1767 1696 1841 1774 Deo,
1865 1701 2042 1762 etnaturae
2058 1700 2127 1764 eius

114 1784 184 1861 dat,
217 1783 311 1847 sicuti
334 1782 369 1861 iu
390 1801 483 1844 caena
504 1780 644 1844 carnatis
666 1781 866 1846 manducatio
886 1780 926 1845 ab
947 1783 1015 1862 ipsa
1035 1782 1094 1862 fin-
1147 1782 1354 1857 contrarium,
1387 1782 1418 1845 si
1451 1783 1595 1862 iustificat
1626 1783 1680 1862 qui
1706 1803 1742 1846 re
1772 1783 1844 1864 ipsa
1872 1783 1964 1863 impii
1992 1789 2126 1849 manent.

112 1870 213 1952 piton,
241 1867 351 1931 deiude
379 1871 414 1931 ut
439 1868 594 1931 iustitiam
622 1886 714 1930 suam
741 1868 829 1931 uobis
855 1869 1002 1949 inspiret,
1032 1887 1094 1948 quc
1147 1865 1248 1946 Atqui
1278 1867 1441 1930 terrendum
1474 1870 1624 1933 memoria
1657 1874 1701 1933 est
1733 1869 1814 1948 quad
1845 1869 1912 1932 ianr
1944 1868 2028 1948 diui,
2065 1889 2127 1934 uon

116 1955 245 2018 realiter
266 1953 368 2017 simus
395 1972 466 2017 cum
494 1954 564 2034 ipsa
590 1953 685 2032 iusti;
717 1954 964 2035 quandoquidem
990 1974 1111 2018 secun-¹
1146 1954 1293 2032 separari
1315 1953 1509 2032 iustificarnli
1529 1957 1667 2037 qratiam
1689 1977 1711 2019 a
1732 1955 1964 2036 reqeneratione,
1987 1955 2055 2019 licet
2076 1975 2127 2021 res

115 2041 191 2105 dum
223 2040 328 2121 ipsum
360 2040 485 2102 iustitia
517 2036 591 2103 haec
622 2044 687 2102 tam
714 2046 759 2104 est
784 2040 874 2104 Deus
905 2041 972 2120 ipse
999 2059 1095 2120 quam
1146 2040 1211 2101 sint
1231 2038 1401 2103 distinctae.
1440 2038 1501 2105 Sed
1519 2043 1595 2121 quia
1614 2041 1806 2121 cooperientia
1820 2041 1900 2120 plus
1919 2041 1999 2104 satis
2020 2045 2127 2106 natum

111 2126 269 2207 probitas,
299 2124 345 2188 ael
367 2126 531 2203 sanctitas,
553 2125 600 2188 aet
621 2127 783 2206 inteqritas
804 2125 877 2189 Dei.
922 2126 995 2190 Nan
1016 2125 1095 2188 mul
1146 2128 1203 2200 est,
1226 2144 1351 2189 manere
1372 2145 1492 2204 semper
1513 2128 1547 2190 irr
1569 2128 1664 2191 iustis
1685 2127 1838 2206 reliquias
1853 2127 1986 2206 peccati,
2008 2146 2127 2192 3333333

116 2218 180 2276 tum
209 2231 318 2292 operae
346 2210 526 2292 impendam
555 2211 713 2275 diluendis
739 2232 818 2291 quae
851 2212 980 2276 adducit
1011 2213 1095 2276 testi-
1146 2214 1189 2274 est
1209 2209 1294 2292 lonqe
1323 2211 1415 2275 aliter
1443 2212 1612 2293 iustificari
1639 2233 1734 2293 quam
1755 2212 1966 2292 reformantur
1988 2214 2023 2275 iu
2044 2214 2127 2278 aitae

115 2299 240 2376 erran-iis,
262 2318 343 2378 quae
358 2316 527 2377 perperam
544 2319 566 2361 a
583 2298 701 2362 caelesti
718 2299 787 2362 uita
805 2298 848 2361 ad
870 2302 983 2361 statum
999 2318 1095 2378 prae-
1145 2297 1317 2359 macana.
1363 2297 1450 2360 Nam
1478 2296 1533 2362 hac
1559 2299 1726 2364 secundum
1755 2298 1800 2362 sic
1829 2298 1951 2361 inchoat
1972 2297 2063 2363 Deus
2091 2300 2127 2363 in

115 2389 229 2449 sentam
247 2384 409 2463 detorquet.
447 2382 512 2447 Per
525 2380 692 2462 Christum,
714 2384 818 2464 inquit
830 2381 988 2468 Petrus(l
1004 2384 1093 2448 Patr.
1146 2381 1247 2445 electis
1267 2383 1351 2461 suis,
1374 2388 1490 2464 totaque
1511 2386 1593 2449 uitae
1614 2383 1959 2464 hermamonem,
1983 2389 2010 2447 et
2033 2385 2126 2449 inter·

119 2474 146 2549 1,
167 2469 212 2552 4),
230 2469 345 2534 donato
366 2473 439 2532 ‚srmt
456 2469 544 2533 nabis
558 2470 701 2550 pretiosa
719 2474 746 2533 et
762 2469 905 2533 mauima
920 2472 1094 2549 pranrissa,
1146 2467 1221 2530 dum
1244 2467 1322 2531 lente
1344 2469 1378 2532 in
1406 2488 1439 2531 eo
1460 2471 1675 2553 proqnalitur,
1704 2475 1740 2533 nt
1766 2490 1887 2549 semper
1914 2469 2037 2534 abnoxii
2063 2471 2126 2534 sint
2259 2512 2264 2521 Δ

115 2561 150 2618 ut
171 2560 320 2621 consortes
347 2554 538 2636 efficeremur
564 2556 691 2620 divinae
711 2560 850 2619 naturae.
898 2556 997 2635 Quasi
1024 2574 1094 2619 uero
1146 2553 1232 2634 apud
1258 2553 1326 2617 eius
1356 2553 1500 2621 tribunal
1525 2558 1634 2621 mortis
1666 2556 1791 2620 iudicia.
1837 2554 1995 2636 [ustificat
2023 2561 2126 2621 autern

115 2661 198 2706 nunc
225 2642 326 2706 simus
352 2640 461 2720 quales
488 2642 682 2723 eaanqelium
712 2641 780 2722 fore
803 2642 961 2722 premittit
986 2642 1094 2706 ultima
1146 2660 1208 2704 narr
1234 2659 1272 2702 33
1297 2645 1407 2719 parte,
1435 2643 1490 2706 sed
1516 2647 1550 2704 ut
1579 2640 1687 2732 libere,
1720 2641 1812 2723 quasi
1840 2638 1958 2705 Christi
1983 2644 2126 2721 puritate

116 2725 236 2792 Christi
271 2727 425 2804 aduentu,
470 2727 534 2791 imo
567 2728 712 2792 admonet
745 2726 896 2805 Ioannes,
934 2732 1007 2790 tunc
1037 2747 1094 2791 nas
1144 2725 1257 2802 induti,
1280 2726 1315 2788 in
1336 2727 1428 2791 coelis
1448 2733 1651 2809 compareant.
1693 2728 1800 2807 Neque
1821 2728 1904 2791 enim
1924 2728 2126 2791 conscientias

114 2813 219 2878 Dema
253 2815 380 2877 uismas
414 2813 509 2877 sicuti
545 2816 604 2892 est,
645 2814 721 2895 quia
755 2813 874 2877 similes
907 2814 936 2877 ei
975 2814 1093 2877 erimus
1139 2816 1271 2891 pacaret
1295 2810 1406 2893 aliqua
1427 2812 1566 2878 iustitiae
1581 2814 1701 2894 partio,
1723 2814 1815 2878 donec
1837 2816 1985 2876 statutum
2005 2814 2047 2877 sit
2068 2832 2125 2877 nos

116 2899 148 2981 (1
169 2899 284 2964 Ioann.
306 2903 334 2975 3,
358 2898 402 2983 2).
455 2899 592 2963 Tantum
618 2899 729 2962 exilem
751 2903 877 2980 questum
903 2899 980 2963 dare
1008 2899 1092 2962 uolui
1144 2897 1213 2963 Deo
1239 2898 1381 2978 placeam
1413 2901 1489 2978 quia
1517 2902 1585 2963 sine
1611 2900 1782 2980 euoeptiane
1808 2899 1886 2963 iusti
1919 2918 2023 2961 coram
2054 2899 2124 2979 ipso

115 2985 288 3063 lectoribus,
322 2985 398 3049 data
424 3005 518 3066 opera
545 3005 594 3048 me
621 2986 820 3066 supersedere
846 2984 885 3049 ab
911 2984 962 3048 his
988 2985 1091 3067 napis,
1144 3003 1261 3047 smnus.
1313 2982 1400 3048 Unde
1421 2987 1561 3065 sequitur
1582 2987 1721 3065 peruerti
1742 2990 1769 3049 et
1795 2984 1940 3066 funditus
1961 2985 2055 3048 everti
2075 2983 2125 3048 iu-

116 3092 176 3222 leod
196 3072 278 3153 quod
299 3069 493 3221 dlffilllolit
513 3091 567 3135 eus
589 3071 721 3149 diluere,
751 3072 805 3136 sed
832 3072 909 3151 quia
935 3070 1004 3135 nalo
1030 3091 1092 3135 ma
1143 3069 1771 3235 sufifflsspgmmgfflbfflmss
1798 3069 2124 3220 33333333(ιῖ3133333.ἰὲιέἓὲΞ

172 3177 354 3222 usessem
461 3177 540 3221 esu<
592 3177 694 3221 acuo.
1144 3174 1197 3218 corr
1273 3175 1315 3219 ur
1379 3178 1491 3222 ueras
1559 3178 1588 3222 rs
1667 3178 1723 3222 era
1791 3177 1872 3220 mre
1930 3175 2027 3218 arna

203 3248 251 3306 11.
298 3242 459 3307 Caeterum
486 3243 520 3306 in
533 3178 682 3308 wuido
713 3243 847 3308 membro
873 3243 953 3323 plus
984 3244 1093 3309 ueneni
1144 3261 1298 3305 remoram
1312 3243 1454 3322 patitur;
1475 3244 1538 3307 ima
1554 3207 1687 3307 ubinam
1704 3177 1972 3321 stabiliturpquies
1992 3245 2019 3304 et
2040 3245 2125 3304 tran·

114 3331 201 3406 latet,
230 3328 284 3392 uhi
305 3349 362 3392 nos
382 3350 447 3393 uua
470 3349 540 3394 cum
560 3329 629 3395 Dea
653 3330 752 3393 333333
779 3349 843 3394 esse
870 3330 961 3394 docet.
1006 3328 1094 3392 Satis
1144 3327 1288 3407 quithitas
1315 3347 1385 3392 cum
1411 3329 1575 3409 spirituali
1600 3329 1725 3412 qaudio.
1777 3327 1863 3393 Unde
1887 3326 2011 3391 Paulus
2031 3325 2121 3410 (dat

114 3417 182 3479 iam
208 3433 256 3477 me
282 3413 434 3495 probasse
460 3414 610 3493 arbitror,
643 3416 786 3496 quamvis
811 3435 874 3480 nan
900 3420 965 3480 tam
991 3415 1092 3496 pesti-
1146 3414 1561 3498 3,18)arepuqnautilrus
1583 3416 1703 3498 333333,
1736 3413 1955 3479 haereditatem
1976 3433 2037 3476 non
2059 3431 2124 3478 esse

112 3503 219 3583 ferum
241 3505 317 3563 esset
338 3499 392 3564 hac
413 3500 537 3582 daqma,
566 3501 643 3581 quia
663 3506 766 3565 tamen
790 3501 945 3585 friqidum
964 3506 992 3566 et
1012 3501 1092 3566 ieiu-
1144 3519 1183 3563 eu
1206 3500 1283 3583 leae:
1310 3500 1463 3580 quiahoc
1483 3502 1573 3566 moda
1594 3501 1760 3565 cainanita
1780 3504 1857 3564 esset
1876 3498 1971 3579 fides,
1994 3518 2073 3579 quae
2093 3499 2125 3563 sr'

114 3606 192 3651 num
221 3590 280 3663 est,
308 3605 427 3665 suaque
455 3588 592 3651 uanitate
618 3587 750 3669 diffluit,
779 3589 869 3652 sanis
895 3593 923 3652 et
943 3589 1014 3670 piis
1036 3587 1092 3652 leo
1144 3606 1270 3666 aprorum
1298 3591 1468 3666 respectum
1488 3586 1613 3666 habeat,
1642 3587 1774 3652 labascit
1780 3611 1790 3666 ,·
1818 3584 1943 3666 quanda
1971 3604 2059 3649 nemo
2085 3603 2124 3648 en

114 3672 234 3738 taribus
263 3672 370 3735 merita
405 3672 510 3737 debere
537 3693 602 3737 esse
636 3673 820 3755 irrsrpidmrr.
873 3674 987 3738 Verum
1019 3673 1092 3738 haec
1144 3672 1353 3736 sanctissimis
1373 3673 1441 3737 illia
1461 3673 1592 3753 reperiet
1612 3674 1646 3736 in
1668 3693 1727 3754 quo
1748 3672 1890 3752 confidat.
1928 3670 1996 3733 Hac
2013 3670 2124 3734 discri·
2237 3732 2244 3741 ,

113 3761 243 3824 minime
275 3757 443 3822 tolerabilis
475 3763 518 3823 est
556 3760 716 3840 impietas,
751 3765 917 3841 praetextu
956 3759 1093 3840 duplicis
1144 3777 1214 3822 men
1234 3757 1429 3837 laetificandi
1458 3764 1485 3822 et
1511 3759 1714 3841 reperierandi
1735 3759 1830 3841 (prae
1851 3758 1912 3821 duo
1933 3755 2123 3835 confundens

114 3846 255 3911 iustitiae
281 3843 467 3924 labefactare
493 3845 608 3909 salutis
633 3845 798 3925 fduciaur,
829 3851 857 3910 et
883 3867 940 3912 nas
965 3850 1093 3926 raptare
1148 3843 1311 3922 Osiarrder,
1340 3844 1494 3924 duplicem
1515 3845 1672 3909 iustitiam
1693 3841 1848 3926 nominat)
1865 3839 1996 3921 pulchre
2017 3839 2123 3921 capri

113 3953 213 4015 supra
244 3931 357 4008 nubes,
395 3950 433 3993 ne
463 3931 600 4012 qratiam
619 3932 821 4013 'expiationis
855 3932 917 4012 hele
955 3932 1092 4012 amplexi
1143 3931 1243 3994 mitur
1262 3952 1284 3995 a
1309 3930 1422 3995 Paula.
1466 3931 1554 3995 Nam
1580 3932 1618 3996 de
1642 3930 1723 3994 reali
1751 3949 1811 3992 sua
1839 3927 1962 3990 institia
1986 3926 2121 4006 laquens,

116 4018 220 4083 Deum
241 4017 358 4099 quietis
378 4016 496 4079 animis
517 4017 699 4081 inaccerrms.
744 4016 839 4083 Reae
860 4039 910 4083 333
936 4018 1092 4084 Osiauder
1143 4017 1192 4081 ael
1212 4017 1249 4081 de
1270 4017 1444 4099 inteqritate
1467 4037 1531 4098 qua
1551 4017 1684 4081 donatus
1704 4019 1771 4078 erat
1788 4013 1853 4096 (aui
1875 4011 2031 4077 Oslander
2050 4013 2122 4077 titu-

113 4106 168 4185 qui
190 4103 361 4184 iustificari
383 4104 488 4168 docent
510 4122 575 4166 esse
597 4102 721 4167 aerbrrm
740 4105 877 4185 forense:
906 4106 983 4186 quia
1005 4126 1091 4186 apar-
1143 4103 1209 4166 lum
1241 4103 1371 4183 inponit
1403 4102 1580 4167 essentialis
1613 4099 1766 4181 iustitiae)
1794 4097 1937 4178 flebiliter
1969 4099 2123 4164 exclamat

112 4194 172 4254 teat
192 4210 248 4254 uas
269 4210 303 4253 re
331 4190 404 4269 ipsa
431 4208 497 4253 esse
525 4189 632 4252 iustas.
678 4188 771 4254 Nihil
797 4191 890 4254 etiam
915 4191 1018 4274 maqis
1045 4213 1091 4256 re·
1143 4189 1254 4272 (Ram.
1275 4193 1304 4267 7,
1324 4187 1396 4273 24).·
1417 4189 1513 4252 miser
1530 4207 1591 4269 eqo,
1613 4187 1686 4268 quis
1706 4205 1754 4252 me
1775 4185 1916 4250 liberabit
1938 4206 1975 4250 eu
1997 4203 2121 4266 corpore

113 4275 198 4357 spuit
219 4296 314 4357 quam
335 4295 391 4339 uos
413 4275 581 4356 iustificam
600 4277 740 4358 qratuita
761 4277 969 4357 imputatione.
1009 4278 1092 4361 Ape
1143 4277 1252 4340 urartis
1278 4274 1398 4339 huius?
1441 4272 1497 4339 Aa
1517 4273 1674 4337 iustitiam
1695 4292 1764 4336 aero
1786 4271 1965 4355 aarrfnqiens
1985 4292 2063 4352 quae
2085 4270 2120 4359 iu

112 4363 202 4440 dum,
234 4362 264 4426 si
290 4381 347 4426 nos
368 4359 459 4425 Deus
485 4381 547 4426 narr
575 4361 723 4442 iustificat
749 4361 930 4427 absolvendo
955 4368 983 4427 et
1006 4364 1092 4447 iqua-
1143 4363 1211 4426 sola
1232 4361 1296 4426 Dei
1317 4359 1534 4424 misericordia
1553 4359 1690 4440 fraudata
1712 4363 1774 4436 cst,
1796 4357 1960 4440 maquifiae
1981 4362 2009 4420 et
2028 4356 2119 4433 uitae,

112 4448 235 4526 scendo,
267 4448 344 4529 quid
375 4446 438 4511 sibi
469 4447 534 4511 uult
563 4447 646 4512 iltud
675 4446 775 4513 Pauli
801 4447 834 4531 (2
860 4447 934 4513 Cor.
962 4454 990 4528 5,
1017 4451 1091 4535 21).·
1143 4452 1171 4511 et
1198 4449 1299 4525 marti,
1332 4452 1360 4512 et
1385 4447 1523 4526 probris,
1557 4450 1585 4508 et
1612 4444 1743 4520 mediae,
1777 4447 1804 4507 et
1834 4444 1942 4526 pladia
1972 4440 2121 4519 rebusque

113 4539 181 4598 erat
201 4533 292 4597 Deus
313 4536 349 4597 iu
373 4531 497 4599 Christo
518 4535 668 4599 mundum
695 4533 757 4597 sibi
783 4535 1001 4614 reconcilians,
1029 4556 1092 4600 nan
1143 4534 1286 4599 omuibus
1308 4533 1450 4598 adversis
1471 4532 1608 4596 insultat.
1647 4531 1725 4612 Quis
1744 4529 1899 4594 3333333333
1920 4532 2024 4592 cantra
2046 4526 2120 4590 elec·

115 4622 277 4701 impmtaus
298 4619 476 4684 homiuibus
491 4620 647 4702 peccata?
692 4619 779 4682 Eum
800 4621 882 4684 enim
905 4622 961 4701 qui
984 4641 1092 4701 pecca·
1143 4625 1190 4684 tos
1218 4619 1295 4697 Dei,
1325 4638 1400 4699 quos
1426 4620 1493 4699 ipse
1519 4616 1692 4698 iustificat?
1721 4621 1799 4683 certo
1831 4615 1915 4679 enim
1942 4631 2121 4693 persuasus

113 4712 178 4770 tmn
199 4726 260 4769 nou
279 4705 402 4786 fecerat,
428 4727 489 4788 pro
511 4707 600 4770 nabis
615 4711 778 4786 peccatum
798 4705 879 4786 fecit,
901 4711 936 4769 ut
957 4726 1092 4772 esserrrus
1144 4725 1216 4770 sum
1237 4706 1319 4786 quad
1339 4704 1420 4769 nihii
1441 4724 1497 4768 aas
1519 4703 1677 4786 separabit
1698 4703 1736 4767 ab
1759 4722 1863 4767 amore
1883 4701 1951 4764 eius
1972 4700 2008 4762 iu
2032 4697 2121 4762 Chri·

116 4793 236 4856 iustitia
256 4792 321 4858 Dei
347 4793 384 4856 in
405 4792 469 4857 illo.
518 4791 667 4857 Primum
689 4791 819 4870 obtineo,
835 4791 948 4877 'iustos
975 4793 1092 4856 cursem
1143 4797 1189 4856 stc
1211 4790 1301 4877 (ibid.
1321 4796 1350 4870 8,
1371 4791 1436 4874 33).
1482 4789 1645 4856 iustitiam
1671 4789 1733 4852 sihi
1761 4809 1825 4852 esse
1852 4787 1935 4850 chare
1955 4784 2122 4865 praedicat

114 4879 169 4957 qui
193 4876 260 4941 Dea
288 4877 543 4958 reconciliantur;
570 4880 681 4944 modus
708 4878 872 4956 inseritm,
902 4879 982 4959 quad
1002 4877 1092 4943 Deus
1144 4899 1224 4959 quae
1244 4879 1313 4943 sola
1333 4876 1528 4942 adsalutem
1549 4879 1584 4941 iu
1606 4875 1741 4940 solidum
1763 4874 1901 4955 sufficiat
1922 4891 2025 4936 coram
2042 4869 2122 4949 Dea,
2215 4874 2218 4879 ’

116 4964 294 5047 r'qrnrscenda
317 4964 475 5045 iustificam
502 4966 595 5030 sicuti
623 4967 687 5031 alio
717 4965 778 5030 loca
803 4963 983 5046 testificatio
1005 4984 1092 5030 acue
1143 4969 1177 5028 ut
1207 4963 1368 5047 qlariaudi
1398 4962 1534 5043 fiduciae
1565 4982 1628 5026 non
1660 4962 1779 5042 ‹leroqet
1811 4979 1848 5023 33
1875 4957 1956 5022 nihil
1983 4977 2122 5022 remorae

113 5051 230 5114 sationi
256 5051 432 5130 apponitur.
479 5051 564 5132 erae
595 5050 758 5118 antithesis
789 5053 872 5117 clare
904 5051 1092 5116 dauronstrat
1143 5050 1269 5115 iniiciat
1289 5051 1405 5114 misera
1425 5049 1485 5113 illa
1506 5049 1653 5124 seruitus,
1682 5048 1773 5110 cuius
1799 5046 1861 5111 sibi
1889 5045 2029 5108 conscius
2055 5063 2122 5108 sor-

113 5141 271 5218 sumptam
298 5155 363 5200 esse
390 5137 534 5218 loqrrendi
559 5138 694 5219 formam
721 5159 741 5201 a
766 5137 886 5218 farensi
911 5158 980 5201 usu.
1026 5137 1093 5201 Neo
1143 5141 1202 5201 tem
1229 5156 1322 5200 suam
1345 5135 1444 5216 panta
1467 5138 1537 5198 ante
1565 5132 1699 5211 deflebat.
1744 5132 1831 5196 Haec
1852 5131 2020 5197 diversitas
2041 5129 2122 5194 satis

116 5244 182 5289 aera
205 5223 373 5303 quisquam
393 5223 588 5288 mediocriter
608 5225 643 5288 in
661 5225 771 5307 linqua
787 5224 934 5289 hebraim
951 5228 1093 5289 uersatus
1143 5227 1215 5287 nota
1236 5227 1280 5287 est
1302 5221 1435 5303 adeoque
1463 5219 1643 5301 familiaris
1669 5219 1787 5284 sanctis
1814 5216 1955 5283 omuibus
1983 5216 2037 5298 qui
2063 5214 2120 5281 sub
