4672 5842
1311 50 1323 103 l

121 311 183 372 eos
340 304 431 371 ule.
453 305 516 370 ιιι
561 306 625 371 un
647 303 785 372 nouo
805 305 1156 372 Ριιιιοιιιιιιιιιιιι
1178 305 1369 373 cuniam
1391 307 1609 374 ιιιιιιιιιι.
1655 307 1754 374 cnr.
1775 310 1908 377 xvm.
2062 320 2127 379 oro
2198 263 2206 273 ’

118 517 194 562 rum
241 496 246 508 '
273 496 418 570 uitatem,
441 494 494 559 his
517 494 712 559 testimoniis
730 493 772 558 ad
789 514 934 559 errorem
946 506 1096 560 astruen-
1133 483 1312 561 ‘missionis
1344 497 1536 575 veritatem,
1576 517 1675 578 quam
1715 497 1756 562 ad
1793 499 1993 564 reddendam
2025 502 2141 568 debiti·

118 582 198 646 dum
220 582 254 645 ιιι
281 580 288 594 ’
324 579 499 645 iuvabitur.
544 579 636 644 Nihil
665 580 753 644 euim
782 581 844 644 rite
865 578 943 645 inde
962 580 1096 664 colligas
1149 582 1347 663 aequitatem
1373 582 1522 646 refertur.
1568 582 1609 646 In
1637 605 1735 665 quem
1762 606 1895 650 sensum
1920 587 2050 670 insigne
2073 597 2126 654 est

117 668 182 733 nisi
204 686 329 732 meram
354 664 486 749 divinae
512 687 591 749 erga
618 686 677 731 nos
705 665 929 749 indulgentiae
955 686 1096 749 propon·
1149 666 1273 732 dictum
1295 667 1489 750 Augustini,
1503 666 1528 750 ¹)
1555 667 1641 749 quod
1668 679 1707 732 ut
1734 670 1786 734 vir
1818 679 1949 736 sanctus
1977 681 2125 755 repetere

116 754 258 819 sionem:
286 751 546 834 quandoquidem
573 773 638 833 quo
665 772 724 815 nos
746 751 789 816 ad
810 751 1096 818 benefaciendum
1149 752 1279 835 saepius
1305 773 1364 834 pro
1390 752 1593 817 memorabili
1614 775 1680 819 non
1702 754 1879 832 dubitavit,
1907 757 1955 821 ita
1981 779 2048 822 non
2072 759 2124 823 iu·

118 839 253 915 animet,
275 837 457 920 quamlibet
477 837 531 903 vel
549 837 617 902 solo
639 837 709 901 eius
727 838 851 901 intuitu
867 837 1095 921 indignasint,
1148 837 1284 921 dignum
1316 837 1437 914 iudico,
1494 837 1558 902 uod
1585 839 1717 904 assidue
1745 843 1903 907 memoria
1927 850 2138 924 repetamus·
2241 876 2244 883 ¹

107 946 201 1008 quae
221 924 270 988 illi
291 922 484 989 exhibemus
505 922 676 1006 obsequia,
703 923 832 987 nullum
853 931 965 987 tamen
986 922 1095 1006 perdi·
1147 923 1288 1000 Fidelis,
1318 923 1439 1006 inquit,
1499 924 1628 990 ominus
1650 927 1708 1008 qui
1731 949 1766 991 se
1787 928 1881 992 nobis
1902 929 1978 993 lecit
1999 928 2124 995 debite-

117 1020 189 1076 tum
207 1010 294 1075 sinit.
654 1017 657 1023 '
1147 1031 1232 1074 rem:
1266 1030 1332 1074 non
1363 1008 1485 1092 aliquid
1518 1032 1538 1074 a
1569 1011 1661 1075 nobis
1694 1011 1896 1096 accipiendo,
1928 1013 1986 1080 sed
2013 1016 2126 1082 omnia

205 1101 233 1159 7.
278 1094 347 1161 Sed
367 1094 473 1178 magis
494 1103 617 1178 urgent
637 1095 775 1177 apostoli
798 1093 911 1173 verba,
937 1097 992 1177 qui
1015 1096 1095 1162 dum
1147 1095 1374 1177 promittendo.

117 1182 425 1248 Thessalonicenses
451 1181 488 1244 in
515 1179 782 1246 tribulationibus
806 1181 1008 1257 consolatur,
1038 1203 1094 1246 eas
1234 1185 1262 1244 8.
1307 1180 1527 1245 Adducuntur
1560 1191 1595 1246 ot
1627 1181 1702 1246 illae
1733 1184 1832 1247 Pauli
1866 1187 2060 1250 sententiae:
2095 1188 2124 1251 si

115 1269 249 1332 immitti
270 1267 336 1332 illis
358 1267 452 1331 docet
473 1275 509 1329 ut
527 1266 620 1349 digni
638 1265 820 1331 habeantur
837 1288 938 1350 regno
951 1268 1016 1332 Dei
1034 1288 1093 1350 pro
1146 1266 1286 1331 habeam
1319 1287 1449 1330 omnem
1477 1266 1591 1344 iidem,
1624 1269 1671 1331 ita
1699 1276 1738 1331 ut
1764 1277 1890 1334 montes
1920 1270 1989 1336 loeo
2019 1271 2124 1337 dimo-

115 1376 179 1438 quo
205 1355 379 1436 patiuntur
405 1352 439 1434 (2
463 1351 577 1416 Thess.
606 1357 639 1430 l,
666 1353 708 1435 5).
759 1350 943 1435 Siquidem,
975 1354 1092 1436 inquit,
1146 1374 1256 1430 veam,
1296 1353 1466 1416 caritatem
1501 1360 1611 1418 autem
1644 1374 1712 1418 non
1745 1353 1900 1432 habeam,
1934 1357 2017 1421 nihil
2050 1379 2125 1422 sum

114 1441 239 1505 iustum
256 1446 308 1505 est
328 1437 415 1522 apud
432 1437 560 1515 Deum,
578 1436 714 1502 reddere
735 1439 776 1504 iis
792 1440 849 1520 qui
867 1460 926 1503 vos
943 1439 1096 1524 affligrmt
1146 1439 1178 1522 (l
1200 1437 1274 1503 (lor.
1298 1443 1345 1517 13,
1366 1438 1409 1522 2).
1454 1437 1555 1503 Item:
1580 1430 1828 1504 nune'maneut
1849 1463 1932 1522 spes.
1955 1441 2045 1520 fides,
2069 1456 2124 1509 ca·

115 1526 340 1601 afflictionem;
374 1523 465 1589 vobis
499 1531 610 1587 autem
638 1523 877 1588 relaxationem
909 1523 1091 1602 nobiseum,
1145 1526 1240 1602 ritas;
1264 1523 1321 1588 sed
1342 1525 1487 1588 maxima
1508 1525 1542 1588 in
1561 1525 1613 1588 his
1631 1525 1750 1591 caritas
1768 1525 1859 1610 (ibid
1876 1549 1906 1590 v.
1924 1526 1985 1610 13).
2019 1530 2121 1594 Item:

113 1633 216 1695 quum
249 1609 449 1676 revelabitur
476 1609 637 1674 Dominus
665 1610 759 1675 Iesus
786 1632 804 1674 e
835 1610 931 1674 coelo.
984 1612 1093 1675 Autor
1145 1632 1244 1693 super
1271 1610 1381 1674 omnia
1409 1609 1526 1675 habete
1552 1611 1735 1688 caritatem,
1768 1621 1926 1694 quaeest
1954 1615 2124 1680 vinculum

115 1720 195 1763 vero
215 1696 371 1779 epistolae
393 1694 435 1760 ad
456 1695 639 1762 Hebraeos:
660 1716 727 1760 non
749 1705 808 1774 est,
831 1697 937 1778 inquit
960 1697 1005 1780 (6,
1027 1697 1091 1795 10),
1145 1697 1350 1779 perfectionis
1372 1695 1456 1779 (Col.
1478 1700 1506 1773 3,
1529 1697 1591 1781 14).
1631 1696 1685 1760 Ex
1707 1699 1822 1779 primis
1843 1696 1969 1763 duobus
1989 1708 2124 1764 conten·

112 1785 255 1848 iniustus
279 1783 371 1847 Deus
398 1789 436 1845 nt
463 1781 673 1846 obliviscatur
698 1782 806 1865 operis
833 1783 951 1855 vestri,
981 1792 1014 1846 et
1042 1781 1092 1845 dr·
1145 1781 1230 1846 dunt
1250 1783 1354 1846 nostri
1376 1780 1556 1858 Pharisaei,
1580 1783 1717 1847 caritate
1738 1805 1797 1848 nos
1824 1785 1993 1850 iustificari
2014 1787 2123 1867 potius

113 1869 265 1935 lectionis
293 1889 393 1951 quam
422 1866 610 1932 ostendistis
639 1868 674 1931 in
704 1868 835 1933 nomine
857 1868 975 1949 ipsius,
1007 1867 1092 1949 quod
1145 1888 1242 1950 quam
1264 1866 1343 1931 fide:
1370 1869 1493 1932 virtute
1516 1869 1688 1946 nimirum,
1712 1879 1749 1932 ut
1775 1871 1837 1952 ipsi
1863 1871 1964 1947 aiunt,
1987 1871 2121 1953 potiore.
2172 1897 2181 1907 ·

113 1955 326 2020 ministrastis
345 1953 475 2019 sanctis.
520 1951 575 2017 Ad
596 1953 738 2035 priorem
760 1956 870 2019 locum
897 1952 1090 2036 respondeo:
1145 1955 1193 2017 At
1224 1952 1316 2016 nullo
1348 1954 1478 2036 negotio
1510 1953 1648 2018 diluitur
1680 1954 1761 2021 haec
1794 1958 1965 2038 argutatio.
2010 1958 2125 2040 Expo-

113 2041 241 2106 nullam
266 2040 335 2116 illio
361 2040 470 2104 meriti
493 2039 686 2122 dignitatem
707 2040 904 2122 significari3
936 2039 994 2105 sed
1016 2041 1093 2122 quia
1144 2040 1270 2104 suimus
1292 2039 1381 2103 enim
1403 2039 1495 2115 alibi,
1524 2040 1566 2104 ad
1589 2061 1702 2105 veram
1722 2040 1822 2106 fidem
1843 2042 1926 2106 nihil
1948 2045 2121 2125 pertinere,

113 2128 207 2191 Dens
228 2135 322 2209 pater
344 2125 417 2190 vult
437 2145 506 2202 nos,
532 2146 613 2207 quos
630 2124 730 2208 elegit
750 2126 843 2203 filios,
867 2125 1002 2191 Christe
1023 2127 1091 2208 pri·
1144 2147 1227 2207 quae
1248 2127 1354 2207 primo
1376 2124 1445 2190 looo
1467 2124 1630 2190 dicuntur.
1675 2126 1831 2191 Alterum
1854 2149 1912 2192 nos
1933 2150 2060 2212 quoque
2081 2130 2122 2195 de

113 2213 280 2297 mogenito
313 2211 524 2288 conformari,
562 2211 648 2276 siout
681 2212 826 2293 oportuit
856 2211 953 2275 illum
985 2213 1090 2294 primo
1144 2233 1223 2275 vera
1244 2208 1308 2295 lide
1330 2212 1598 2292 interpretamur,
1628 2232 1692 2292 qua
1719 2213 1877 2277 maiorem
1906 2235 1976 2279 esso
2005 2217 2122 2281 carita-

113 2299 183 2381 pati
210 2305 244 2363 et
270 2306 344 2362 tum
369 2296 503 2362 demum
529 2297 655 2360 intrare
683 2298 718 2361 in
768 2298 885 2362 loriam
906 2297 966 2363 sihi
990 2296 1090 2362 desti·
1144 2309 1212 2361 tem
1245 2295 1324 2360 dioit
1356 2317 1424 2359 non
1452 2304 1611 2379 tanquam
1647 2299 1690 2361 sit
1717 2300 1823 2380 magis
1850 2301 2030 2377 meritoria,
2065 2301 2124 2366 sed

115 2396 243 2461 natam,
271 2385 319 2449 ita
345 2392 380 2448 et
406 2404 466 2447 nos
493 2404 553 2465 per
569 2382 690 2447 multas
712 2319 941 2447 tribulationes
963 2391 1091 2466 oportet
1143 2383 1221 2464 quia
1253 2382 1358 2464 magis
1389 2381 1556 2446 fructuosa
1583 2392 1647 2458 est,
1681 2383 1759 2465 quia
1784 2384 1881 2450 latius
1908 2394 2014 2467 patet,
2048 2388 2124 2468 quia

114 2469 245 2553 ingredi
266 2471 303 2533 in
324 2489 464 2552 regnum
486 2468 650 2533 coelorum
673 2469 770 2552 (huo.
791 2472 842 2546 24,
864 2473 920 2545 26;
942 2468 1015 2534 Act.
1042 2474 1089 2545 14,
1143 2467 1291 2549 pluribus
1308 2468 1419 2545 servit,
1442 2469 1518 2550 quia
1540 2489 1670 2550 semper
1691 2470 1797 2552 viget:
1819 2492 1921 2552 quum
1943 2470 2019 2537 fidei
2041 2493 2122 2538 usus

115 2557 181 2639 22).
227 2554 467 2619 Tribulationes
494 2575 572 2638 ergo
600 2553 680 2618 dum
706 2556 852 2637 patimur
878 2575 937 2636 pro
966 2554 1091 2619 Christi
1144 2554 1186 2617 ad
1219 2564 1347 2636 tempus
1379 2555 1543 2619 consistat
1596 2553 1634 2618 Si
1667 2555 1895 2619 excellentiam
1927 2567 2121 2639 speotamus,

113 2643 260 2720 nomine,
293 2640 454 2725 quaedam
479 2641 584 2707 veluti
611 2649 708 2705 notae
735 2641 971 2723 imprimuntur
998 2640 1091 2704 nobis
1144 2641 1260 2704 merito
1277 2639 1342 2703 Dei
1363 2639 1494 2704 dilectio
1510 2641 1634 2721 primas
1652 2648 1777 2719 teneat,
1801 2641 1841 2706 de
1864 2663 1927 2724 qna
1945 2643 1999 2708 hic
2015 2664 2123 2708 sermo

113 2729 231 2810 quibus
259 2750 337 2795 ovea
409 2727 479 2809 egis
511 2726 564 2792 sui
594 2726 687 2790 Deus
720 2727 851 2809 signare
883 2726 973 2791 solet.
1017 2725 1092 2791 Hac
1144 2726 1248 2790 Paulo
1268 2747 1335 2789 non
1358 2734 1416 2790 est
1449 2723 1622 2807 Siquidem
1642 2748 1747 2790 unum
1768 2728 1856 2791 istud
1877 2737 1975 2812 urget
1994 2736 2033 2792 ut
2050 2751 2122 2794 mu·
2210 2748 2213 2753 ⁴

113 2835 191 2898 ergo
217 2815 344 2879 ratione
370 2749 463 2896 digni
480 2811 650 2877 habemur
675 2834 777 2896 regno
798 2813 877 2889 Dei,
906 2813 983 2895 quia
1010 2813 1091 2896 stig·
1144 2818 1202 2876 tua
1233 2811 1369 2876 caritate
1402 2832 1461 2875 nos
1495 2812 1530 2875 in
1559 2811 1703 2876 Domino
1731 2813 1874 2878 vicissim
1907 2814 2122 2880 aedificemus

113 2909 203 2965 mata
228 2898 365 2964 Domini
389 2899 495 2964 nostri
522 2906 556 2964 et
583 2897 733 2982 magistri
759 2907 930 2980 portamus
957 2899 991 2962 in
1020 2919 1092 2964 cor-
1145 2896 1213 2963 Sed
1235 2899 1413 2980 fingamus,
1438 2896 1543 2961 modis
1564 2896 1716 2962 omnibus
1739 2900 1910 2964 caritatem
1929 2899 2005 2964 fidei
2027 2922 2122 2983 prae-

113 3003 205 3069 pore‘,
238 3006 323 3068 quae
356 2994 434 3050 suut
461 2985 605 3050 filiorum
632 2985 698 3050 Dei
726 2984 821 3068 signa
848 2983 938 3069 (Gal.
968 2989 1001 3059 6,
1024 2984 1090 3067 lv).
1144 2982 1275 3050 cellere:
1306 2984 1378 3065 quis
1408 2991 1519 3047 tamen
1541 3003 1621 3048 sano
1643 2982 1777 3063 iudicio,
1806 2985 1872 3049 imo
1895 2987 1967 3067 quis
1990 2987 2123 3051 omnino

113 3072 189 3138 Huc
218 3083 251 3138 et
278 3071 353 3136 illae
381 3071 564 3136 sententiae
592 3071 774 3154 pertinent:
802 3092 862 3135 nos
883 3069 1092 3136 circumferre
1143 3091 1223 3135 sano
1245 3068 1393 3146 cerebro,
1423 3090 1465 3133 ex
1491 3090 1529 3133 oe
1553 3069 1767 3134 ratiocinetur
1795 3072 1902 3154 magis
1923 3071 2121 3162 iustificare?

111 3159 396 3224 mortificationem
422 3158 500 3222 Iesu
521 3155 648 3221 Christi
671 3157 707 3221 iu
735 3176 870 3239 corpore
897 3163 1022 3233 nostro,
1055 3165 1093 3220 ιιι
1143 3156 1205 3221 Vis
1223 3154 1423 3220 iustificandi
1442 3176 1525 3236 quae
1546 3177 1647 3238 penes
1669 3155 1769 3220 fidem
1790 3163 1849 3234 est,
1871 3178 1937 3220 non
1959 3156 1995 3221 in
2012 3157 2122 3240 digni·

111 3245 182 3307 vita
202 3244 305 3324 ipsius
322 3243 550 3307 manifestetur
570 3243 607 3306 iu
624 3241 718 3307 nobis
736 3241 771 3327 (2
791 3241 866 3306 Cor.
886 3250 916 3317 4,
939 3243 1009 3326 10);
1032 3262 1091 3306 nos
1144 3249 1211 3306 tate
1233 3242 1341 3323 operis
1358 3240 1491 3306 locatur.
1526 3239 1605 3306 Sola
1621 3241 1687 3305 Dei
1711 3241 1933 3307 misericordia
1955 3250 1989 3308 et
2006 3244 2123 3309 merito

113 3329 320 3411 passionibus
342 3327 411 3392 eius
432 3328 710 3405 confermarint
730 3329 961 3411 perveniamus
983 3326 1026 3392 ad
1047 3328 1091 3394 si·
1144 3327 1271 3392 Christi
1298 3334 1425 3392 constat
1450 3333 1563 3392 nostra
1583 3328 1785 3406 iustificatio,
1813 3349 1912 3409 quam
1939 3328 2018 3393 dum
2040 3328 2122 3395 tides

113 3411 332 3478 militudinem
352 3413 601 3479 resurrectionis
627 3433 669 3477 ex
691 3414 831 3479 mortuis
853 3413 954 3499 (Phil.
976 3417 1004 3491 3,
1026 3414 1090 3499 10).
1144 3412 1375 3495 apprehendit,
1405 3413 1582 3478 iustificare
1609 3412 1740 3478 dieitur.
1786 3414 1883 3479 Nunc
1912 3415 1939 3478 si
1968 3414 2122 3481 adversa·

114 3498 210 3579 Quae
242 3497 411 3563 subiicitur
443 3499 541 3576 ratio,
575 3520 643 3563 nou
675 3497 718 3562 ad
752 3499 955 3583 probandam
988 3499 1091 3565 ullam
1144 3500 1210 3563 rios
1240 3499 1436 3582 interroges,
1469 3520 1532 3580 quo
1565 3520 1664 3563 seusu
1697 3500 1961 3564 iustificationem
1993 3502 2122 3566 caritati

115 3585 326 3668 dignitatem,
347 3583 405 3649 sed
426 3605 518 3666 spem
539 3584 634 3668 regni
653 3584 718 3649 Dei
740 3583 997 3650 confirmandam
1017 3606 1092 3668 pen·
1144 3586 1321 3668 assignent,
1345 3583 1596 3666 respondebunt,
1619 3586 1695 3684 quia
1716 3586 1859 3650 officium
1883 3596 1932 3649 est
1952 3586 2024 3651 Deo
2047 3608 2123 3672 gra·

115 3674 214 3736 tinet:
249 3691 287 3735 ae
313 3669 343 3734 si
364 3669 501 3747 diceret,
531 3678 567 3734 ιιι
593 3670 679 3735 iusto
699 3671 765 3736 Dei
786 3671 906 3736 iudicio
928 3672 1090 3750 convenit,
1144 3678 1231 3746 tum,
1255 3671 1325 3735 eius
1347 3671 1479 3747 merito,
1503 3692 1544 3734 ex
1567 3670 1696 3735 divinae
1714 3672 1870 3736 bonitatis
1891 3674 2121 3754 acceptatione,

115 3755 293 3823 vindictam
321 3753 362 3820 ab
383 3756 524 3820 inimicis
551 3757 669 3821 vestris
691 3767 844 3840 expetere
870 3777 984 3821 earum
1011 3777 1092 3840 quas
1142 3756 1304 3821 iustitiam
1336 3755 1429 3820 nobis
1460 3757 1625 3838 imputari.
1670 3757 1759 3823 Hine
1787 3757 1879 3822 vides
1907 3778 2005 3838 quam
2038 3756 2122 3823 belle

117 3843 207 3909 vobis
229 3842 403 3906 intulerint
426 3841 646 3919 vexationum,
674 3843 721 3907 ita
743 3843 835 3908 vobis
856 3842 1092 3907 relaxationem
1143 3841 1298 3925 procedat
1328 3851 1569 3924 argumentum.
1621 3842 1739 3907 Fidem
1765 3843 1942 3908 iustificare
1970 3840 2119 3920 dicimus,

116 3939 150 3995 et
175 3930 322 4010 quietem
351 3950 371 3993 a
398 3927 626 3992 vexationibus
654 3928 823 4011 impertiri.
869 3928 965 3993 Alter
992 3928 1091 4005 locus,
1144 3949 1210 3993 non
1242 3928 1319 4009 quia
1348 3927 1511 3991 iustitiam
1542 3927 1636 3992 nobis
1666 3950 1725 3992 sua
1753 3927 1912 4012 dignitate
1940 3935 2120 4009 mereatur;

115 4016 172 4097 qui
193 4014 240 4080 sio
261 4013 421 4079 iustitiam
438 4013 503 4077 Dei
520 4011 634 4078 decere
656 4014 766 4093 tradit,
784 4036 919 4081 suorum
940 4012 1093 4096 obsequia
1144 4013 1202 4079 sed
1234 4014 1311 4095 quia
1340 4013 1599 4078 instrumentum
1629 4014 1684 4090 sit,
1719 4034 1782 4095 quo
1809 4012 1934 4078 Christi
1959 4013 2121 4080 iustitiam

115 4100 271 4166 oblivioni
292 4122 360 4164 non
381 4098 554 4175 mandare,
583 4107 621 4162 ut
648 4120 747 4183 prope
767 4101 931 4165 iniustum
951 4101 1021 4164 iore
1042 4100 1093 4165 ιιι-
1204 4099 1248 4164 tis
1270 4099 1463 4164 obtinemus.
1507 4098 1578 4175 Isti,
1602 4100 1832 4180 praetermissa
1853 4098 1918 4162 Dei
1939 4100 2121 4166 misericor-

115 4197 199 4252 nnat
222 4187 251 4251 si
276 4185 501 4261 obliviscatur,
536 4184 621 4250 hanc
654 4186 813 4250 rationem
838 4186 952 4252 habet:
989 4184 1091 4261 Deus,
1169 4187 1175 4198 '
1204 4183 1432 4266 ,Christoque
1453 4185 1628 4268 praeterito
1646 4182 1718 4267 (ubi
1739 4206 1868 4249 summa
1888 4185 2032 4251 iustitiae
2054 4187 2120 4271 est)

116 4293 180 4354 quo
206 4272 378 4355 segnitiem
405 4279 552 4335 nostram
575 4279 721 4346 acueret,
746 4270 901 4337 fiduciam
929 4270 1023 4336 nobis
1046 4272 1093 4336 se-
1144 4271 1289 4335 oaritatis
1313 4270 1467 4335 beneficio
1484 4291 1543 4334 nos
1561 4270 1730 4335 iustificari
1747 4279 1904 4354 pugnant,
1926 4275 2003 4353 quia
2019 4291 2121 4353 supra

117 4359 175 4434 cit,
202 4378 271 4421 non
291 4357 423 4422 irritum
445 4356 513 4420 iore
536 4377 634 4437 quem
657 4356 854 4440 ingloriam
878 4356 1021 4421 nominis
1042 4357 1094 4421 sui
1144 4356 1242 4421 fidem
1276 4355 1424 4421 excellat.
1467 4356 1611 4420 Perinde
1643 4376 1680 4420 ao
1708 4357 1736 4420 si
1761 4357 1833 4438 quis
1861 4359 2021 4439 aptiorem
2047 4376 2119 4422 esse

117 4444 357 4526 susceperimus
374 4442 528 4507 laborem.
570 4440 709 4523 Semper
729 4442 984 4520 meminerimus,
1007 4442 1093 4507 hauc
1145 4462 1257 4525 regem
1290 4440 1433 4524 disputet
1464 4440 1663 4506 conficiendo
1696 4443 1802 4507 calceo
1837 4463 1936 4524 qnam
1970 4452 2122 4519 sutorem,

116 4529 376 4611 promissionem,
395 4536 433 4591 ut
448 4536 595 4593 caeteras
611 4547 734 4604 omues,
757 4526 841 4591 nihil
858 4528 985 4592 huctrrs
1000 4528 1093 4594 nobis
1145 4527 1222 4610 quia
1242 4528 1285 4590 sit
1306 4528 1434 4592 infinito
1454 4528 1678 4609 praestantior.
1719 4528 1785 4593 Hic
1807 4549 1891 4592 unus
1913 4525 2124 4611 syllogismus

117 4614 291 4680 allaturam
318 4614 382 4680 nisi
410 4611 620 4696 praecederet
645 4613 827 4696 gratuitum
853 4611 1094 4678 misericordiae
1146 4611 1255 4695 amplo
1275 4613 1468 4678 documento
1496 4621 1546 4678 est
1573 4613 1700 4677 scholae
1728 4635 1840 4678 omnes
1868 4612 2054 4677 sorbonicas
2081 4633 2123 4678 ne

118 4700 246 4777 foedus,
275 4700 330 4765 cui
357 4707 427 4765 tota
453 4699 569 4764 salutis
591 4707 723 4764 nostrae
745 4698 904 4764 certitudo
925 4697 1094 4764 incumbe-
1147 4699 1284 4764 summis
1306 4699 1438 4779 quidem
1459 4699 1559 4763 labris
1582 4696 1772 4782 degustare,
1801 4697 1879 4782 quid
1906 4697 1949 4763 sit
1969 4695 2045 4762 fidei
2073 4698 2124 4762 iu·

118 4795 177 4850 ret
221 4787 272 4850 Eo
294 4793 404 4851 autem
423 4786 509 4862 freti,
532 4784 697 4850 confidere
718 4804 831 4850 secure
852 4781 1016 4860 debemus,
1038 4782 1095 4849 ob-
1146 4785 1306 4851 stilieatio.
1352 4783 1483 4867 Siquis
1512 4786 1621 4848 autem
1644 4785 1770 4848 rixator
1792 4784 1900 4849 adhuo
1921 4783 2123 4867 interpellet,

118 4871 241 4953 sequiis
269 4871 368 4936 etiam
393 4871 515 4937 nostris
537 4869 717 4954 quamlibet
742 4867 888 4952 indignis
915 4889 981 4933 non
1003 4867 1095 4934 deiu-
1147 4891 1206 4935 eur
1237 4870 1314 4935 fidei
1346 4890 1466 4934 nomen
1499 4868 1627 4933 tantillo
1659 4870 1834 4935 intervallo
1867 4869 1953 4953 apud
1980 4870 2126 4936 Paulum

119 4967 234 5021 turum
262 4957 368 5024 aDei
395 4956 580 5022 liberalitate
600 4957 790 5039 proemium.
832 4954 876 5019 In
899 4976 939 5020 ea
960 4974 1095 5036 exspec-
1147 4957 1236 5021 varie
1265 4955 1477 5038 accipiamav,
1510 4954 1609 5019 huius
1637 4956 1917 5039 interpretationis
1945 4977 2012 5021 non
2040 4955 2126 5024 levia

118 5043 242 5108 tatione
272 5050 313 5106 ιιι
339 5064 399 5108 nos
425 5043 597 5108 confirmet
625 5040 805 5125 apostolus,
837 5041 948 5108 Deum
979 5039 1097 5104 asserit

119 5150 186 5193 non
206 5149 279 5195 esse
299 5129 473 5204 iniustum,
497 5129 580 5209 quin
601 5135 811 5195 constaturus
832 5128 876 5194 sit
896 5124 973 5191 fidei
994 5125 1096 5191 semel
1149 5129 1350 5137 ’ψ

120 5213 224 5280 datos
267 5213 401 5280 Inscita
432 5213 534 5296 igitur
565 5213 630 5279 ista
660 5214 766 5298 ungis
793 5212 836 5279 ad
862 5210 994 5281 divinae
1020 5233 1095 5296 pro-
1216 5229 1245 5294 ι)
1264 5230 1296 5282 ιι
1313 5229 1384 5296 rso.
1403 5226 1445 5293 aa,
1463 5228 1488 5280 a.
1508 5229 1551 5281 rs
1572 5226 1629 5294 roa,
1648 5228 1672 5281 1.
1692 5240 1720 5282 o
1738 5231 1803 5283 uror
1820 5246 1903 5299 aspa
1919 5228 2043 5300 (aa‚1o›.
