4672 5842
123 308 187 371 453
375 308 465 372 116.
488 306 552 371 111.
596 307 661 372 nn
684 307 1191 376 6666166661116616
1214 307 1406 376 61611611
1428 282 1940 377 6611116616111
2068 319 2136 381 61

66 496 72 502 ’
124 502 189 567 sibi
212 499 277 564 Dei
308 497 482 562 veritatem
514 495 725 579 exstinguere
758 497 880 575 nolint,
914 506 973 561 666
1005 519 1103 580 quem
1126 509 1129 553 Ι
1155 496 1292 574 sacculi,
1323 494 1573 578 intelligendum
1596 503 1660 575 est,
1686 499 1740 580 qui
1761 499 1873 565 lumen
1896 503 2031 584 spiritus
2053 502 2135 568 deli-

124 586 280 653 novcrint
301 605 371 648 esse
394 582 566 648 Christum
587 583 737 660 Domini,
761 583 861 648 verbo
884 605 950 647 uno
971 585 1101 662 laedere,
1136 582 1267 669 'borata
1294 582 1461 662 impietate
1489 582 1693 658 suffecerint,
1724 584 1800 649 doni
1827 587 1974 653 coelestis
1997 597 2132 671 gustum

123 675 173 739 illi
202 673 239 736 in
271 679 402 752 patrem
429 690 467 733 ae
493 668 598 732 lilium
625 679 770 751 peccant.
816 668 873 734 Sic
899 670 997 733 mult-i
1024 678 1103 734 sunt
1154 669 1352 750 respuerint,
1387 689 1407 730 a
1439 669 1694 732 sanctificatione
1723 672 1857 753 spiritus
1885 696 1919 738 se
1947 675 2131 754 alienarint,

122 758 230 835 hodic,
251 757 308 839 qui
330 755 492 837 evangehi
514 753 697 818 doctrinam
714 757 855 837 pessime
874 763 1101 834 exsecrantem
1153 754 1291 817 verbum
1303 753 1368 817 Dei
1388 759 1421 817 ct
1443 754 1564 818 saeculi
1587 757 1717 820 venturi
1739 758 1878 823 virtutes
1901 761 2132 825 conculcarint

124 865 224 929 quam
249 845 276 909 si
299 840 460 924 evangelii
483 841 712 920 cssescirent,
742 842 928 913 totocorde
950 843 1103 906 venerari
1156 840 1205 903 Ac
1232 860 1295 920 quo
1323 839 1429 922 magis
1456 841 1655 920 exprimeret
1681 842 1772 907 illam
1803 846 1979 926 impietatis
2008 856 2129 911 certam
2231 868 2234 873 ’

118 931 234 1013 parati
266 933 373 993 666661.
428 926 581 1007 Quorum
619 936 729 991 autem
763 929 912 992 convicta
943 937 994 992 est
1025 950 1102 992 con·
1155 924 1422 1001 destinationem,
1457 924 1520 988 alio
1547 935 1662 1007 postea
1689 927 1758 993 loco
1789 933 1985 995 nominatim
2013 932 2132 997 adiecit

125 1016 271 1093 scientia,
293 1015 357 1079 Dei
377 1014 512 1078 verbum
530 1034 600 1077 esse
622 1013 709 1094 quod
729 1014 904 1096 repudiant
921 1023 1018 1096 atque
1040 1013 1103 1076 im-
1155 1010 1343 1085 dictionem,
1376 1011 1569 1076 voluntarie.
1624 1012 1712 1076 Nam
1744 1037 1845 1096 quum
1879 1016 1971 1095 dicit,
2005 1018 2129 1082 nullam

123 1108 291 1186 pugnant,
321 1102 516 1181 impugnare
548 1106 660 1163 tamen
688 1120 756 1162 non
785 1100 952 1176 desinunt,
986 1100 1034 1162 illi
1066 1099 1103 1163 in
1154 1097 1227 1159 11611
1248 1096 1408 1178 reliquam
1431 1097 1569 1160 hostiam
1591 1098 1631 1161 iis
1654 1099 1711 1180 qui
1733 1101 1895 1180 volentes,
1923 1111 1996 1184 post
2018 1124 2131 1186 accep-

124 1189 279 1272 spiritum
305 1185 533 1268 blasphemare
561 1184 730 1249 dicuntur:
761 1184 1024 1267 quandoquidem
1046 1184 1102 1249 ad-
1155 1189 1224 1246 tam
1246 1184 1394 1247 veritatis
1416 1183 1582 1258 notitiam,
1612 1186 1791 1266 peccarint,
1819 1210 1885 1252 non
1911 1197 2011 1272 negat
2032 1190 2130 1254 Chri·

123 1295 240 1341 versus
257 1271 531 1337 illuminationem
553 1270 652 1353 (quae
674 1293 755 1354 opus
775 1271 1103 1354 cstspiritussancti)
1156 1278 1242 1332 stum
1271 1290 1341 1333 esse
1363 1279 1555 1349 perpetuam
1579 1268 1735 1349 hostiam,
1765 1272 1806 1336 ad
1834 1275 2014 1356 expiandas
2036 1296 2132 1340 sanc·

122 1362 303 1426 luctantur.
359 1357 455 1422 Tales
488 1365 583 1420 crant
614 1378 656 1420 ex
688 1357 820 1422 Iudaeis
850 1359 1013 1436 nonnulli,
1047 1358 1105 1438 qui
1155 1361 1264 1417 torum
1296 1355 1485 1436 iniqnitates
1518 1354 1620 1437 (quod
1653 1364 1722 1420 tota
1753 1359 1821 1422 fere
1850 1361 1985 1441 epistola
2013 1362 2132 1426 diserte

124 1467 228 1529 quum
249 1446 401 1510 resistere
419 1443 548 1524 spiritui
570 1464 629 1524 per
641 1442 850 1526 Stephanum
869 1445 1016 1526 loquenti
1036 1465 1104 1506 non
1155 1439 1284 1517 clamat,
1307 1441 1394 1502 inter
1412 1439 1643 1521 explicandum
1662 1441 1787 1508 Christi
1809 1441 2051 1529 sacerdotium),
2075 1447 2133 1513 sed

123 1540 272 1616 possent,
301 1531 452 1594 resistcre
479 1536 590 1593 661666
613 1529 853 1593 contendebant
873 1531 961 1611 (Act.
982 1535 1017 1606 6,
1039 1528 1101 1612 10).
1156 1525 1282 1589 nullam
1304 1526 1403 1589 aliam
1425 1537 1548 1589 restare
1572 1526 1651 1591 dicit
1673 1529 1728 1592 ubi
1749 1531 1789 1594 ab
1813 1552 1851 1595 ea
1872 1530 2051 1596 discessum
2073 1542 2131 1598 est

123 1620 200 1683 Non
227 1616 366 1681 dubium
390 1623 440 1680 est
462 1614 541 1696 quin
569 1635 611 1678 ex
633 1616 697 1679 illis
719 1616 830 1693 multi,
859 1617 940 1698 legis
969 1616 1038 1679 zelo
1062 1615 1104 1678 ad
1155 1611 1345 1676 Disccditur
1382 1620 1494 1675 autem
1526 1613 1688 1695 abnegata
1720 1638 1761 1679 cx
1794 1620 1937 1699 professo
1972 1620 2132 1702 evangelii

123 1705 158 1770 id
180 1711 392 1786 raperentur-3
414 1701 470 1765 sed
493 1702 592 1765 fuisse
614 1701 694 1766 61166
713 1709 849 1783 apparet
866 1703 921 1783 qui
940 1702 1104 1765 malitiosa
1156 1699 1302 1762 veritate.

124 1792 295 1874 impietate
316 1789 351 1851 in
373 1788 485 1852 Deum
506 1788 614 1869 ipsum
635 1788 791 1864 furerent,
816 1787 878 1852 hoo
899 1798 950 1852 est
971 1788 1006 1851 in
1028 1787 1103 1850 doc-
1243 1787 1292 1846 24.
1349 1781 1445 1862 (11101
1478 1789 1589 1847 autem
1622 1785 1720 1850 nimis
1753 1788 1872 1852 durum
1905 1798 1938 1854 el
1970 1789 2035 1854 Dei
2068 1791 2132 1856 010·

125 1878 248 1941 trinam
275 1896 373 1957 qnam
396 1895 507 1938 ossea
529 1873 600 1937 Deo
623 1895 691 1936 non
708 1873 907 1938 nesciebant.
953 1874 1049 1938 Tales
1071 1880 1104 1937 et
1155 1869 1280 1933 1666616
1312 1869 1457 1933 alienum
1491 1869 1621 1934 videtur
1654 1873 1862 1953 quibusdam,
1895 1897 1915 1938 a
1943 1878 2133 1940 remissione

39 2024 51 2033 ,
124 1965 189 2045 1661
209 1961 391 2037 Pharisaei,
414 1961 448 2023 iu
471 1981 550 2041 quos
572 1957 736 2022 Dominus
757 1960 936 2036 invehitur,
958 1960 1015 2041 qui
1037 1960 1103 2040 spi·
1157 1955 1239 2018 ullos
1262 1955 1394 2018 omnino
1423 1953 1556 2036 depelli,
1585 1958 1641 2038 qui
1670 1956 1712 2020 ad
1734 1960 1974 2043 implorandam
1996 1964 2132 2026 Domini

124 2051 211 2114 ritus
238 2047 345 2113 sancti
368 2047 524 2111 virtutem
545 2053 583 2108 116
604 2045 805 2122 disiicercnt,
838 2045 1022 2110 Beelzebub
1045 2067 1103 2109 no·
1156 2040 1412 2106 miscricordiam
1445 2041 1650 2123 confugiant,
1685 2043 1718 2107 id
1745 2047 1838 2111 facilc
1866 2047 2010 2112 diluitur.
2056 2049 2133 2113 Non

123 2130 911 2215 161661616661666111166611.1134661224).
942 2132 1007 2196 Η16
1025 2153 1103 2214 ergo
1155 2128 1243 2190 enim
1266 2127 1421 2210 denegari
1438 2128 1568 2191 veniam
1586 2128 1665 2192 dicit
1687 2131 1715 2193 si
1737 2131 1779 2195 ad
1799 2133 1981 2197 Dominum
2003 2157 2037 2198 se
2055 2155 2130 2201 con·

125 2231 175 2285 est
207 2221 344 2302 spiritus
377 2217 615 2299 blasphemiae,
650 2218 705 2281 ubi
736 2217 878 2281 hominis
907 2216 1042 2281 audacia
1068 2217 1103 2280 111
1156 2213 1329 2290 verterint;
1357 2213 1414 2276 sed
1441 2214 1574 2276 omnino
1596 2224 1696 2297 negat
1716 2239 1811 2299 posse
1833 2218 1875 2281 ad
1895 2222 2129 2302 poenitentiam

124 2305 359 2372 contumeliam
393 2304 497 2367 divini
529 2303 673 2367 nominis
711 2302 789 2367 data
828 2324 928 2384 66616
965 2303 1102 2384 prosilit.
1155 2320 1303 2381 surgere:
1328 2298 1414 2380 qaod
1436 2299 1558 2363 scilicet
1575 2314 1708 2365 aeterna
1729 2306 1884 2368 caecitate
1907 2307 1947 2370 ob
1966 2329 2059 2371 suam
2081 2309 2133 2371 in·

129 2390 228 2472 Quod
247 2391 358 2455 innuit
378 2390 505 2454 Paulus
526 2389 557 2472 (1
581 2388 664 2453 Tim.
687 2394 717 2466 l,
742 2390 810 2471 13),
832 2411 935 2470 quum
956 2389 1049 2453 docet
1070 2411 1105 2454 se
1156 2384 1391 2467 gratitudinem
1417 2385 1501 2448 iusto
1529 2385 1594 2448 Dci
1620 2386 1739 2452 iudicio
1767 2393 1916 2471 percussi
1944 2394 2019 2456 sint.
2064 2394 2131 2457 Ne·

127 2475 383 2542 misericordiam
409 2479 662 2556 consequutum,
696 2475 780 2557 quod
807 2476 964 2558 ignorans
987 2497 1025 2539 ea
1046 2498 1105 2558 per
1156 2491 1218 2551 que
1247 2470 1355 2535 obstat
1383 2471 1469 2551 quod
1496 2468 1583 2534 idem
1609 2475 1798 2556 exemplum
1820 2478 1911 2541 Esau
1934 2479 1998 2544 huc
2021 2493 2132 2561 postca
2237 2526 2240 2532 «

125 2564 389 2629 incredulitatem
408 2561 624 2639 commiserat,
647 2583 788 2643 quorum
809 2561 926 2624 merito
948 2560 1104 2644 indignas
1156 2556 1379 2621 accommodat
1400 2557 1517 2640 (Hebr.
1539 2561 1587 2635 12,
1610 2560 1679 2642 12),
1703 2563 1757 2642 qni
1780 2563 1902 2626 frustra
1923 2564 2077 2648 lacrymis
2099 2574 2133 2630 et

125 2650 249 2732 alioqui
281 2650 396 2714 1616666
423 2647 531 2730 gratia
558 2648 704 2710 Domini.
751 2646 789 2711 si
816 2648 1001 2729 ignorantia
1029 2669 1103 2712 6616
1156 2642 1279 2706 eiulatu
1314 2644 1492 2706 6666616116
1523 2645 1678 2709 6611661616
1710 2647 2005 2731 primogenituram
2038 2673 2131 2716 recu·

123 2735 353 2802 incredulitate
376 2721 494 2799 iuncta
510 2733 588 2797 16616
608 2741 647 2796 66
666 2733 797 2798 veniam
819 2734 995 2811 obtineret,
1025 2733 1104 2798 hinc
1154 2748 1279 2810 parare.
1322 2728 1436 2792 Nihilo
1466 2729 1565 2792 etiam
1588 2732 1693 2814 magis
1715 2733 1773 2796 illa
1794 2735 1973 2816 prophetae
1996 2737 2132 2801 commi-

123 2823 278 2905 sequitur,
303 2843 368 2885 non
391 2842 462 2885 6666
484 2820 600 2885 reniae
621 2819 731 2883 locum
752 2818 808 2882 ubi
831 2819 968 2884 scientia
989 2819 1032 2883 61
1052 2821 1104 2883 in·
1155 2816 1257 2878 natio:
1271 2836 1373 2897 quum
1390 2815 1612 2894 clamaverint,
1631 2839 1700 2882 non
1713 2820 1887 2883 exaudiam
1898 2821 2011 2904 (Zach.
2026 2827 2053 2901 7,
2067 2822 2130 2906 13).

124 2908 351 2975 credulitatem
374 2907 517 2971 accessit
612 2979 622 2988 .
1155 2902 1270 2982 Neque
1293 2902 1382 2972 enim
1403 2901 1522 2964 talibus
1543 2901 1697 2984 loquendi
1715 2906 1866 2970 formulis
1884 2917 1940 2971 aut
1958 2929 2036 2973 vcra
2056 2930 2133 2973 con·

210 2998 260 3057 23,
294 2994 479 3073 Apostolum
500 3012 571 3057 aero
592 3012 654 3055 666
672 2991 708 3054 16
720 2990 915 3071 particulari
931 2991 1104 3071 66616666
1155 2987 1278 3064 versio,
1307 2996 1364 3050 aut
1384 2985 1450 3051 Dei
1477 2988 1637 3053 invocatio
1665 2990 1870 3074 designatum
1899 2993 1956 3057 sed
1985 2995 2041 3058 illa
2067 2995 2131 3058 im·

123 3081 171 3145 661
197 3081 306 3157 611616,
329 3080 383 3143 661
411 3080 448 3143 16
479 3077 654 3142 universali
681 3077 846 3158 desectione
874 3078 958 3157 toqai
986 3098 1050 3157 qna
1070 3098 1102 3142 66
1155 3076 1284 3156 piorum
1311 3074 1476 3151 anxietas,
1505 3095 1570 3156 qua
1596 3075 1633 3138 in
1659 3077 1756 3141 rebus
1783 3081 1939 3143 extremis
1965 3080 2133 3146 constricti

122 3167 244 3247 reprobi
265 3187 286 3229 a
307 3167 408 3230 661616
430 3163 583 3241 abdicant,
606 3164 1102 3241 611666661661661166,16161
1154 3168 1318 3243 coguntur
1341 3160 1515 3240 respicere,
1543 3161 1629 3241 qaod
1656 3172 1753 3226 antea
1775 3185 1888 3229 secure
1910 3166 2131 3249 negligebant,

123 3253 207 3335 iipes.
252 3251 319 3316 Eas
345 3256 448 3314 661616
474 3248 702 3331 implacabilem
723 3248 827 3312 116616
850 3250 964 3314 sentire
985 3251 1103 3313 miram
1154 3247 1215 3312 sibi
1237 3245 1321 3309 nihil
1341 3266 1411 3309 esse
1433 3246 1525 3322 boni,
1554 3247 1619 3310 nisi
1645 3249 1680 3311 in
1702 3249 1838 3313 Domini
1867 3236 1998 3315 auxilii.
2043 3252 2132 3317 Illud

121 3343 247 3414 666661,
262 3358 337 3417 qaas
351 3336 485 3400 1666666
502 3339 537 3399 16
548 3357 609 3400 666
621 3336 769 3398 canen-ica
781 3334 922 3415 affirmat
933 3337 1102 3417 confecisse
1154 3341 1264 3397 autem
1285 3352 1353 3394 non
1376 3341 1444 3394 tam
1465 3331 1659 3413 implorant,
1688 3356 1788 3416 quam
1809 3336 1870 3399 sibi
1893 3336 2039 3401 ablatam
2061 3359 2132 3403 6666

121 3419 883 3504 66166116666116666161661(116666.2,19).
907 3419 1101 3486 Sermonem
1154 3425 1301 3502 gemunt.
1346 3418 1462 3499 Itaque
1490 3418 1575 3481 nihil
1597 3419 1686 3483 aliud
1708 3423 1871 3505 significat
1892 3424 2052 3506 propheta
2073 3445 2133 3506 per

123 3506 288 3590 siquidem
310 3508 344 3571 in
365 3529 420 3571 666
442 3506 567 3589 dirigit,
598 3507 654 3588 qui
674 3506 865 3588 religionem
888 3507 1102 3571 christianam
1154 3505 1339 3581 clamorem,
1363 3504 1530 3584 apostolus
1549 3506 1794 3591 perlacrymas,
1818 3529 1916 3590 quam
1930 3519 2132 3574 tormentum

121 3618 157 3661 se
186 3604 336 3675 repetere
358 3614 452 3674 posse
474 3593 754 3675 imaginabantur,
785 3593 848 3657 etsi
871 3594 972 3657 semel
1000 3596 1040 3659 ab
1063 3616 1102 3658 ea
1154 3591 1237 3656 illud
1259 3590 1413 3654 horribile
1445 3591 1531 3672 quod
1557 3592 1676 3674 impios
1704 3616 1745 3658 ex
1768 3593 1991 3676 desperatione
2014 3598 2134 3661 611666

121 3682 324 3756 1616661666;
346 3701 425 3760 qnos
448 3679 488 3742 ab
508 3678 569 3743 hac
590 3679 673 3743 16166
694 3684 727 3742 66
746 3679 930 3760 perniciosa
951 3680 1102 3761 opinione
1156 3678 1336 3742 discruciat.
1383 3675 1451 3740 Hoc
1478 3677 2058 3763 111166616166161666616661611166
2078 3687 2132 3760 661,

122 3787 281 3842 avocans,
305 3764 491 3844 dicitquod
515 3765 724 3829 verissimum
746 3772 812 3842 est,
840 3787 906 3829 non
928 3775 1040 3847 patere
1061 3766 1103 3829 iis
1155 3764 1231 3846 qaia
1252 3783 1354 3827 secam
1371 3762 1491 3842 alloqui
1506 3765 1776 3846 66666161116166,
1799 3768 1854 3847 qai
1871 3790 1932 3848 prr
1948 3768 2133 3847 prophetam

122 3853 265 3919 reditum
288 3851 329 3915 ad
349 3851 475 3916 Christi
497 3851 767 3927 communionem,
790 3851 848 3933 qui
869 3872 942 3915 eam
964 3853 1103 3917 scientes
1155 3852 1282 3928 6161661,
1311 3850 1540 3930 repropitiant
1565 3852 1631 3931 1616
1657 3853 1754 3916 sinici
1782 3872 1818 3915 ac
1845 3873 2010 3916 6611661666
2034 3854 2134 3933 sne-rit

122 3940 270 4004 volentes
288 3936 492 4020 proiecerint.
527 3936 840 4015 Proiiciuntautcm,
864 3958 931 4000 nou
950 3937 1006 4019 qui
1023 3937 1103 4002 sim-
1149 3941 1292 4018 peccator
1320 3936 1546 4019 (661666.
1574 3937 1639 4020 21).
1690 3938 1734 4000 Et
1767 3939 2133 4019 (6666616616161616

122 4026 250 4108 pliciter
268 4023 426 4088 dissoluta
443 4023 532 4088 vitae
551 4022 681 4086 licentia
691 4023 829 4087 verbum
840 4023 979 4087 Domini
994 4032 1102 4089 trans·
1154 4024 1239 4107 11161)
1253 4022 1396 4086 66116616
1412 4022 1548 4086 leontinis
1566 4024 1599 4085 16
1616 4023 1730 4086 1661166
1747 4024 1865 4086 nectari
1882 4025 2020 4087 canitici
2035 4046 2133 4105 prae·

123 4111 335 4194 gradiuntur,
364 4108 422 4175 scd
450 4109 505 4192 qui
534 4115 640 4172 totam
668 4109 738 4173 eius
760 4108 943 4173 doctrinam
963 4131 1006 4173 ex
1027 4132 1102 4193 pro-
1155 4110 1291 4173 veniente
1310 4109 1399 4172 illins
1417 4109 1524 4189 pratia
1541 4113 1656 4172 certam
1673 4114 1724 4172 661.
1757 4109 1807 4173 Dc
1828 4110 2018 4174 ‘invocatione
2040 4113 2134 4175 ctiam

122 4198 207 4262 fesso
240 4197 400 4262 reiiciunt.
457 4197 548 4278 Ergo
573 4193 821 4278 paralogismus
854 4203 904 4260 est
936 4196 971 4259 16
1002 4197 1102 4261 verbo
1155 4215 1317 4274 66666661
1342 4195 1430 4275 161161
1449 4195 1629 4275 promissio.
1676 4194 1738 4257 Secl
1766 4197 1919 4260 6611661616
1946 4202 1973 4260 61
1994 4198 2132 4277 precatio

123 4283 371 4369 prolabcndiet
392 4282 556 4364 peccandi.
592 4278 757 4359 Quoniam
778 4281 904 4361 prolabi
925 4282 1102 4346 Novatiani
1154 4282 1324 4362 improprie
1345 4286 1470 4344 eocatnr
1487 4301 1610 4344 caecam
1631 4279 1712 4343 11161
1733 4286 1913 4344 tormenta-m
1935 4304 1994 4362 qao
2016 4282 2133 4345 distra-

123 4372 397 4452 interprctantur,
421 4370 449 4434 si
471 4368 562 4449 quis,
585 4365 657 4448 lege
679 4364 814 4428 Domini
837 4387 904 4430 non
926 4368 1102 4433 furandum
1155 4369 1271 4432 166161
1301 4367 1437 4448 reprobi,
1476 4387 1571 4447 gaam
1602 4366 1704 4430 Deam
1736 4367 1797 4430 sibi
1827 4368 2035 4447 quaerendam
2067 4386 2133 4432 esse

123 4478 183 4522 nec
205 4455 418 4520 scortandurn
435 4453 578 4530 edoctus,
601 4452 722 4520 afurto
743 4459 801 4514 ant
822 4455 1019 4518 scortatione
1036 4476 1103 4519 non
1154 4453 1257 4517 611661
1283 4458 1317 4515 ut
1344 4452 1504 4517 1116661661
1529 4453 1625 4516 malis
1658 4453 1728 4516 6616
1756 4454 1940 4530 remedium,
1975 4457 2003 4515 61
2030 4457 2132 4517 tamen

123 4541 293 4606 abstineat.
338 4543 386 4605 At
407 4549 521 4606 contra
542 4538 676 4604 subesse
697 4537 833 4601 tacitam
853 4539 1033 4604 antithesin
1055 4541 1102 4604 61·
1154 4540 1230 4619 6166,
1243 4559 1399 4603 accessum
1418 4539 1586 4621 resupinat.

122 4630 232 4705 firmo,
264 4629 300 4691 in
330 4648 396 4709 qua
424 4627 528 4708 repeti
555 4624 696 4690 debeant
723 4624 888 4687 contraria
920 4626 1032 4688 omnia
1062 4626 1102 4691 iis
1242 4630 1291 4688 25.
1341 4624 2132 4707 126661116116666,666166666166661616661616

124 4735 207 4795 quae
240 4713 333 4795 prius
362 4713 449 4777 dicta
475 4714 620 4790 fuerant;
653 4718 692 4773 nt
720 4709 773 4772 hic
805 4730 872 4772 non
904 4712 1102 4792 particulare
1149 4712 1339 4792 paenitentia
1365 4711 1492 4792 placari
1520 4711 1638 4789 Deam,
1673 4712 1820 4792 qnmncda
1852 4709 1974 4774 6661661
2002 4711 2133 4790 adeptas

124 4799 254 4882 aliquod
282 4800 415 4877 11611116,
446 4798 504 4862 661
531 4797 728 4861 universalis
756 4794 884 4858 aversio
912 4815 932 4857 6
953 4797 1041 4876 Ι)66,
1069 4806 1103 4863 66
1154 4798 1340 4877 6111161161,
1368 4796 2131 4881 61611661666111161161661616116111111166.

123 4886 239 4962 totius,
263 4892 301 4949 ut
321 4886 366 4948 ita
386 4886 516 4966 loquar,
539 4883 682 4948 hominis
704 4881 867 4963 apostasia
888 4882 1101 4964 exprimatur.
1156 4889 1206 4964 21,
1220 4886 1294 4970 27),·
1315 4904 1406 4965 qaem
1423 4891 1526 4949 166166
1543 4882 1803 4947 6666161661116
1818 4903 1936 4963 pacare
1951 4884 2133 4964 161666666-

124 4969 237 5050 Quum
264 4992 343 5054 ergo
369 4970 463 5048 dicit,
492 4990 546 5034 eos
572 4970 629 5051 qui
655 4967 800 5051 prolapsi
821 4967 903 5045 sint,
931 4978 1102 5052 postquam
1153 4976 1324 5036 sternctam
1345 4990 1384 5033 66
1402 4969 1521 5051 reliquo
1539 4970 1742 5034 1666166166
1764 4973 1902 5048 apparet.
1932 4966 2135 5052 161611661-

123 5056 225 5121 6611161
253 5056 430 5122 111616111661
457 5057 604 5133 16616116,
635 5060 852 5138 gustaverunt
879 5053 1001 5118 donum
1031 5077 1102 5122 cce-
1154 5054 2135 5138 1661666666,66661666661616616,166611166161166616·

122 5144 219 5223 leste,
244 5143 421 5228 participes
442 5142 519 5207 16661
540 5148 619 5227 sunt
640 5141 776 5224 spiritus
798 5141 918 5220 sancti,
947 5152 1103 5226 gustave-
1154 5143 1321 5208 6111661616
1353 5143 1561 5205 1661666166
1596 5141 1647 5206 iili
1676 5141 1834 5225 16111161)
1869 5141 2054 5205 humiliatas
2087 5148 2135 5207 661

121 5238 203 5296 runt
223 5231 323 5294 etiam
342 5229 467 5295 bonum
486 5227 553 5294 Dei
572 5225 726 5308 verbam,
747 5225 951 5311 virtutemne
972 5230 1105 5297 1666611
1154 5249 1258 5295 coram
1288 5228 1372 5308 Ι)66
1401 5229 1456 5294 661
1480 5247 1604 5311 param
1632 5227 1697 5310 snit
1727 5232 1822 5293 666166
1851 5227 2003 5306 scindere,
2035 5247 2134 5310 66661

1870 5328 1926 5381 29*
2062 5345 2064 5349 ·
