4672 5842
163 308 225 371 885
523 304 613 370 LIB.
636 304 697 369 IV.
741 305 805 370 DE
826 302 1064 370 EXTERNIS
1085 303 1252 372 MEDHS
1274 306 1339 372 AD
1362 304 1593 375 SALUTEM
1639 309 1738 378 OAP.
1760 311 1805 378 X.
2104 317 2169 379 8811

160 495 314 558 rtescirent
334 494 456 558 iudicia
475 494 521 558 rel
541 497 659 559 8181818
680 493 745 557 Dei
765 498 866 558 181188
886 492 983 558 illius.
1023 493 1138 574 Quaen
1191 499 1241 559 eet
1260 514 1358 575 quam
1379 497 1536 561 arcaturis
1558 498 1747 580 imperium3
1769 500 1824 565 ubi
1853 499 1967 583 religio
1990 500 2032 586 (si
2055 512 2166 568 tamen

160 582 211 645 ais
228 582 263 643 in
280 581 482 645 cauenmniis
498 579 580 644 nibil
595 585 780 660 peccassent,
802 599 864 643 itan
885 585 988 644 tamen
1005 580 1139 660 probata
1190 580 1305 662 religio
1327 582 1437 645 vocari
1459 603 1497 646 aa
1518 584 1681 668 moretur)
1699 585 1848 666 pluribus
1870 587 2040 670 magisque
2062 589 2167 654 insul-

159 667 272 748 fuisset
292 667 360 731 Dea
384 667 638 747 transponam
660 666 715 729 sed
736 666 862 729 interim
879 665 978 728 celtus
995 667 1049 728 sui
1075 667 1139 730 aio-
1191 667 1235 732 sis
1258 667 1547 748 superstitionibus
1571 679 1789 752 aonepuroata
1805 679 1869 749 est,
1893 693 1991 754 quam
2014 674 2083 738 ulla
2104 697 2167 739 un-

159 753 314 830 lationem,
337 753 419 832 quad
440 752 577 816 limnines
602 751 707 816 aliena
735 773 756 815 a
782 751 871 815 uerbo
893 771 950 815 suo
972 757 1137 816 commenta
1190 772 1289 836 quam
1316 755 1496 836 paganitas.
1543 753 1633 835 Quid
1661 757 1750 819 enim
1778 765 1889 840 posset
1914 778 2030 841 parere
2060 761 2166 824 homi-

161 841 348 921 inpererent,
376 838 486 902 uacua
514 859 575 901 non
603 838 727 902 destitit.
778 837 864 902 Unde
880 842 990 928 postea
1011 839 1137 917 dieitur,
1190 859 1272 903 num
1294 860 1409 903 sensus
1426 860 1526 922 quam
1548 842 1693 905 earnalia
1708 844 1863 925 fatuaque
1885 845 2003 923 omnia,
2027 853 2167 931 atquae

155 945 259 1007 poeria
276 923 334 988 illa
350 926 474 988 territas
491 924 575 987 ritus
591 925 627 986 in
648 923 711 1006 lepe
722 923 934 1005 praescriptas
950 925 1138 1004 suscepisse,
1190 946 1266 989 suos
1287 934 1419 989 autores
1441 948 1519 990 vere
1541 928 1707 991 referant?

161 1012 216 1075 sed
238 1010 313 1091 quia
334 1011 472 1073 normam
488 1031 571 1091 pure
592 1009 725 1073 calebant
751 1030 859 1074 aer-um
880 1009 993 1087 Dauus,
1022 1010 1138 1075 11818-
1276 1017 1326 1074 25.
1367 1012 1456 1091 Quod
1472 1014 1567 1076 etiam
1583 1013 1743 1078 attendunt
1761 1017 2013 1095 superstitionum
2025 1019 2165 1096 patroni,

156 1099 291 1178 petitia,
321 1096 463 1160 timuisse
489 1097 596 1174 ipsum
617 1101 645 1159 et
666 1116 726 1158 881
747 1096 897 1159 timuisse.
949 1095 1138 1160 [1811888111-
1192 1097 1367 1161 Samuelem
1383 1099 1577 1178 sacriticasse
1593 1100 1629 1162 in
1647 1100 1816 1177 llamatlia,
1835 1106 1862 1164 et
1879 1103 2025 1182 quamuis
2038 1107 2167 1181 praeter

160 1185 275 1267 pimus,
292 1187 418 1261 partem
434 1182 620 1246 reuerentiae
636 1202 715 1262 qaae
732 1183 781 1245 illi
798 1182 945 1262 defertur,
968 1183 1003 1244 iu
1019 1203 1052 1246 eo
1074 1201 1138 1247 esse
1190 1184 1283 1266 leqem
1311 1183 1346 1246 ta
1369 1182 1456 1262 fieret
1471 1179 1643 1264 placuisse
1659 1191 1760 1250 tamm
1781 1187 1850 1251 Deo
1872 1190 1902 1272 (l
1930 1185 2019 1252 Sam.
2046 1193 2073 1264 7,
2101 1187 2164 1271 17),

156 1270 305 1349 positam,
327 1269 404 1333 durii
420 1269 456 1331 in
477 1268 529 1331 illo
552 1268 672 1332 88181118
693 1268 878 1348 simpliciter
898 1268 979 1347 quad
1001 1269 1137 1346 marrdat
1188 1269 1298 1350 facilis
1318 1269 1429 1334 solutio
1449 1276 1509 1334 est:
1529 1291 1590 1334 non
1610 1271 1709 1351 fuisse
1729 1273 1897 1336 secunlum
1918 1273 2045 1355 aliquod
2066 1274 2167 1338 altare

162 1355 268 1419 nullas
290 1360 413 1426 nostras
434 1355 620 1418 inperitiores
647 1355 802 1418 mucenda
823 1354 990 1432 sequimur.
1034 1353 1139 1435 Atque
1190 1356 1272 1435 quod
1293 1355 2165 1439 88188881888181881111188811111181888188118118
2208 1374 2212 1383 ’

161 1442 231 1505 ideo
253 1440 381 1519 saepius
401 1439 573 1503 laudaretur
589 1441 642 1521 pii
664 1461 762 1521 rqqcs,
785 1439 866 1520 quael
886 1440 1013 1521 fecerint
1034 1460 1139 1504 secun
1189 1442 1362 1506 aest-nurus
1383 1446 1448 1504 erat
1471 1441 1561 1519 locus,
1584 1444 1733 1524 oppidum
1751 1443 1804 1506 ubi
1826 1443 1982 1507 lectitabat
1998 1445 2166 1524 comitialis

161 1529 237 1591 ulum
260 1528 366 1589 omnia
382 1532 559 1607 praccepta,
586 1546 640 1589 ecee
667 1526 887 1589 ‹ledinaacrint
908 1527 955 1589 cel
976 1527 1018 1589 ad
1040 1526 1139 1589 dacte-
1189 1528 1361 1592 destituisse
1376 1531 1526 1606 turaquam
1542 1531 1678 1592 rinnaime
1699 1529 1895 1603 cornmodum.
1935 1529 2021 1594 Certe
2038 1526 2165 1593 animus

161 1632 234 1677 ram
258 1611 312 1676 ael¹
332 1612 375 1675 ad
401 1612 573 1675 sinistram.
625 1602 716 1676 Ultia
737 1612 938 1692 propredior,
962 1613 1084 1676 etiamsi
1103 1613 1139 1675 in
1190 1615 1290 1676 sancti
1305 1611 1476 1693 propbetas
1497 1634 1558 1676 888
1583 1615 1647 1694 fuit
1668 1615 1840 1695 quidquam
1861 1636 1976 1679 euocare
1996 1616 2031 1679 iu
2052 1617 2163 1692 sacris,

161 1698 364 1763 commentitia
385 1698 492 1778 aliquo
514 1697 596 1760 cultu
612 1697 724 1776 palam
742 1718 803 1761 sion
826 1703 955 1777 apparet
982 1698 1137 1777 impietas,
1190 1699 1244 1762 ubi
1265 1697 1355 1762 Deus
1375 1703 1439 1761 tam
1462 1704 1544 1762 arcte
1566 1699 1685 1762 adulat
1704 1701 1782 1764 addi
1802 1701 1849 1764 ael
1871 1701 1980 1763 minaei.
2019 1701 2107 1782 Quod
2125 1702 2167 1765 ad

160 1790 385 1859 sanctaenon
407 1805 427 1847 a
448 1785 567 1862 spiritu
587 1782 765 1861 (terirentur,
787 1805 826 1846 ecc
848 1803 907 1863 quo
927 1803 947 1846 a
964 1782 1028 1846 Dei
1044 1805 1139 1864 prae-
1189 1785 1361 1864 eaemplum
1384 1783 1520 1848 Meneta
1537 1790 1652 1865 spectat
1674 1785 1759 1867 (Iud.
1788 1792 1835 1863 13,
1862 1787 1925 1871 19),
1949 1786 2169 1851 entraordina-

127 1919 130 1925 .
160 1877 244 1951 cepto
266 1871 434 1934 incusum
456 1875 508 1933 est.
553 1869 663 1933 Altera
686 1869 805 1945 Aeliae,
830 1869 920 1932 errius
943 1869 1139 1948 eaerrplarc
1189 1872 1274 1933 rtrum
1296 1876 1324 1934 et
1344 1870 1505 1952 siaprdare
1524 1871 1625 1952 fuisse
1646 1872 1723 1935 dica
1772 1872 1887 1937 Oltulit
1907 1872 1959 1935 ille
1979 1871 2047 1936 Deo
2069 1873 2168 1936 sacri-

163 1956 315 2021 &inuria
337 1956 462 2020 illatum
483 1961 558 2032 erat,
580 1955 682 2019 uideri
698 1956 803 2035 potuit
829 1975 941 2036 cupere
962 1955 1069 2034 tanpli
1091 1976 1138 2018 or·
1188 1956 1296 2036 picium
1327 1956 1415 2018 18118
1442 1957 1609 2036 priuatus,
1650 1977 1703 2021 ricc
1735 1959 1803 2021 sine
1834 1957 1898 2022 Dei
1930 1957 2167 2038 approbatione:

160 2047 278 2120 rictum,
301 2061 397 2121 quum
418 2043 488 2106 8188·
508 2041 670 2105 emsilium
688 2047 764 2106 esset
785 2041 843 2105 soli
864 2039 932 2103 Deo
953 2041 1020 2105 illic
1040 2042 1139 2104 sacri-
1190 2063 1297 2122 nempe
1323 2042 1400 2122 quia
1424 2062 1486 2105 uon
1513 2044 1675 2107 nmerario
1703 2045 1804 2106 antimi
1831 2045 1884 2108 sui
1910 2049 2003 2122 rrtotu,
2033 2044 2168 2118 8811888-

159 2129 234 2209 titia
261 2129 384 2208 offerre,
413 2128 494 2207 quael
515 2126 712 2206 splendidius
731 2128 876 2207 facturus
897 2132 965 2190 erat
986 2146 1081 2207 pram
1102 2128 1138 2190 in
1191 2129 1259 2192 testi
1281 2128 1429 2191 instinctu
1451 2127 1505 2191 boc
1527 2130 1668 2207 suscepit.
1717 2131 1908 2210 Quantopere
1927 2135 2031 2192 autem
2053 2129 2167 2192 818181

154 2216 262 2297 prium
283 2219 311 2278 et
332 2219 446 2278 cetuna
463 2214 575 2277 altari:
596 2213 737 2277 1111811188
757 2218 860 2276 tamen
877 2217 912 2275 nt
928 2213 1062 2292 spiritus
1079 2234 1137 2276 au·
1189 2219 1280 2278 iretur
1308 2212 1396 2276 Deus
1423 2233 1503 2294 quae
1529 2215 1675 2279 mortales
1702 2235 1741 2278 ca
1769 2235 1801 2279 se
1829 2217 1911 2295 ipsis
1932 2217 2104 2297 meapitant
2124 2216 2167 2278 ad

160 2301 287 2365 daciam
308 2299 399 2365 illam
419 2301 589 2374 detestetur,
612 2319 673 2362 uon
695 2300 761 2362 (dia
783 2300 820 2362 de
840 2318 947 2376 causa,
970 2301 1033 2362 nisi
1055 2299 1138 2378 quod
1191 2321 1260 2363 eum
1281 2298 1447 2376 colendum,
1471 2301 1549 2363 alter
1571 2321 1633 2364 nan
1660 2300 1794 2381 iriseriar
1816 2300 1951 2365 Menalca
1976 2300 2098 2365 Gedcou
2119 2301 2168 2365 in-

160 2387 321 2450 bominum
348 2387 474 2450 ireaenta
503 2387 537 2448 in
559 2383 623 2448 Dei
650 2386 734 2449 cultu
756 2386 899 2464 iunmuac
920 2390 992 2447 sarit
1013 2404 1139 2465 corrup-
1190 2386 1274 2468 siqui
1300 2385 1476 2449 documento
1503 2391 1556 2463 est,
1585 2387 1675 2450 cuius
1703 2386 1800 2465 ephod
1828 2407 1889 2450 amn
1910 2387 1998 2450 mado
2020 2389 2049 2450 ei
2071 2392 2099 2450 et
2118 2386 2168 2467 fa-

160 2473 238 2537 telac
260 2473 293 2552 (2
313 2472 393 2554 Beg.
418 2479 464 2549 lt,
488 2471 550 2551 10).
586 2470 711 2550 Eique
732 2469 820 2534 nobis
841 2470 961 2534 clarius
977 2470 1137 2551 patefacta
1189 2472 1306 2550 indiae,
1327 2471 1381 2535 sed
1402 2473 1456 2534 toti
1473 2472 1588 2551 populo
1610 2473 1701 2537 cessit
1721 2473 1757 2535 in
1777 2473 1908 2536 ruinam
1935 2472 2022 2554 (Iud.
2045 2477 2074 2550 8,
2099 2476 2165 2555 27).

161 2563 207 2624 est
223 2558 286 2622 Dei
304 2558 452 2635 uolumus,
475 2559 581 2621 minus
599 2556 787 2621 excusabilis
804 2557 976 2636 qrrictquam
1000 2557 1138 2620 tentandi
1189 2558 1334 2638 Denique
1358 2557 1531 2620 adventitia
1559 2557 1708 2638 quaelibet
1734 2560 1878 2637 inventio,
1905 2580 1968 2639 qua
1989 2559 2095 2623 Deum
2116 2557 2168 2621 ba

154 2644 325 2725 protermc.
369 2645 419 2708 Ac
434 2644 569 2725 proinde
589 2643 699 2707 aurita
720 2647 911 2724 8991888181
932 2641 989 2707 leae
1010 2644 1139 2706 eircum—
1189 2646 1289 2707 mines
1306 2642 1399 2706 881818
1416 2647 1571 2724 oppetunt,
1590 2644 1671 2707 nillil
1687 2644 1777 2707 aliud
1794 2649 1838 2709 est
1855 2664 1949 2724 quam
1967 2665 2057 2709 aerae
2079 2663 2169 2708 sanc·

160 2731 277 2795 8181118
303 2730 422 2794 crimen
445 2729 599 2794 Manasse
626 2729 660 2812 (t
683 2729 767 2810 Rag.
792 2732 842 2805 21,
868 2728 912 2811 3),
936 2729 1016 2809 quod
1038 2729 1139 2792 altare
1189 2728 1492 2808 tinwrtiacpollutio.
1799 2750 1802 2757 ·

160 2836 270 2881 imaum
299 2818 487 2880 acstrrraerit
508 2817 544 2879 in
566 2815 755 2891 Ierusalem;
778 2815 815 2877 alc
837 2835 899 2895 qua
915 2815 1139 2894 pronuntiare·
1276 2818 1326 2877 26.
1372 2812 1442 2878 Our
1461 2814 1572 2896 igitur,
1596 2814 1759 2896 inquiunt,
1783 2816 1862 2879 ferri
1883 2815 1989 2880 voluit
2010 2813 2166 2879 Christus

159 2908 211 2967 rat
233 2903 337 2969 Deus:
352 2921 472 2983 ponam
488 2901 555 2966 illic
576 2921 686 2966 nemen
707 2920 826 2979 meam;
846 2903 924 2980 quia
941 2919 1024 2964 nunc
1045 2901 1138 2980 quasi
1189 2921 1290 2964 onera
1299 2898 1681 2982 illaimportabiliaquae
1695 2900 1876 2984 alligabant
1888 2902 2013 2966 scribae
2029 2908 2064 2964 81
2074 2901 2165 2965 Pha-

160 3010 199 3052 ea
214 2989 357 3068 professo
376 2990 536 3069 respmitur
557 2987 621 3052 Dei
642 2988 803 3052 autoritas.
1189 2986 1290 3050 risaei
1312 2986 1448 3068 (Matth.
1474 2989 1523 3065 23,
1548 2984 1604 3070 3)?
1649 2987 1721 3050 Imo
1750 3007 1809 3050 cur
1832 2987 1909 3051 ahbi
1939 2986 2029 3071 (ibid.
2057 2991 2105 3064 16,
2130 2985 2165 3071 6)

249 3076 298 3136 24.
341 3074 510 3138 Mirantur
538 3073 686 3156 plerique
714 3095 773 3137 eur
794 3069 873 3135 adeo
895 3071 1015 3135 8811181
1035 3071 1137 3134 inter·
1189 3072 1276 3136 idem
1304 3071 1458 3137 Christus
1487 3073 1597 3137 881811
1624 3072 1728 3137 voluit
1755 3094 1775 3137 a
1800 3074 1962 3138 fermento
1989 3073 2167 3137 Pharisae-

161 3160 306 3222 minetur
331 3159 496 3223 Dominus
529 3182 564 3224 se
592 3161 755 3225 facturum
783 3157 943 3239 stupenda
974 3156 1138 3240 populoa
1190 3158 1308 3221 orum?
1331 3159 1539 3235 fermentum,
1561 3159 1742 3240 interprete
1761 3159 1931 3223 Matthaeo
1953 3158 2165 3242 evangelista,

161 3265 226 3326 quo
248 3245 412 3310 mandatis
434 3246 602 3309 hominum
625 3245 799 3321 colebatur,
821 3252 855 3307 81
877 3265 911 3308 88
932 3244 1055 3307 frustra
1077 3244 1138 3308 8811
1189 3243 1358 3327 appellans
1380 3243 1538 3325 quidquid
1554 3245 1706 3327 propriae
1725 3245 1892 3310 doetrinae
1909 3244 2003 3310 verbi
2019 3245 2084 3309 Dei
2105 3265 2167 3326 pu-

161 3331 353 3412 pronuntiet
386 3331 557 3395 hominum
585 3332 773 3413 praeceptis.
824 3331 872 3393 At
897 3330 926 3393 si
951 3336 1138 3411 spectarent
1189 3330 1279 3393 rituti
1307 3329 1534 3394 admiscerent.
1580 3330 1671 3410 Quid
1698 3332 1843 3413 apertius
1871 3331 2037 3409 volumus,
2066 3351 2167 3413 quam

162 3416 242 3497 quid
270 3418 312 3480 sit
338 3417 374 3479 in
401 3417 577 3500 religionis,
606 3418 667 3482 hoe
695 3425 753 3494 est,
782 3416 931 3480 eoelestis
958 3417 1137 3497 sapientiae
1190 3414 1275 3498 quod
1308 3424 1413 3479 totam
1446 3437 1559 3480 eorum
1591 3416 1775 3481 doctrinam
1809 3416 1960 3481 iubemur
1986 3418 2099 3500 fugere
2134 3424 2168 3480 et

161 3523 262 3567 causa
284 3501 324 3566 ab
345 3524 411 3567 uno
433 3503 497 3567 Dei
519 3524 575 3567 818
600 3502 751 3585 pendere,
779 3502 878 3566 simul
899 3502 1049 3566 viderent
1070 3523 1137 3566 non
1189 3501 1325 3566 8818181
1370 3501 1466 3568 Unde
1493 3501 1586 3567 nobis
1615 3503 1835 3568 certissimum
1863 3504 1909 3581 fit,
1933 3524 2040 3585 neque
2063 3502 2167 3567 altero

161 3589 269 3652 levam
296 3608 367 3653 8888
394 3590 554 3652 rationem
576 3611 635 3654 cur
656 3610 812 3671 perversa
834 3587 1022 3651 huiusmodi
1044 3588 1136 3653 obse-
1188 3588 1257 3653 loco
1285 3586 1470 3652 Dominum
1505 3588 1648 3653 voluisse
1681 3610 1818 3654 suorum
1848 3589 2061 3654 conscientias
2090 3609 2166 3670 pro-

161 3675 238 3756 quia
259 3674 305 3737 sia
327 3674 530 3738 abominetur
549 3675 719 3753 Dominus,
741 3694 824 3755 quae
845 3694 904 3756 pro
928 3673 1064 3736 humani
1084 3675 1136 3736 in·
1188 3674 1270 3756 priis
1291 3675 1545 3739 Pharisaeorum
1573 3674 1803 3740 traditionibus
1830 3676 1952 3740 vexari.
1998 3676 2044 3737 Et
2064 3673 2166 3738 verba

162 3760 250 3843 genii
270 3759 404 3824 libidine
417 3760 477 3823 eibi
495 3769 713 3842 praestantur.
748 3759 834 3824 Nam
847 3760 976 3823 tametsi
995 3760 1136 3840 speeiem
1187 3761 1274 3842 ipsa,
1303 3760 1451 3824 simodo
1479 3782 1546 3835 non
1575 3770 1806 3844 torqueantur,
1834 3761 1917 3824 nihil
1946 3760 2012 3823 1818
2034 3766 2161 3822 sonant.

162 3846 286 3910 habent
314 3844 477 3928 quandam
500 3845 696 3910 humilitatis
717 3848 753 3909 in
776 3867 837 3910 sua
859 3845 920 3909 hac
942 3843 1135 3924 obedientia,
1188 3845 1262 3909 Illic
1293 3844 1455 3928 siquidem
1483 3848 1663 3924 Dominus,
1697 3846 1812 3911 acerbe
1845 3847 1880 3908 in
1908 3845 2164 3908 Pharisaeorum

161 3933 217 4014 qui
241 3931 400 3996 eiusmodi
418 3930 543 4014 legibus
565 3933 600 3995 in
618 3932 682 3996 Dei
700 3931 825 3996 cultum
843 3939 975 4013 parant,
999 3931 1136 3995 minime
1188 3953 1296 3996 mores
1323 3933 1437 3997 invehi
1463 3933 1648 4009 instituens,
1677 3932 1869 4013 simpliciter
1897 3931 1974 3994 suos
1997 3929 2162 3995 auditores

162 4026 273 4082 18111811
302 4027 381 4082 sunt
407 4039 518 4083 eoram
539 4018 610 4081 Deo
639 4017 789 4095 humiles,
813 4018 865 4081 aui
888 4016 1020 4082 88811811
1040 4039 1137 4100 praa·
1189 4025 1267 4082 ante
1289 4016 1464 4095 erudiebat,
1494 4027 1532 4081 ut
1553 4038 1742 4099 quanquam
1770 4016 1853 4079 nihil
1875 4017 1910 4079 in
1938 4015 2072 4083 illorum
2092 4014 2164 4081 1118

162 4103 311 4169 scribunt
336 4104 426 4186 loges
453 4125 533 4185 quas
560 4104 622 4184 ipsi
650 4111 792 4167 servant.
836 4104 1029 4168 Haecvero
1052 4104 1136 4168 18118
1189 4112 1362 4168 cernerent
1387 4101 1472 4186 quod
1499 4112 1728 4183 sequerentur,
1757 4122 1823 4165 non
1853 4110 1964 4165 tamen
1991 4124 2030 4166 ea
2056 4103 2163 4166 facere

163 4198 213 4254 881
234 4212 292 4255 aur
313 4211 374 4254 nos
391 4197 461 4254 tam
478 4187 652 4271 diligenter
673 4210 788 4253 881818
809 4189 881 4253 vult
902 4191 1027 4254 Paulus
1050 4188 1134 4274 (Col.
1188 4189 1374 4255 desinerent
1401 4208 1483 4269 quae
1510 4188 1609 4252 verbo
1637 4188 1803 4264 docebant,
1826 4209 1927 4269 quum
1949 4188 1985 4252 in
2006 4187 2163 4253 cathedra

164 4279 197 4353 2,
221 4276 265 4359 4),
295 4298 336 4340 ne
364 4276 564 4357 decipiamur
590 4296 650 4357 per
665 4273 868 4339 traditiones
890 4275 1075 4352 hominum,
1104 4285 1138 4340 81
1188 4276 1299 4352 Μ8818,
1340 4275 1400 4339 hoo
1432 4282 1491 4351 est,
1524 4272 1566 4336 ad
1599 4273 1816 4338 enarrandam
1847 4274 1964 4356 legem,
2000 4274 2161 4338 sederent.

162 4360 252 4428 illam
270 4383 368 4444 quam
386 4368 483 4426 18881
503 4365 766 4442 ἐθελοθρησκείαν,
788 4359 892 4425 idest
911 4360 1135 4425 voluntarium
1187 4362 1263 4426 Non
1291 4381 1369 4443 ergo
1396 4358 1485 4424 aliud
1514 4360 1617 4423 voluit
1637 4381 1736 4442 quam
1758 4380 1971 4441 praecavere,
2002 4381 2043 4423 ne
2065 4358 2163 4422 malis

162 4447 295 4526 8111111111,
317 4457 350 4512 81
370 4456 501 4531 praeter
518 4447 581 4511 Dei
605 4446 787 4511 doctrinam
810 4444 851 4509 ab
869 4446 1055 4512 hominibus
1077 4469 1135 4510 ex·
1188 4446 1374 4511 docentium
1396 4445 1554 4527 exemplis
1576 4445 1667 4527 plebs
1684 4445 1726 4509 ad
1748 4453 1972 4528 contemptum
1995 4445 2163 4510 doctrinae

162 4533 349 4614 cogitatum.
394 4532 451 4599 Sia
474 4541 524 4598 est
540 4532 697 4616 profesto:
723 4529 910 4594 stulteseere
935 4539 968 4597 81
990 4544 1136 4596 nostram
1187 4531 1405 4597 induceretur.
1455 4532 1583 4595 Verum
1610 4533 1686 4614 quia
1713 4532 1864 4596 nonnulli
1891 4531 2070 4595 rationibus
2099 4530 2162 4593 mi-

163 4617 353 4700 nobisipsis
371 4621 569 4684 etomnium
589 4616 760 4682 hominum
783 4617 975 4697 sapientiam
997 4625 1134 4700 oportet,
1187 4618 1276 4682 nima
1304 4625 1552 4700 permoventur,
1585 4619 1795 4682 autoritatem
1823 4640 1951 4699 semper
1980 4617 2161 4699 requirunt,

162 4723 227 4785 quo
248 4703 354 4767 solum
374 4705 468 4769 illum
493 4726 607 4788 sapere
633 4703 870 4786 permittamus.
916 4702 1025 4782 Quam
1047 4704 1136 4768 viam
1186 4704 1357 4769 subiiciam
1384 4705 1562 4786 Augustini
1576 4705 1601 4788 ¹)
1628 4703 1739 4782 verba,
1772 4703 1889 4785 quibus
1916 4703 2005 4767 idem
2027 4723 2162 4785 prorsus

162 4788 298 4852 minime
325 4799 438 4855 tenent
465 4793 522 4873 qui
549 4789 697 4856 confictis
727 4787 897 4851 hominum
921 4789 1056 4853 arbitrio
1078 4790 1135 4854 ob·
1187 4789 1319 4854 dieitur:
1340 4789 1439 4853 habet
1455 4791 1541 4855 81118
1558 4791 1693 4854 Domini
1712 4790 1913 4873 praepositos
1931 4789 2051 4871 partim
2068 4787 2161 4865 fidos,

161 4874 422 4954 servatiunaulis,
444 4877 492 4940 illi
509 4898 544 4942 88
565 4876 746 4959 approbare
763 4873 970 4952 meditantur,
993 4881 1022 4940 ct
1042 4877 1136 4957 quasi
1185 4875 1308 4959 partim
1333 4875 1567 4954 mercenariam
1597 4875 1774 4958 praepositi
1798 4876 1854 4957 qui
1883 4873 1940 4938 fidi
1968 4885 2061 4953 sunt,
2090 4874 2162 4939 1811

160 4960 259 5025 invto
280 4963 577 5043 praevaricatrices
605 4983 680 5046 erpa
707 4981 777 5025 eum
803 4961 1037 5042 abutentium,x
1056 4983 1134 5043 qaae
1186 4968 1264 5026 sunt
1294 4970 1452 5044 pastores:
1487 4960 1598 5026 audite
1630 4969 1750 5041 tamen,
1786 4959 1873 5043 quod
1906 4968 1940 5026 et
1967 4959 2164 5028 meroenarii

161 5046 339 5112 ammam
363 5049 515 5131 1181811141,
548 5049 721 5114 chaudum
771 5044 923 5127 Qualiter
951 5054 985 5110 81
1013 5047 1135 5130 aliquot

160 5141 239 5199 ante
266 5133 404 5199 saeeuhs
430 5144 464 5200 et
490 5145 603 5201 1188118
627 5132 785 5200 memoria
813 5133 937 5199 laetum
959 5140 1018 5213 est,
1042 5141 1076 5197 et
1095 5134 1135 5197 fit

160 5219 259 5285 1101116
276 5238 405 5303 quoque
425 5220 462 5284 ln
482 5220 622 5289 11810018
641 5222 678 5287 111
698 5221 817 5303 quibus
838 5227 1009 5287 creaturae
1030 5219 1134 5304 pluri!
1258 5237 1285 5304 l)
1304 5239 1419 5304 August.
1438 5237 1466 5288 in
1484 5236 1578 5289 Ioann
1597 5242 1676 5288 tract
1696 5233 1738 5301 46,
1757 5235 1775 5288 b
1792 5253 1848 5307 seq.

1903 5321 1959 5378 ὃὸ*
