4672 5842
133 328 197 390 259
479 328 569 394 LIB.
592 328 637 394 Π.
681 328 747 393 DE
769 326 1057 409 ΟΟΘΝῙΤΙΟΝΕ
1077 327 1161 395 DEI
1181 328 1527 397 REDEMPTORIS.
1572 329 1792 398 66161111.
1859 424 1862 429 ν
2074 336 2138 401 270

135 524 239 580 666616
272 516 357 580 ferre
396 537 464 579 non
496 525 617 600 potest,
656 517 692 581 16
723 517 992 600 promissionibus
1024 538 1111 596 vero,
1164 517 1236 583 aliis
1265 539 1363 599 super
1382 517 1445 582 alia
1462 518 1686 602 contingendis
1710 527 1743 582 et
1769 518 1926 602 cudendis
1953 522 2140 606 prodigiose

135 608 267 683 praeter
285 622 451 665 summum
470 622 549 684 erga
566 603 726 668 iustitiam
738 623 882 667 amorem
894 603 1006 687 (quem
1019 622 1112 684 prae-
1163 604 1358 668 laboramus.
1402 604 1491 668 Huic
1513 603 1659 668 sanando
1681 604 1761 670 vitio
1781 603 1962 669 remedium
1980 609 2141 690 optimum

135 688 202 751 mio
224 687 377 752 fraudare
398 709 466 751 non
484 689 639 772 sustinet)
657 690 742 753 mira
759 708 888 771 quoque
910 690 981 752 eius
997 688 1112 771 benig·
1165 689 1242 766 erit,
1271 690 1300 754 61
1329 696 1516 754 constanter
1543 689 1700 754 insederit
1727 690 1808 755 haec
1836 692 2001 773 cogitatio:
2032 693 2140 777 legem

134 775 223 837 nitas
249 772 457 856 approbatur.
502 774 589 837 Nam
618 775 818 856 quumeius
846 774 1008 839 1661666661
1036 794 1113 838 cum
1164 777 1259 840 nobis
1288 796 1358 840 esse
1381 775 1538 840 divinitus
1563 775 1734 853 traditam,
1762 797 1845 858 quae
1874 799 1934 842 nos
1962 780 2139 860 perfectam

135 859 258 923 nostris
278 859 431 924 omnibus
453 861 557 924 simus
580 860 738 939 obaerati,
764 861 836 924 iure
865 860 988 943 optimo
1017 859 1112 942 quid·
1164 862 1323 926 iustitiam
1351 861 1513 941 edoceret;
1539 861 1607 926 illic
1629 883 1695 925 666
1723 861 1820 926 aliam
1848 863 2008 929 iustitiam
2029 864 2139 930 doceri
2256 905 2264 918 »

44 941 57 953 “
135 944 216 1026 quid
244 945 383 1026 requirit
409 964 429 1008 a
454 944 566 1023 nobis,
597 954 756 1028 tanquam
782 944 927 1011 debitum
957 946 1111 1028 reposcit;
1165 948 1229 1011 nisi
1250 966 1334 1029 quae
1357 945 1399 1011 ad
1420 949 1658 1030 praescriptum
1677 946 1808 1013 divinae
1830 948 2008 1014 voluntatis
2026 952 2138 1034 exiga-

136 1030 238 1094 debiti
261 1038 372 1095 autem
400 1031 518 1097 solutio
547 1032 813 1096 remuneratione
841 1030 941 1116 digna
962 1052 1030 1095 non
1052 1038 1110 1096 est.
1165 1040 1234 1111 tur;
1258 1034 1381 1097 frustra
1408 1033 1510 1116 igitur
1538 1054 1641 1097 novas
1668 1053 1803 1114 operum
1826 1034 1946 1099 formas
1965 1035 2007 1100 ad
2029 1035 2138 1102 demo·

135 1115 214 1180 Iure
239 1117 341 1200 igitur
367 1137 426 1181 suo
461 1115 589 1181 decedit
618 1138 719 1199 quum
747 1118 931 1201 praemium
959 1117 1113 1199 proponit
1164 1119 1304 1184 rendum
1330 1120 1441 1183 Deum
1468 1119 1602 1196 tentari,
1637 1119 1730 1184 cuius
1752 1120 1918 1201 legitimus
1940 1120 2048 1186 cultus
2069 1121 2139 1187 sola

135 1204 257 1267 nostris
279 1201 449 1284 obsequiis,
472 1224 555 1285 quae
577 1224 645 1266 666
661 1204 748 1269 61616
772 1224 830 1268 666
851 1202 996 1268 indebita
1018 1203 1111 1267 exhi·
1164 1211 1291 1269 constat
1319 1203 1510 1268 obedientia.
1561 1203 1651 1285 Quin
1685 1206 1808 1286 potius,
1838 1206 1923 1286 quod
1950 1213 2045 1271 extra
2073 1207 2138 1272 Dei

133 1288 263 1353 bentur.
320 1287 409 1369 Quid
434 1296 544 1352 autem
571 1289 662 1372 ipsae
689 1287 784 1352 nobis
810 1310 869 1371 per
892 1290 931 1353 Ι66
960 1289 1109 1367 afferant,
1162 1291 1270 1374 legem
1292 1298 1449 1373 evagetur
1470 1291 1631 1355 bonorum
1654 1311 1788 1373 operum
1811 1290 1964 1368 studium,
1994 1314 2065 1358 esse
2087 1290 2136 1357 di-

128 1375 253 1453 partim
285 1375 403 1439 dictum
429 1379 486 1454 est,
515 1376 638 1454 partim
666 1375 786 1439 61611116
816 1376 932 1440 iterum
963 1395 1019 1439 6116
1049 1374 1111 1439 loco
1162 1377 1259 1441 vinae
1281 1397 1441 1458 veraeque
1463 1375 1606 1440 iustitiae
1627 1397 1693 1440 non
1714 1374 1918 1440 tolerandam
1939 1378 2137 1460 6161666616·
2174 1383 2177 1389 ’

135 1460 312 1542 apparebit
359 1458 448 1525 Satis
475 1461 511 1524 in
543 1461 804 1543 praesentiscat,
843 1461 871 1524 si
896 1467 1045 1525 tenemus
1073 1480 1111 1525 ac
1163 1484 1246 1526 nem.
1291 1462 1472 1526 Verissime
1503 1482 1629 1544 quoque
1656 1462 1878 1544 Augustinus,
1902 1460 1927 1546 ¹)
1959 1463 2016 1545 qui
2047 1485 2137 1531 nunc

132 1554 327 1628 reputamus
348 1567 419 1610 esse
448 1547 484 1609 in
504 1546 587 1628 16616
611 1536 880 1627 61661166166111116
905 1568 972 1611 666
993 1546 1110 1628 111166-
1163 1555 1302 1612 61661616
1330 1546 1562 1630 custodemque
1588 1549 1750 1611 virtutum
1771 1548 1932 1625 omnium,
1963 1570 2050 1615 nunc
2072 1550 2137 1616 ori·

133 1651 205 1695 rem
227 1632 371 1696 iustitiae
393 1629 803 1714 commendationemque
825 1633 945 1697 certius
973 1639 1109 1711 constet,
1163 1636 1272 1717 ginem
1291 1633 1442 1717 appellat,
1462 1633 1679 1698 obedientiam
1702 1654 1785 1715 quae
1806 1632 1878 1697 Deo
1899 1642 2092 1714 praestatur.

134 1728 336 1800 quantopere
358 1718 430 1782 Deo
452 1717 579 1799 placcat
606 1714 677 1781 eiu's
698 1718 881 1783 observatio
888 1741 896 1796 ;
925 1718 1110 1783 sanctiones
1249 1724 1277 1783 6.
1330 1720 1471 1797 Verum,
1505 1720 1562 1784 ubi
1593 1719 1647 1783 lex
1679 1719 1814 1782 Domini
1848 1718 2009 1800 explicata
2041 1718 2136 1786 nobis

133 1804 168 1867 in
197 1803 355 1867 maiorem
383 1803 565 1867 iniustitiae
595 1805 851 1869 exsecrationem
879 1824 949 1868 esse
976 1804 1108 1887 positas,
1161 1805 1274 1883 fuerit,
1308 1814 1379 1869 tum
1407 1806 1515 1888 aptius
1543 1804 1675 1869 demum
1703 1812 1736 1867 et
1766 1805 1888 1868 maiore
1918 1826 1993 1870 cum
2027 1805 2137 1871 116666

134 1910 177 1953 66
198 1888 354 1954 vitiorum
383 1887 551 1953 blanditiis
578 1888 743 1954 delibutus
768 1898 920 1972 peccator
953 1889 1110 1955 iudicium
1161 1892 1242 1972 quod
1264 1890 1304 1956 de
1326 1893 1427 1974 ipsius
1450 1891 1554 1956 officio
1576 1912 1703 1973 usuque
1724 1894 1794 1954 uate
1814 1890 1953 1955 disserat
1974 1890 2135 1970 coufirma-

133 1973 580 2058 6966616661616166
602 1974 821 2040 obliviscatur.
1161 1977 1253 2042 bitur.
1297 1978 1385 2041 Ante
1406 1998 1604 2059 veroquam
1632 1975 1674 2040 ad
1700 1974 1894 2040 excutienda
1922 1976 2052 2059 singula
2081 1997 2134 2041 ca·

221 2065 249 2124 5.
294 2060 399 2126 Porro
430 2059 517 2142 quod
549 2060 728 2138 Dominus,
766 2061 929 2144 perfectae
966 2061 1125 2149 iustitiae
1161 2065 1231 2145 pita
1251 2062 1465 2146 ingredimur,
1487 2084 1569 2145 quae
1592 2061 1634 2126 ad
1654 2061 1875 2126 universalem
1896 2061 1965 2126 eius
1984 2061 2136 2127 notitiam

133 2146 283 2230 regulam
305 2146 500 2225 traditurus,
529 2166 643 2211 omnes
670 2147 740 2210 eius
762 2153 873 2228 partes
895 2145 937 2210 ad
957 2146 1110 2211 volunta-
1161 2148 1292 2226 faciunt,
1315 2147 1411 2212 modo
1439 2149 1625 2231 praecipere
1653 2168 1769 2230 operae
1797 2148 1938 2228 pretium
1960 2155 2018 2211 est.
2062 2147 2133 2212 Ini-

132 2242 200 2297 tem
223 2252 318 2296 suam
340 2233 520 2311 revocavit,
547 2233 581 2297 in
612 2252 649 2296 eo
678 2229 844 2296 indicatur
864 2232 947 2295 nihil
969 2252 1040 2297 esse
1061 2231 1110 2296 illi
1161 2235 1207 2298 tio
1234 2235 1446 2299 constitutum
1475 2235 1531 2312 sit,
1563 2254 1629 2299 non
1663 2232 1704 2298 ad
1732 2240 1903 2297 externam
1930 2232 2135 2299 honestatem

133 2339 208 2384 6666
232 2318 296 2382 6166
328 2317 522 2383 obedientia.
576 2314 675 2399 Quod
707 2338 746 2382 eo
780 2316 968 2401 diligentius
1000 2316 1109 2383 obscr-
1162 2319 1274 2396 modo,
1303 2320 1360 2384 sed
1389 2319 1430 2385 ad
1458 2320 1648 2384 interiorem
1675 2318 1941 2402 spiritualemque
1969 2319 2137 2399 iustitiam,

131 2340 278 2468 vandum
310 2411 375 2481 est,
408 2425 471 2486 quo
503 2402 679 2487 proclivior
711 2412 762 2468 666
794 2403 956 2468 humanae
989 2403 1109 2468 mentis
1164 2404 1306 2469 hominis
1332 2407 1432 2470 vitam
1459 2407 1495 2468 in
1524 2405 1596 2489 lege
1623 2405 1801 2479 informari.
1846 2401 1942 2483 Quod
1964 2425 2065 2486 quum
2087 2405 2140 2469 in·

133 2489 269 2553 lascivia
302 2488 345 2554 ad
378 2490 487 2555 varios
522 2488 702 2554 identidem
737 2489 971 2572 excogitandos
1000 2488 1109 2554 cultus
1160 2491 1260 2555 fitiari
1286 2511 1382 2555 nemo
1409 2502 1520 2573 queat,
1556 2489 1745 2573 paucissimi
1771 2498 1883 2555 tamen
1904 2490 1967 2553 rite
1989 2489 2137 2555 animad-

133 2575 249 2657 quibus
277 2575 373 2640 illum
402 2575 620 2640 demereatur.
666 2573 831 2639 Omnibus
853 2575 941 2639 enim
969 2574 1108 2640 66666116
1160 2583 1302 2642 1616666
1334 2576 1376 2640 Id
1397 2579 1435 2640 fit
1456 2578 1588 2659 661616
1610 2575 1831 2659 legislatorem
1859 2596 1925 2639 non
1947 2577 2135 2658 respiciunt,

134 2661 215 2725 11666
240 2660 424 2744 irreligiosa
451 2660 621 2745 religionis
653 2660 815 2726 affectatio
843 2658 936 2745 (uia
963 2660 1109 2724 humano
1161 2663 1293 2726 acidus
1315 2662 1446 2746 1666616
1467 2671 1585 2727 natura
1605 2682 1732 2745 quoque
1748 2661 1778 2725 16
1804 2660 2134 2727 ’6666616166116666

130 2746 264 2829 ingenio
286 2746 482 2812 neutraliter
502 2746 602 2811 insita
622 2746 687 2831 est)
705 2767 741 2812 se
758 2682 910 2829 prodidit,
933 2766 971 2811 ac
993 2747 1108 2810 etiam-
1160 2745 1198 2813 Si
1220 2748 1292 2830 quis
1313 2769 1373 2813 rex
1401 2748 1505 2813 edicto
1533 2749 1676 2826 scortari,
1708 2747 1776 2812 occi
1799 2767 1867 2824 ere,
1896 2747 1998 2811 furari
2020 2747 2133 2829 probi·

132 2854 214 2896 num
245 2831 369 2916 prodit;
403 2831 491 2916 quod
519 2832 669 2897 homines
696 2830 934 2914 comparandae
961 2832 1107 2897 iustitiae
1159 2833 1244 2911 beat,
1265 2834 1445 2912 sanctione,
1473 2835 1589 2912 fateor,
1618 2854 1683 2897 non
1713 2832 1877 2896 tenebitur
1900 2832 1927 2896 61
1949 2833 2022 2914 61116
2044 2853 2132 2897 scor·

132 2917 292 2984 rationem
318 2926 450 3001 praeter
480 2918 546 2984 Dei
578 2916 717 2983 verbum
744 2939 874 3001 semper
905 2918 1108 2984 comminisci
1159 2919 1265 2999 tandi,
1293 2918 1473 2998 occidendi,
1500 2918 1632 2984 16166111
1654 2917 1864 3000 cupiditatem
1887 2917 1995 2982 661616
2017 2938 2131 2984 conce-

130 3004 284 3088 gestiunt
329 3004 427 3071 Unde
448 3005 485 3068 in
502 3004 595 3069 bonis
623 3024 707 3086 quae
734 3003 951 3070 communiter
972 3024 1108 3069 censen·
1159 3006 1245 3087 perit
1264 3012 1404 3084 66661116,
1426 3005 1511 3070 611111
1532 3026 1645 3070 661661
1663 3004 1866 3087 perpetrarit
1911 3003 2039 3084 Nempe
2055 3004 2133 3086 6616

129 3088 749 3176 6666611666666666161661166616
775 3089 992 3172 66666616616
1013 3110 1107 3172 6166-
1160 3090 1306 3156 mortalis
1333 3091 1527 3176 legislatoris
1554 3089 1759 3174 providentia
1785 3109 1853 3152 non
1874 3088 1938 3153 nisi
1960 3088 2002 3152 ad
2024 3097 2133 3154 exter·

131 3185 239 3259 66666,
262 3178 438 3242 innumera
459 3176 518 3241 illa
546 3177 768 3242 humanorum
794 3174 889 3239 turba
910 3181 1016 3239 totum
1038 3176 1107 3241 1616
1159 3197 1238 3241 6661
1276 3176 1467 3243 civilitatem
1497 3175 1720 3260 protenditur,
1759 3195 1825 3238 non
1864 3173 2030 3240 violantur
2063 3176 2133 3240 eius

132 3264 274 3345 spatium
312 3284 392 3328 6666
416 3271 499 3327 ante.
554 3263 602 3326 At
637 3282 716 3327 vero
755 3260 833 3344 quid
870 3260 959 3325 aliud
997 3261 1107 3327 Moses
1158 3262 1332 3329 interdicta
1353 3264 1416 3328 nisi
1437 3263 1576 3346 patratis
1597 3261 1739 3344 flagitiis.
1783 3260 1876 3324 Deus
1898 3267 2017 3339 autem,
2040 3261 2134 3327 ouius

130 3369 229 3431 quam
257 3349 414 3414 eiusmo'
450 3347 620 3414 libidinem
648 3346 799 3413 cohibere
832 3346 970 3423 studuit,
1005 3367 1107 3428 quum
1159 3348 1289 3414 oculum
1316 3349 1400 3414 nihil
1427 3349 1526 3433 fugit,
1560 3356 1593 3413 et
1618 3347 1676 3430 qui
1700 3352 1873 3411 externam
1898 3346 2037 3428 speciem
2065 3367 2134 3413 non

127 3446 206 3517 post
222 3433 306 3516 legis
322 3434 620 3519 promulgationem
636 3434 683 3499 sic
701 3433 859 3517 populum
870 3432 1104 3516 compellaret?
1158 3442 1225 3498 tam
1251 3441 1399 3500 moratur
1429 3456 1529 3518 quam
1560 3433 1667 3499 cordis
1701 3434 1892 3514 puritatem,
1921 3432 1981 3496 sub
2009 3437 2133 3497 scorta·

129 3519 281 3585 Observa
302 3526 336 3582 et
357 3519 433 3584 audi
455 3520 565 3585 omnia
585 3541 669 3603 quae
691 3520 855 3603 praccipio
875 3519 945 3598 tibi,
968 3525 1006 3583 ut
1023 3518 1105 3584 benc
1157 3520 1265 3600 tionis,
1295 3521 1475 3600 homicidii,
1503 3521 1583 3585 111161
1609 3518 1797 3597 1666111666,
1824 3516 2010 3596 libidinem,
2047 3518 2134 3583 iram

129 3606 175 3671 sit
191 3603 252 3668 tibi
272 3611 306 3667 et
326 3605 403 3670 filiis
423 3607 488 3670 tuis
508 3613 584 3688 post
609 3613 642 3671 te
663 3607 699 3671 in
720 3607 972 3689 sempiternum,
1001 3625 1106 3687 quum
1158 3604 1283 3685 odium,
1314 3606 1411 3672 alieni
1433 3605 1666 3690 appetentiam,
1696 3604 1807 3668 dolum
1834 3609 1867 3668 et
1888 3602 2045 3686 quidquid
2066 3603 2133 3669 6616

127 3690 246 3756 1666116
279 3689 365 3771 quod
395 3690 516 3755 bonum
549 3700 599 3757 666
630 3698 666 3759 66
696 3691 853 3775 placitum
891 3711 1000 3755 coram
1031 3691 1105 3756 Deo
1157 3701 1223 3770 666,
1261 3699 1360 3757 vetat.
1415 3693 1502 3757 Nam
1533 3712 1635 3776 6111116
1672 3691 1717 3756 616
1748 3688 1927 3772 spiritualis
1954 3689 2131 3772 legislator,

129 3785 201 3856 tuo;
234 3775 323 3859 quod
352 3776 514 3860 praecipio
544 3778 618 3858 tibi,
652 3776 714 3844 hoc
742 3784 873 3842 tantum
894 3777 1004 3842 facito:
1038 3798 1105 3842 non
1158 3779 1286 3844 animae
1312 3800 1378 3843 non
1406 3779 1514 3844 minus
1541 3799 1640 3860 quam
1668 3776 1796 3858 corpori
1817 3775 1968 3856 loquitur.
2013 3773 2131 3836 Homi-

129 3861 245 3942 addas,
276 3884 338 3928 666
366 3864 496 3928 6116666
530 3862 798 3947 (nanclars).
855 3864 964 3945 Atque
997 3869 1104 3942 antea,
1158 3863 1280 3928 cidium
1308 3871 1417 3929 autem
1446 3865 1589 3940 6616166,
1616 3864 1667 3927 116
1694 3869 1744 3927 666
1774 3882 1812 3924 66
1840 3858 1967 3937 odium;
1995 3858 2130 3939 firrtum,

129 3970 233 4032 quum
257 3956 398 4014 testatus
424 3954 510 4014 esset
535 3946 622 4015 hanc
646 3969 716 4015 csse
748 3950 820 4015 eius
848 3947 1043 4031 sapientiam
1071 3955 1106 4013 et
1157 3949 1245 4015 mala
1266 3949 1426 4033 cupiditas
1448 3959 1480 4015 et
1499 3948 1649 4026 avaritia;
1674 3947 1842 4021 scortatio,
1869 3941 1977 4009 libido.
2021 3945 2131 4029 Leges

129 4035 384 4119 intelligentiam
406 4055 518 4101 coram
539 4034 673 4118 reliquis
690 4034 885 4113 nationibus,
915 4033 1001 4118 quod
1019 4032 1105 4098 iudi·
1157 4034 1256 4102 etiam
1276 4036 1454 4116 humanae,
1483 4037 1567 4101 dicet
1595 4034 1770 4116 quispiam,
1799 4029 1933 4096 consilia
1960 4036 1994 4095 et
2014 4031 2132 4095 volun·

130 4121 196 4199 oia,
223 4121 368 4187 iustitias
393 4131 428 4186 et
453 4120 674 4187 caeremonias
706 4121 881 4202 accepisset
906 4141 927 4183 a
952 4121 1103 4199 Domino,
1157 4128 1241 4187 tates
1263 4128 1425 4205 spectant,
1453 4143 1521 4187 non
1545 4121 1695 4185 fortuitos
1717 4124 1865 4182 eventus.
1909 4115 2044 4197 Fateor;
2072 4114 2131 4183 sed

130 4207 312 4274 subiecerat
332 4206 446 4293 (Dent.
465 4212 495 4287 4,
515 4205 566 4291 9):
596 4205 723 4273 custodi
748 4207 851 4290 igitur
876 4213 910 4271 te
936 4207 1045 4288 ipsum
1072 4212 1106 4270 et
1155 4229 1240 4360 quae
1267 4216 1362 4273 extra
1391 4214 1603 4272 emerserunt.
1649 4203 1723 4285 Quo
1746 4203 1855 4267 animo
1877 4201 2129 4300 unumquodque

130 4293 274 4359 animam
306 4301 397 4358 tuam
430 4293 583 4372 sollicite,
618 4313 660 4356 ne
696 4291 897 4359 obliviscaris
929 4292 1106 4357 verborum
1169 4294 1282 4359 acinus
1304 4293 1429 4359 editum
1449 4294 1556 4371 166116,
1579 4289 1782 4374 expendunt;
1805 4289 1863 4354 sed
1885 4309 2021 4353 61661166
2043 4308 2131 4370 6661-

129 4400 212 4461 6666
233 4379 389 4447 viderunt
409 4380 494 4445 oculi
513 4379 574 4456 tui,
597 4384 632 4443 et
652 4398 695 4443 66
716 4377 890 4460 aliquando
912 4376 1105 4443 excidente
1156 4380 1296 4445 tationes
1321 4400 1389 4444 non
1416 4386 1612 4445 scrutantur.
1662 4375 1806 4441 Proinde
1834 4375 1900 4439 illis
1927 4373 2130 4438 satisfactum

129 4465 225 4530 corde
245 4474 311 4530 tuo.
346 4462 434 4545 Quia
457 4465 581 4532 scilicet
595 4462 790 4546 providebat
805 4462 909 4543 Deus,
931 4485 998 4528 non
1016 4464 1105 4546 quie·
1156 4464 1428 4548 16611661116616
1445 4486 1581 4530 manum
1599 4462 1760 4527 duntaxat
1777 4459 2130 4525 continueritatrans-

129 4558 221 4617 turos
241 4550 410 4617 Israelitas
430 4553 524 4634 quin,
546 4557 679 4634 recepta
699 4548 785 4632 lege,
814 4570 917 4614 novas
935 4559 1106 4632 praeterea
1157 4551 1336 4633 gressione;
1359 4559 1473 4617 666616
1486 4557 1604 4627 666661,
1628 4549 1705 4631 61116
1722 4547 1840 4611 6616116
1858 4544 1979 4608 nostris
1996 4542 2065 4607 lata
2080 4550 2132 4608 est

129 4636 270 4703 iustitias
295 4638 517 4720 parturirent,
549 4637 614 4702 nisi
645 4656 759 4702 661616
784 4635 1021 4715 retinerentur,
1050 4636 1105 4700 hio
1155 4637 1209 4702 lex
1231 4637 1380 4718 coelestis,
1409 4657 1522 4703 eorum
1545 4634 1695 4700 coercitio
1716 4631 1758 4695 ad
1784 4632 1905 4695 iustam
1927 4629 2128 4728 6166611661-

129 4720 271 4789 iustitiae
297 4723 529 4806 perfectionem
558 4742 639 4788 esso·
661 4719 931 4803 comprehensam
959 4742 1104 4804 pronun·
1155 4723 1320 4788 vationem
1341 4723 1376 4787 in
1415 4723 1507 4788 rimis
1528 4718 1711 4785 necessaria
1732 4721 1789 4781 est.
1823 4717 1870 4780 At
1883 4714 2002 4799 vulgus
2022 4712 2129 4778 honu-

117 4808 203 4884 ,61ω1
234 4808 322 4892 quod
347 4809 585 4875 validissimum
612 4807 831 4875 retinaculum
859 4828 930 4872 esse
956 4807 1103 4873 debebat
1155 4830 1246 4888 num,
1269 4809 1368 4873 etiam
1388 4745 1467 4874 dum
1488 4808 1569 4892 legis
1590 4811 1812 4885 contemptum
1829 4802 1956 4866 fortiter
1975 4798 2157 4900 dissimu·.

48 4909 79 4919 ··
103 4892 664 4978 statunatunaturaquae
690 4894 794 4959 vetita
814 4890 950 4958 audacia
971 4893 1103 4958 destite-
1155 4894 1211 4973 166,
1234 4894 1353 4974 oculos,
1375 4894 1490 4979 pedes,
1512 4912 1645 4968 manus,
1668 4896 1701 4954 66
1722 4909 1836 4954 661666
1858 4908 2001 4971 66166116
2020 4892 2130 4970 661666

128 4989 215 5046 1666.
260 4980 351 5062 Quid
377 4981 459 5046 nos?
483 4980 597 5047 eodem
622 4983 710 5047 66166
730 4979 815 5046 dicto
837 4978 1102 5062 constringImur.
1155 4980 1191 5045 in
1218 4980 1361 5063 aliquam
1387 4981 1471 5066 legis
1504 4976 1764 5048 observationem
1791 4975 1970 5059 componit,
2003 4993 2060 5040 661
2087 4972 2129 5039 ab

128 5065 204 5131 Non
233 5068 322 5132 enim
349 5064 486 5134 dubium
508 5067 589 5150 quin
614 5072 773 5151 perpetuo
797 5064 906 5133 valeat
934 5064 1103 5147 illudque
1364 5067 1367 5072 ’

128 5151 314 5253 absolutam
340 5154 485 5253 iustitie
518 5151 701 5219 (1001010000
733 5152 810 5250 1061,
831 5172 915 5251 0000,
940 5150 1103 5250 pommus
1225 5180 1728 5255 internecivumque.
1763 5182 1804 5236 66
1828 5183 1900 5235 sono
1923 5178 2027 5248 666166.
2045 5156 2128 5232 616

21 5321 30 5340 ι
127 5238 330 5306 vendicavit:
363 5240 422 5306 illa
447 5248 560 5307 tamen
581 5260 649 5305 non
668 5244 823 5317 contenti,
841 5236 936 5304 bcms
952 5237 1104 5320 operibus
1156 5254 1258 5310 066616
1275 5254 1422 5324 6661666
1440 5255 1582 5324 6161666
1601 5253 1625 5322 1,
1644 5251 1686 5307 19.
