4672 5842
107 317 165 380 uu
404 348 412 361 -
484 312 623 378 11111.
667 311 1043 379 oeooemneuu
1065 313 1446 382 ermeneumata
1478 287 1591 381 'era
1615 314 1729 381 xvir.
1877 406 1887 430 ⁹
2051 320 2112 382 rea

101 504 266 569 efficacius
283 509 334 567 est
353 504 421 566 irae
442 509 540 584 atque
560 501 782 584 impatientiae
803 498 993 579 remedium,
1013 522 1081 565 non
1133 523 1247 566 curare
1269 500 1448 581 debuisset,
1472 502 1679 584 negligenter
1699 505 1867 580 tractavit,
1890 506 2021 569 tametsi
2043 526 2112 570 non

101 611 220 674 parum
248 598 336 659 certe
362 589 500 671 profecit
526 589 582 670 qui
608 589 673 653 Dei
702 586 940 668 providentiam
969 585 1082 652 didicit
1132 588 1297 671 ignorabit
1323 587 1365 650 ad
1390 589 1568 651 terminum
1596 590 1783 670 pervenisse
1811 611 1906 671 quem
1930 592 2110 671 praeterire

101 677 138 741 in
159 676 223 741 hee
244 683 339 757 parte
360 673 521 751 meditari,
544 682 582 738 ut
602 674 705 756 possit
727 693 765 736 eo
788 683 931 737 mentem
953 694 1081 755 semper
1133 694 1199 737 nen
1226 682 1367 756 poterat,
1396 683 1566 755 peecatum
1594 682 1707 738 tamen
1733 697 1828 740 suum
1858 674 1934 739 inde
1955 697 2023 741 non
2045 677 2111 742 ele-

101 783 270 827 revooare:
300 761 464 825 Dominus
486 761 603 839 voluit,
632 759 706 824 ideo
728 758 903 823 ferendum
923 768 985 837 est;
1014 780 1081 823 non
1133 760 1238 838 vabit;
1262 759 1320 823 sed
1342 759 1418 840 quia
1436 781 1503 822 uon
1520 767 1571 823 est
1588 758 1761 826 defunctus
1778 783 1857 845 erga
1877 783 1951 825 eum
1969 761 2110 827 fideliter

101 846 200 912 modo
215 848 305 931 quia
331 847 485 912 reluctari
513 867 578 910 nen
606 846 696 919 lieet,
726 844 783 909 sed
806 846 882 927 quie
903 845 987 908 nihil
1011 844 1082 908 vult
1134 866 1192 909 suo
1210 865 1354 920 munere,
1376 844 1512 926 perinde
1535 847 1670 928 accipiet
1691 867 1728 910 ae
1750 848 1778 912 si
1795 847 2014 930 negligentiae
2032 840 2122 914 euae'

101 935 169 1000 nisi
196 933 284 1015 quod
313 942 347 996 et
372 934 494 996 iustum
522 932 565 996 sit
590 942 626 995 'et
651 930 812 1013 expediat
863 929 994 994 Summe
1021 931 1081 995 buc
1134 931 1230 1012 eulpa
1259 932 1416 1012 periisset.
1461 931 1569 994 Multo
1601 934 1725 1010 minus,
1759 934 1814 998 ubi
1843 935 1880 997 in
1908 931 2110 1016 designando

101 1021 239 1085 reditui
260 1020 375 1083 inireste
394 1018 433 1082 ab
453 1017 630 1082 bominibus
647 1019 735 1094 laesi,
757 1018 875 1080 omisso
897 1038 1002 1081 eoram
1023 1018 1082 1080 im·
1134 1016 1187 1080 vel
1210 1015 1382 1081 homicidio
1404 1016 1456 1080 vel
1474 1017 1562 1081 furto
1584 1018 1673 1082 fraus
1692 1026 1725 1082 et
1742 1032 1898 1102 concepta
1915 1021 2023 1083 animo
2040 1041 2110 1083 ma-
2138 1054 2144 1064 ι

97 1106 253 1188 probitate
275 1108 369 1189 (quoe
389 1103 471 1168 nidd
492 1124 587 1184 quam
607 1104 741 1169 dotorem
762 1107 900 1166 nostum
917 1123 1081 1184 examero
1133 1103 1204 1165 litia
1215 1103 1459 1178 intercesserit,
1489 1123 1561 1165 eam
1589 1104 1758 1169 excusabit
1784 1106 1844 1170 sub
1865 1113 2039 1188 praetextu
2061 1105 2111 1169 di-

102 1197 156 1268 ret,
174 1193 356 1272 animmque
374 1195 495 1254 emeret
511 1190 555 1253 ad
571 1188 767 1270 vindictam),
784 1189 1018 1252 meminerimus
1040 1189 1081 1252 ad
1134 1189 1232 1253 vinae
1254 1186 1491 1270 providentiam
1519 1188 1630 1252 sedin
1653 1190 1764 1254 eodem
1787 1191 1945 1270 facinore,
1975 1192 2038 1255 Dei
2060 1193 2111 1255 iu·

102 1279 210 1343 Deum
243 1277 454 1354 conscendere,
487 1296 524 1339 ao
550 1296 614 1355 pro
641 1281 718 1339 certo
751 1280 885 1338 statuere
912 1275 1080 1352 discamus,
1134 1275 1267 1353 stitiam,
1293 1274 1433 1338 hominis
1451 1274 1641 1356 nequitiam
1665 1284 1702 1338 ut
1724 1297 1759 1340 se
1781 1284 1918 1359 utraque
1940 1278 2112 1342 manifeste

103 1367 191 1429 iusta
223 1363 291 1427 eius
320 1363 548 1444 dispunctione
573 1361 674 1442 fuisse
701 1362 943 1442 etpermissurn
969 1365 997 1424 et
1023 1362 1081 1423 im·
1133 1359 1257 1442 prodit,
1293 1359 1445 1424 distincte
1478 1362 1758 1443 contemplabitur.
1810 1363 1850 1426 In
1870 1364 2000 1426 tuturis
2034 1384 2111 1427 vero

103 1452 238 1514 mesum
255 1449 408 1529 quidquid
425 1448 522 1512 itastis
541 1448 685 1512 seducte
701 1448 736 1510 in
752 1468 809 1511 nos
826 1447 962 1510 admisit.
995 1446 1082 1510 Pau
1133 1447 1352 1528 potissimum,
1382 1445 1571 1509 inferiorum
1601 1447 1784 1512 huiusmodi
1813 1470 1987 1513 causarum
2011 1450 2111 1516 ratio-

103 1538 163 1614 tus‚
186 1540 223 1598 nt
240 1555 264 1597 o
284 1535 470 1599 retaiiandis
491 1534 624 1597 iniuriis
645 1554 701 1597 nos
718 1537 893 1613 compescat,
910 1532 1083 1612 prudenter
1135 1553 1210 1597 nem
1234 1531 1374 1596 habebit.
1419 1531 1507 1595 Nam
1529 1533 1617 1596 inter
1638 1534 1773 1597 Domini
1798 1534 2036 1599 benedictiones
2059 1556 2111 1599 re·

104 1623 247 1688 admonet
264 1619 364 1705 (Eph.
383 1624 411 1698 e,
427 1620 490 1701 12),
509 1619 595 1683 nobis
612 1639 674 1682 non
691 1639 755 1682 esse
771 1620 886 1682 luctam
903 1638 973 1681 cum
990 1638 1083 1682 corne
1134 1624 1248 1700 ponet,
1273 1618 1300 1680 si
1318 1638 1387 1679 non
1409 1616 1605 1682 destituetur
1626 1619 1778 1685 subsidiis
1801 1621 1969 1695 humanis,
1992 1621 2111 1702 quibus

104 1715 133 1773 et
153 1707 323 1789 sanquine,
350 1707 405 1771 sed
425 1727 496 1770 cum
517 1705 599 1770 bostc
620 1704 785 1784 spuituati
807 1704 943 1780 dmbolo,
971 1709 1006 1766 ut
1027 1724 1083 1768 noe
1135 1704 1178 1766 ad
1204 1704 1463 1767 incolumitatem
1491 1723 1583 1767 suam
1612 1713 1736 1785 utatur;
1768 1707 1881 1787 itaque*
1908 1727 1968 1770 nec
1995 1706 2029 1769 in
2059 1727 2114 1771 ce-

105 1796 148 1860 ad
169 1793 350 1858 certandum
366 1811 527 1872 paremus.
564 1790 625 1854 Sed
647 1790 721 1854 haee
740 1791 783 1854 ad
804 1790 957 1854 sedandos
979 1810 1083 1853 omnes
1135 1787 1263 1871 piendie
1285 1788 1430 1854 consiliis
1453 1789 1599 1868 cessabit,
1623 1813 1683 1856 nec
1705 1792 1847 1873 torpebit
1866 1791 1901 1853 in
1920 1813 1980 1873 ope
1999 1811 2113 1854 eorum

105 1878 292 1944 iracundiae
313 1879 448 1959 impetus
469 1877 642 1941 mitismma
664 1876 834 1939 adrnmritie
852 1881 904 1953 est,
928 1881 993 1938 tam
1014 1877 1084 1940 dio-
1135 1874 1354 1957 imploranda,
1389 1875 1505 1956 quibus
1538 1890 1709 1958 suppetere
1741 1878 1918 1958 conspiciet
1949 1876 2035 1940 unde
2067 1878 2115 1940 iu·

105 1967 210 2031 bolum
238 1984 333 2044 quom
359 1962 514 2043 improbos
541 1982 645 2026 ornnes
666 1961 772 2025 Deum
800 1982 927 2026 armare
950 1962 992 2026 ad
1013 1981 1082 2026 cerr
1136 1970 1247 2039 vetur;
1270 1960 1328 2024 sed
1350 1961 1524 2024 aDomiuo
1543 1961 1605 2025 sibi
1622 1964 1655 2026 in
1675 1984 1811 2026 manum
1830 1964 1940 2027 offerri
1959 1974 2114 2044 reputans

102 2054 236 2134 flietum,
276 2055 319 2131 et,
334 2049 438 2114 sedere
469 2049 563 2128 quasi
593 2048 802 2130 uqmrdbetam
834 2053 870 2110 ut
896 2049 1084 2129 patientium
1137 2068 1349 2130 quaecunque
1382 2045 1587 2111 commodare
1619 2049 1681 2114 sibi
1711 2049 1833 2130 aliquid
1860 2056 1998 2131 possunt
2026 2069 2114 2112 orea—
2205 2126 2207 2131 y

105 2143 246 2203 nostram
278 2140 421 2200 mutent
469 2135 561 2215 Quod
591 2134 620 2197 si
651 2134 766 2213 absque
797 2132 958 2197 luminum
991 2154 1084 2214 opero
1137 2147 1244 2210 turae,
1267 2133 1368 2214 ipsas,
1393 2140 1548 2213 tanquam
1572 2133 1718 2216 legitima
1740 2135 1870 2199 divinae
1892 2134 2114 2216 providentiae

105 2225 251 2289 meniant
271 2242 351 2302 quae
371 2241 428 2286 nos
446 2225 594 2300 manunt
613 2218 716 2283 clades
737 2225 765 2282 et
786 2220 946 2297 osismios,
968 2221 1004 2283 in
1024 2239 1085 2283 me
1135 2221 1363 2291 instrumenta,
1388 2216 1546 2282 adesum
1570 2221 1752 2301 applicabit.
1797 2221 1861 2297 Ac,
1885 2241 1986 2302 quum
2008 2220 2115 2283 incer·

78 2310 241 2391 ‚moriam
271 2307 378 2372 redeat
409 2306 486 2388 tegis
523 2306 664 2369 doct-rino
702 2304 815 2387 (Dent.
841 2309 897 2381 28,
922 2310 940 2367 2
965 2305 1084 2388 seqq.):
1137 2316 1190 2369 tus
1224 2304 1267 2368 sit
1299 2324 1394 2385 quem
1429 2304 1496 2367 sint
1528 2306 1651 2369 exitum
1686 2307 1839 2371 habitura
1871 2328 1954 2388 quae
1981 2305 2114 2388 negotia

106 2394 260 2478 quidquid
293 2394 441 2474 prosperi
483 2395 540 2469 est,
580 2412 618 2454 eo
654 2391 737 2471 fonte
768 2390 988 2456 benedictionis
1021 2390 1085 2454 Dei
1138 2389 1328 2474 aggreditur
1362 2389 1440 2470 (nisi
1473 2389 1559 2471 quod
1590 2391 1625 2456 in
1660 2393 1810 2457 omuibus
1841 2391 2022 2457 Dominum
2055 2410 2114 2455 suo

103 2483 219 2563 tinne,
244 2480 377 2543 adverso
399 2478 505 2542 omnio
525 2497 590 2541 esse
611 2478 680 2540 eius
701 2478 941 2541 maledictiones:
969 2497 1005 2540 ac
1025 2482 1085 2541 ter·
1136 2477 1220 2540 bono
1253 2482 1501 2557 prospectorum
1534 2476 1639 2558 novit)
1680 2479 1722 2542 ad
1754 2478 1789 2541 id
1821 2477 1927 2543 studio
1960 2476 2116 2558 aspirabit

106 2571 175 2632 reat
200 2586 257 2630 nos
277 2565 337 2628 itio
358 2563 517 2626 torribilis
538 2562 732 2628 denuntiatio
757 2562 853 2645 (Lev.
874 2566 931 2639 211,
953 2563 1027 2644 23).·
1055 2563 1085 2626 si
1138 2561 1224 2644 quod
1263 2561 1325 2626 eibi
1364 2560 1518 2641 expedire
1557 2562 1668 2641 ducet,
1707 2573 1866 2647 quantum
1898 2562 2117 2646 intelligentia
2157 2616 2161 2630 .

105 2660 215 2718 tarnem
235 2650 380 2715 inceditis
400 2654 508 2714 eontra
529 2669 585 2728 me,
607 2669 660 2731 eqo
677 2669 794 2729 quoque
816 2653 926 2712 tenure
945 2649 1086 2713 incedam
1137 2656 1313 2731 menteque
1342 2648 1471 2728 assequi
1499 2656 1615 2730 potest.
1660 2651 1774 2732 Neque
1797 2660 1907 2713 tamen
1929 2651 1965 2711 in
1987 2650 2116 2731 capien-

107 2744 215 2804 contra
243 2758 304 2801 eos.
360 2735 481 2816 Quibus
507 2734 607 2799 ambis
634 2735 816 2816 coarguitur
841 2739 944 2814 mmor
975 2740 1084 2812 nester,
1138 2734 1189 2799 dis
1210 2733 1352 2799 consiliis
1374 2733 1505 2815 proprio
1528 2756 1626 2800 sensu
1655 2736 1792 2815 feretur;
1821 2735 1878 2800 sed
1900 2736 1965 2799 Dei
1987 2736 2116 2816 sapien·

106 2825 163 2889 nbi
181 2844 240 2905 pro
257 2822 413 2888 oannem
434 2823 540 2886 cornis
560 2841 655 2885 sensu
674 2821 838 2901 fortuitmn
859 2840 924 2885 esse
944 2821 1086 2885 ducerrtes
1137 2822 1204 2885 tiae
1225 2840 1265 2885 se
1282 2818 1523 2884 commendabit
1544 2842 1582 2885 ae
1602 2824 1784 2903 permittet,
1808 2830 1846 2885 ut
1867 2823 1938 2885 eius
1959 2820 2057 2884 ductu
2080 2820 2114 2882 in

109 2910 262 2992 quidquid
281 2911 317 2972 in
338 2912 503 2988 maneque
517 2912 644 2987 portem
665 2907 792 2983 accidit,
816 2926 912 2986 neque
933 2906 1086 2986 bunduis
1136 2914 1263 2972 rectum
1285 2927 1420 2988 scopum
1442 2904 1611 2988 dirigatur.
1657 2907 1834 2973 anmmm
1861 2929 1928 2971 non
1949 2907 1985 2970 in
2008 2912 2117 2970 exter-

108 2996 174 3061 Dei
194 2998 376 3060 animamur
396 2994 439 3058 ad
465 2994 533 3057 eius
555 2993 679 3069 cultum,
702 3013 800 3072 neque
818 2992 954 3074 tapetiis
975 2993 1017 3055 ad
1037 3011 1086 3055 re·
1138 2995 1190 3058 nis
1212 2990 1364 3057 subsidiis
1386 2993 1432 3055 ita
1454 2992 1524 3056 eius
1543 2992 1664 3060 fiducia
1681 2995 1872 3070 subnitetur,
1896 3000 1934 3056 ut
1951 2993 1980 3056 ei
1997 2992 2117 3071 adsint,

108 3083 322 3162 annuntiem
348 3079 557 3143 stimulamur.
602 3079 690 3143 Haec
717 3079 823 3143 eodem
848 3080 931 3141 ratio
958 3083 1004 3142 est
1030 3098 1086 3142 cur
1138 3082 1174 3143 in
1201 3079 1241 3141 iis
1268 3099 1380 3143 secure
1407 3079 1604 3161 aequiescat;
1632 3081 1660 3144 si
1683 3081 1805 3159 desint,
1836 3078 1973 3162 perinde
2001 3100 2039 3142 ac
2061 3076 2117 3142 de-

109 3168 214 3233 eeerbe
235 3166 465 3246 capedularent
486 3165 641 3230 Ieremias
661 3169 689 3228 et
710 3165 810 3230 Amos
832 3164 968 3248 (Thren.
988 3168 1017 3239 3,
1031 3167 1086 3241 383
1139 3167 1272 3231 stitutus
1293 3164 1442 3247 trepidet.
1488 3165 1636 3231 Mentem
1665 3169 1753 3231 euim
1774 3166 1898 3229 insola
1920 3166 1984 3229 Dei
2005 3163 2116 3245 provi·

108 3254 183 3318 Am.
204 3257 238 3331 3,
258 3250 292 3336 6)
313 3272 384 3314 cum
406 3251 553 3330 ludaeis,
581 3251 659 3332 quia
685 3254 750 3314 tam
777 3251 857 3315 bona
884 3269 980 3330 quam
1000 3248 1088 3312 mala
1140 3251 1253 3316 dantia
1273 3271 1402 3332 semper
1424 3251 1557 3315 habebit
1580 3251 1738 3329 defixam,
1761 3253 1909 3334 neque'a
1930 3253 2025 3314 firmo
2048 3250 2117 3313 eius

106 3338 180 3420 sieri
201 3342 353 3417 putorem
380 3336 448 3411 Dee
475 3358 537 3401 non
557 3336 685 3401 iubente.
730 3336 849 3401 Eodem
870 3336 1007 3416 refertur
1029 3335 1087 3399 itta
1138 3339 1276 3414 intuitu,
1310 3338 1533 3418 praesentium
1561 3358 1672 3403 rerum
1699 3337 1973 3414 consideratione,
2002 3333 2120 3400 abduci

108 3424 237 3489 Iesuiae
258 3424 359 3486 concio
376 3422 442 3506 (45,
463 3424 514 3505 7).·
541 3443 593 3506 eqo
611 3422 701 3486 Deus
721 3443 832 3487 creans
852 3422 950 3486 lucem
971 3425 999 3485 et
1022 3421 1088 3502 for·
1139 3424 1290 3507 patietur.
1338 3422 1391 3487 Sic
1413 3422 1504 3501 Ioab,
1539 3427 1661 3489 tametm
1675 3424 1794 3505 praetii
1815 3429 1956 3488 mentum
1977 3423 2013 3486 in
2033 3419 2120 3485 arbi·

105 3523 204 3574 mmis
230 3506 383 3585 tonbrm,
409 3509 528 3589 faciens
549 3529 662 3589 pacem
688 3512 845 3573 dorcam
873 3508 1007 3584 nictum,
1035 3527 1087 3588 eqo
1139 3512 1200 3574 trio
1226 3528 1382 3588 manuque
1404 3507 1468 3574 Dei
1495 3528 1561 3574 esse
1585 3513 1737 3592 umescit,
1767 3531 1829 3573 non
1856 3515 1960 3573 tomen
1986 3507 2120 3578 inertiae

108 3594 201 3659 Deus
221 3592 307 3673 facio
327 3592 400 3657 tace
422 3596 534 3658 omnia.
549 3598 573 3679 ¹)
1140 3617 1172 3661 se
1191 3596 1290 3672 dedit,
1318 3595 1372 3658 sed
1394 3595 1477 3676 quod
1497 3615 1574 3659 suae
1595 3598 1766 3662 eocmmnis
1787 3601 1833 3660 est
1854 3595 1960 3660 sedato
1980 3593 2120 3673 exsequi-

198 3684 225 3743 9.
272 3677 386 3759 Neque
413 3686 522 3743 tamen
550 3682 682 3746 iuterim
710 3679 752 3744 ad
779 3701 893 3746 causas
919 3678 1088 3755 inferiores
1140 3688 1206 3759 tur;
1228 3680 1365 3744 Domino
1387 3686 1490 3745 erdem
1505 3683 1661 3762 permittit
1683 3687 1823 3746 euentum
1839 3680 2007 3746 moderari.
2048 3678 2120 3741 Sta·
2241 3726 2243 3730 Α

108 3767 162 3831 vir
189 3766 263 3847 pius
292 3765 487 3828 connivebit.
531 3766 644 3849 Neque
673 3768 775 3846 enim,
811 3768 889 3849 quia
920 3765 1087 3829 ministros
1140 3767 1361 3847 bimusfertes,
1379 3767 1483 3846 inquit
1500 3765 1637 3850 (asam.
1656 3772 1702 3845 10,
1719 3767 1952 3850 imprecante
1970 3769 2075 3829 nostra
2092 3767 2121 3826 et

110 3850 241 3916 divinae
263 3850 420 3915 bonitatis
443 3848 653 3917 arbitrabitur
675 3873 729 3917 eos
753 3875 773 3918 a
792 3852 912 3935 quibus
928 3851 1087 3915 beneficio
1140 3852 1272 3917 urbibus
1285 3852 1348 3916 Dei
1366 3854 1481 3931 nostri,-
1499 3854 1657 3919 Dominus
1675 3860 1780 3918 autem
1796 3854 1895 3934 faciat
1911 3851 1992 3931 quod
2006 3850 2120 3913 honrem

110 3938 245 4002 effeetus
271 3936 387 4015 fuerit,
415 3934 489 4000 ideo
516 3938 589 4002 illos
616 3939 819 4019 praeteribit,
848 3959 886 4004 ac
912 3938 940 4003 si
962 3936 1088 4001 nullam
1141 3943 1185 4003 est
1206 3940 1241 4001 in
1262 3938 1360 4002 mulis
1381 3939 1457 4002 suis.
1493 3938 1616 4003 Eadem
1638 3941 1769 4020 capnitio
1787 3940 1952 4002 temeritate
1975 3941 2121 4016 amaea

113 4025 254 4108 gratiam
283 4044 344 4087 sua
365 4023 569 4087 humanitate
592 4025 760 4104 promeriti
782 4033 908 4104 essent3
938 4023 996 4088 sed
1023 4023 1088 4087 illis
1141 4023 1326 4104 confidentia
1345 4027 1453 4088 eeums
1475 4026 1518 4089 od
1540 4027 1715 4089 emtirruam
1737 4024 1802 4088 Dei
1822 4024 2043 4088 invocationem
2064 4040 2121 4084 nos

112 4110 304 4175 obstrictum
326 4130 362 4174 so
383 4131 426 4174 ex
448 4109 557 4172 animo
575 4110 701 4186 sentiet,
724 4121 758 4174 et
778 4110 918 4175 libenter
934 4108 1090 4173 fatebitur
1141 4110 1290 4193 impellet·
1316 4116 1384 4173 tum
1412 4111 1506 4174 etiam
1533 4113 1656 4176 animos
1682 4116 1805 4175 nostros
1832 4110 1911 4174 dorm
1931 4128 1986 4188 spe
2006 4109 2121 4190 subiet,

113 4196 358 4279 obligationem,
393 4204 427 4258 et
454 4195 595 4278 gratiam
622 4214 681 4275 pro
705 4195 860 4261 facultate
888 4205 922 4261 et
950 4217 985 4259 re
1010 4204 1091 4260 nata
1142 4203 1279 4278 atquae
1299 4216 1355 4259 nos
1372 4197 1570 4261 circumstant
1584 4198 1739 4277 pumma,
1763 4217 1867 4262 secure
1884 4202 1912 4260 et
1927 4196 2049 4277 fortiter
2071 4193 2122 4256 dc·

113 4283 235 4346 reterre
262 4279 414 4346 studebit
460 4280 611 4361 Denique
633 4280 742 4344 Deum
770 4283 806 4346 in
832 4283 973 4364 aooeptis
996 4281 1090 4347 benis
1142 4284 1260 4365 spicere
1282 4303 1343 4345 non
1365 4281 1547 4348 dubitemus.

115 4367 318 4432 reverebitur
339 4376 372 4431 et
392 4366 608 4451 praedicabit,
636 4374 675 4429 ut
695 4369 905 4449 praecipuum
928 4375 1075 4432 autorem
1082 4392 1090 4448 ;
1234 4373 1280 4432 10.
1333 4368 1406 4433 Hac
1439 4390 1517 4433 vcro
1548 4376 1641 4451 parte
1674 4390 1707 4433 se
1733 4369 1843 4449 prodit
1873 4362 2121 4430 inaestimabilis

115 4453 173 4518 sed
195 4454 343 4518 homines
363 4463 402 4517 ut
423 4454 494 4518 eius
516 4452 685 4516 ministros
709 4451 896 4531 honorabit,
920 4461 1031 4536 atque,
1054 4463 1092 4518 ut
1143 4457 1217 4538 piae
1249 4454 1372 4519 mentis
1403 4455 1549 4520 felicitas.
1594 4455 1774 4520 Inuumora
1806 4462 1883 4517 sunt
1910 4470 1992 4532 quae
2019 4450 2123 4513 vitam

115 4561 168 4604 res
190 4549 254 4617 est,
281 4540 444 4623 intelliget
472 4560 506 4604 se
528 4539 593 4604 Dei
615 4537 784 4603 voluntate
805 4539 846 4604 iis
868 4561 939 4604 esse
960 4538 1092 4606 devine-
1146 4541 1325 4604 humanam
1348 4540 1485 4605 obsident
1502 4542 1597 4617 mala,
1621 4562 1702 4621 quoe
1723 4541 1847 4603 totidem
1868 4539 2020 4600 ostentant
2041 4553 2123 4597 rner-

116 4632 187 4690 tum
220 4646 278 4707 per
310 4647 450 4707 quorum
476 4646 613 4689 manum
644 4624 809 4689 beneficus
841 4646 911 4690 esse
945 4623 1092 4689 voluerit
1145 4633 1197 4691 tes.
1230 4625 1279 4691 Ut
1299 4634 1395 4690 extra
1416 4647 1483 4691 non
1505 4649 1674 4692 exeamus:
1698 4645 1800 4707 quum
1821 4621 1911 4685 mille
1932 4620 2124 4684 morborum

116 4709 155 4776 Si
177 4710 256 4792 quid
278 4712 423 4776 iacturae
445 4711 498 4776 vel
518 4712 558 4776 ob
577 4710 812 4794 negligentiam
833 4710 886 4775 vel
909 4710 950 4774 ob
970 4711 1094 4793 111111111-
1145 4712 1387 4794 receptaculum
1414 4715 1457 4777 sit
1485 4735 1615 4795 cerpus,
1648 4713 1713 4774 imo
1739 4709 1827 4772 intus
1849 4707 1991 4771 inclusas
2014 4714 2125 4771 teneat

117 4796 262 4861 dentiam
284 4798 414 4877 fecerit,
443 4798 587 4863 Domino
611 4795 743 4879 quidem
764 4796 895 4861 volente
916 4796 1040 4860 factum
1060 4795 1094 4860 id
1147 4820 1186 4863 ac
1204 4799 1320 4877 foveat
1347 4798 1533 4862 morborum
1561 4817 1692 4868 causae,
1721 4815 1756 4859 se
1785 4795 1892 4876 ipsum
1921 4793 2017 4856 homo
2038 4793 2125 4859 ferre

118 4880 205 4963 apud
226 4904 261 4947 se
283 4891 421 4962 statuet,
450 4905 565 4949 verum
592 4883 655 4948 sibi
677 4905 806 4966 quoque
828 4881 1012 4965 imputabit.
1056 4881 1095 4948 Si
1148 4907 1215 4949 neu
1236 4891 1356 4967 potest,
1390 4884 1470 4966 quin
1496 4883 1617 4946 multas
1639 4881 1815 4945 exitiomm
1844 4900 1983 4945 suorum·
2005 4880 2127 4945 formes

117 4969 189 5050 quie
215 4969 329 5034 morbo
351 4969 542 5053 absumptus
563 4971 620 5045 sit,
650 4990 762 5052 quem,
789 4991 894 5054 quum
920 4990 963 5034 ex
991 4969 1096 5034 efficio
1148 4991 1260 5034 secum
1280 4972 1377 5047 ferat,
1400 4990 1438 5034 ao
1460 4968 1563 5034 vitam
1584 4965 1822 5051 quodammodo
1845 4948 1920 5033 euffl
1942 4975 2047 5030 morte
2064 4966 2128 5029 im·

1148 5057 1295 5138 plicitum
1326 5055 1445 5119 trahat
1492 5052 1581 5134 Quid
1609 5054 1699 5119 enim
1727 5053 1816 5118 aliud
1847 5053 1950 5130 dicae,
1983 5052 2039 5117 ubi
2069 5071 2128 5118 nee

1150 5142 1304 5226 frigetur,
1334 5163 1394 5207 neo
1421 5139 1558 5205 sudatur
1584 5140 1656 5205 sine
1678 5140 1846 5223 periculo?
1891 5140 1963 5204 Iam
1984 5160 2129 5220 quocun-

190 5241 220 5309 1)
240 5241 346 5311 cepae
365 5243 412 5297 Xl
420 5245 447 5297 V.
467 5246 490 5310 ς.
508 5242 549 5296 48.
568 5245 593 5298 t.
612 5245 629 5298 t.
647 5251 789 5313 regumn.
1151 5249 1215 5310 que
1237 5235 1269 5292 te
1291 5237 1409 5306 vertas,
1433 5248 1515 5311 quae
1537 5227 1626 5294 eirea
1648 5235 1681 5293 te
1703 5235 1781 5292 sunt
1801 5228 1923 5299 omnia,
1948 5245 2014 5290 non
2034 5223 2133 5288 modo

230 5327 339 5383 odensi
352 5345 444 5397 opera.
485 5329 543 5384 Vol.
560 5329 603 5383 11.
1897 5325 1930 5378 11
