4672 5842
229 297 292 358 un
413 262 419 277 ’
879 286 1147 355 msmmmo
1169 289 1273 354 nul..
1296 286 1478 355 cHRISn.
1503 291 1594 353 1559.
2170 288 2234 351 ios

229 482 373 563 etiamid,
394 487 428 545 ut
446 480 489 545 ad
507 480 642 545 solidum
654 478 793 559 effidetm
812 484 840 544 et
856 478 1037 559 fruitionem
1059 499 1120 542 nme
1135 499 1209 558 per·
1231 478 1235 525 Ι
1260 476 1406 555 eradiat,
1435 482 1463 541 et
1488 477 1531 542 od
1552 478 1775 559 poententiam
1801 477 1949 543 sollicitet.
1995 475 2107 556 Itaque
2133 476 2236 541 eodeni

230 569 362 633 veniant.
419 565 492 630 Non
524 567 606 630 enirn
631 566 700 630 ideo
732 586 764 629 se
793 565 969 647 parotium
996 564 1061 627 illis
1089 565 1209 627 demon·
1260 567 1392 642 ternpore
1413 569 1441 626 ct
1463 564 1580 626 iratum
1601 564 1671 642 sibi,
1694 564 1740 628 oet
1755 565 1891 646 peccatis
1912 563 1989 640 suis,
2017 567 2047 626 et
2062 562 2237 644 propitium

231 658 324 729 strat,
352 654 429 732 quio
458 672 526 716 nere
553 672 591 714 ee
613 656 708 714 nuutc
729 657 845 731 ereptos
867 652 901 713 in
921 651 1094 714 ennodium
1116 670 1209 715 suum
1260 650 1449 729 concipiunt:
1477 650 1555 730 quia
1581 670 1643 712 non
1668 651 1735 730 fiete
1761 653 1845 715 iram
1865 650 1933 713 eius
1954 648 2172 730 depromuntur,
2195 648 2238 711 ad

230 738 377 820 recipiat,
402 738 457 802 sed
478 743 599 801 teritum
622 737 686 800 illis
708 737 887 818 inartifestat
902 742 1098 818 praesentem
1118 737 1210 800 mise-
1260 756 1352 815 quun
1373 739 1473 799 tantm
1499 756 1569 799 cum
1597 737 1772 817 tranquillo
1798 735 1918 816 iduma
1940 734 2129 816 confuyinnt.
2173 734 2238 798 His

230 824 410 889 ricordiom.
464 823 543 886 Vivo
570 827 674 886 anetem
693 823 767 902 fidei
789 823 894 886 radice
915 822 993 886 solos
1016 822 1121 886 eleetos
1142 823 1209 904 dip-
1261 821 1386 902 quidem
1416 826 1545 899 constat,
1578 822 1728 900 eumdum
1759 843 1821 887 non
1851 820 2004 885 simulare
2032 818 2141 899 fidem,
2183 821 2238 901 qui

230 913 338 981 natur,
372 915 407 973 ut
439 911 473 973 in
504 908 599 988 linem
615 929 728 987 usqne
749 914 951 989 perseverent.
995 907 1049 970 lto
1077 908 1210 971 diluitur
1260 912 1360 970 tamen
1388 927 1462 970 vera
1488 907 1550 987 tide
1577 914 1696 986 carent;
1725 909 1780 973 sed
1807 908 1883 971 dum
1908 905 2007 970 subito
2035 905 2094 969 reli
2121 906 2239 988 impetn

231 995 354 1060 obedio
381 995 453 1074 illa,
481 995 510 1058 si
538 1014 606 1057 nere
631 996 769 1075 pralium
791 1014 882 1058 sumn
903 994 1090 1057 deruonstrut
1111 993 1208 1071 Duas,
1259 993 1419 1074 suuntur,
1447 1013 1479 1055 sc
1506 994 1592 1074 ipsos
1617 992 1702 1073 falso
1725 995 1868 1076 opinione
1888 993 2051 1073 decipiunt.
2097 991 2163 1055 Nec
2184 992 2239 1055 du

231 1080 286 1145 boc
303 1086 451 1162 perpetuo
477 1084 580 1160 timon
607 1100 686 1143 esse:
714 1080 791 1159 quia
817 1079 898 1143 nibil
926 1079 1023 1144 obstat
1043 1081 1209 1159 qumninus
1261 1079 1347 1142 bium
1375 1083 1432 1157 est,
1459 1079 1535 1159 mein
1565 1079 1650 1159 ipsos
1675 1084 1795 1162 ocmrpet
1823 1078 1977 1156 socordia,
2004 1098 2041 1141 ue
2067 1097 2119 1142 eor
2145 1098 2240 1141 suurn

225 1168 385 1248 praesenti
415 1166 537 1249 quitiae
568 1186 645 1229 seme
674 1186 781 1242 sensu,
819 1166 875 1246 eici
906 1169 1015 1245 posteo
1047 1166 1208 1241 etiamsed,
1256 1165 1360 1245 probe,
1382 1168 1417 1226 ut
1432 1184 1499 1245 par
1520 1169 1595 1236 erat,
1618 1168 1803 1230 enonrinent.
1851 1164 1943 1230 Tales
1962 1163 2063 1245 fnisse
2078 1163 2240 1245 probabile

232 1251 323 1317 Deus
345 1252 467 1333 aliquos
488 1251 627 1314 illustret.
1261 1255 1319 1327 est,
1347 1249 1460 1330 quibus
1481 1249 1568 1331 (teste
1592 1249 1724 1334 Ioanne)
1749 1250 1891 1316 Christus
1912 1270 1946 1313 se
1966 1251 2072 1330 ipsum
2096 1270 2156 1313 nou
2176 1270 2239 1314 cre-

322 1342 369 1400 12.
418 1340 603 1418 Quemquam
626 1336 718 1400 etiarn
738 1336 817 1417 fides
838 1338 965 1400 divinae
991 1357 1064 1419 erpo
1088 1356 1142 1401 nos
1164 1335 1211 1399 be·
1262 1336 1365 1412 eleb‹d‚
1393 1356 1491 1416 quum
1518 1342 1618 1399 tanien
1640 1337 1674 1399 in
1694 1337 1800 1420 ipsum
1821 1337 1991 1413 crederent,·
2017 1336 2094 1415 arcia
2114 1340 2241 1400 noverat

231 1423 416 1487 reeooleutine
444 1423 552 1485 iiotitio
581 1427 639 1498 cst,
669 1428 696 1485 et
719 1428 801 1486 certa
829 1424 866 1486 dc
893 1424 963 1487 eius
988 1424 1114 1486 ueritate
1139 1442 1212 1502 pcr-
1263 1442 1375 1499 munes,
1397 1427 1426 1484 et
1446 1423 1558 1486 sciebat
1579 1422 1656 1501 quid
1677 1429 1753 1487 essct
1775 1425 1810 1486 iu
1830 1421 1952 1485 bomine
1973 1421 2102 1503 (Ioonn.
2122 1425 2152 1497 2,
2173 1422 2240 1501 24).

231 1510 354 1586 suasio,
383 1529 444 1571 non
472 1509 587 1570 niis-um
615 1513 714 1569 terrim
743 1513 785 1571 est
813 1509 915 1573 divini
942 1509 1061 1572 artioris
1088 1528 1212 1571 sensnm
1267 1508 1354 1588 Quod
1382 1509 1448 1570 nisi
1474 1529 1495 1571 a
1522 1509 1675 1571 commum
1702 1509 1764 1589 tide
1790 1509 1882 1573 nndti
1902 1507 2073 1571 exciderent
2094 1506 2242 1591 (commu-

231 1595 267 1659 in
288 1594 488 1674 temporariis
509 1614 693 1669 manescere,
716 1596 771 1675 qui
793 1593 952 1673 licetfidei
974 1595 1150 1674 situdinis,
1173 1593 1211 1657 ab
1263 1613 1333 1657 nem
1361 1592 1494 1673 appello,
1528 1595 1603 1673 qnia
1632 1614 1747 1676 mapria
1775 1600 1819 1658 est
1846 1593 2019 1657 similitudo
2047 1598 2075 1657 et
2095 1592 2243 1675 affinitas

231 1700 268 1745 oa
296 1685 397 1743 tanuen
425 1679 557 1741 nndtnm
586 1680 699 1760 differt.
751 1680 900 1744 Voluntas
923 1679 988 1744 Itei
1006 1679 1212 1743 intrectabilis
1262 1678 1337 1759 {idei
1368 1678 1548 1760 temporalis
1578 1699 1648 1743 mene
1675 1681 1747 1743 oica
1776 1685 1803 1743 et
1824 1679 1992 1762 perpetuo)
2023 1699 2083 1743 nou
2108 1680 2243 1743 dixisset

237 1770 291 1844 est,
311 1767 420 1846 teneor,
447 1769 614 1844 etsemper
635 1766 839 1830 muscerdas
859 1765 921 1829 sibi
943 1771 1067 1830 constat.
1112 1765 1213 1844 Atqui
1267 1763 1410 1829 Christus
1431 1764 1614 1845 discipulis:
1634 1767 1664 1828 si
1686 1787 1739 1828 ons
1760 1767 1941 1830 insonueritis
1959 1766 1995 1827 iu
2011 1784 2151 1829 sermone
2166 1785 2241 1843 meo,

237 1870 311 1933 nepo
333 1849 490 1931 irruensque
504 1851 653 1933 propredi
671 1850 818 1932 reprobos,
840 1858 876 1915 ut
895 1853 931 1915 in
951 1871 1102 1915 arcanam
1121 1850 1213 1915 illum
1264 1871 1333 1914 aere
1361 1850 1510 1932 discipidi
1542 1852 1602 1913 mei
1629 1852 1719 1930 estis3
1752 1857 1779 1917 et
1806 1852 1987 1934 capuriseetis
2014 1851 2187 1929 tentatus,
2215 1856 2244 1915 et

236 1935 449 2001 revelationem
475 1941 649 2016 perietrent.
689 1958 784 2016 quom
816 1938 892 2002 solis
924 1938 1023 2002 electis
1055 1938 1212 2018 scriptura
1264 1937 1380 2000 veritas
1412 1956 1465 1999 vos
1496 1935 1608 2001 liberos
1639 1937 1743 2000 reddet
1775 1937 1865 2023 (ibid.
1891 1941 1926 2012 8,
1952 1936 2018 2018 31).
2063 1935 2129 2000 ens
2159 1937 2244 2000 enim

236 2022 384 2086 vendicat.
431 2022 515 2104 Nem
537 2023 635 2103 ipitnr
658 2044 708 2086 eos
732 2024 776 2087 rel
796 2021 861 2086 Dei
883 2024 1078 2099 uoluntatem,
1106 2028 1142 2085 nt
1169 2027 1214 2086 est
1264 2022 1431 2103 cmnpellat,
1454 2022 1509 2102 qui
1528 2022 1665 2104 ampleri
1687 2028 1774 2086 erant
1792 2025 1862 2087 eius
1882 2023 2068 2099 doctrinam,
2092 2027 2119 2086 et
2140 2022 2243 2086 boda-

236 2107 456 2185 immntabilis,
477 2128 601 2189 capere.
625 2109 671 2173 vel
692 2109 760 2171 eius
780 2110 938 2172 veritatem
957 2113 1127 2172 constanter
1148 2129 1213 2171 am-
1264 2113 1316 2170 tur
1343 2107 1386 2171 ud
1408 2109 1578 2190 profectum
1604 2108 1694 2188 fidei,
1728 2129 1766 2173 ne
1797 2115 1917 2191 torpore
1947 2129 2004 2172 suo
2029 2107 2133 2171 bunun
2160 2108 2244 2189 qum

231 2194 340 2275 pluti,
369 2195 445 2274 meio
472 2194 507 2256 in
528 2215 619 2258 sensu
643 2194 772 2258 ecateida
792 2194 973 2274 subsidunt,·
1000 2195 1093 2258 sicuti
1120 2194 1213 2258 arbor
1264 2193 1443 2265 alatrinensi,
1465 2195 1672 2276 eestinpnaut.
1703 2194 1778 2258 Ideo
1802 2194 2244 2277 1>a2nos(nit.1‚1)peem

236 2299 298 2343 nou
318 2281 397 2343 satis
419 2279 478 2342 alte
493 2279 654 2359 plantula,
677 2285 712 2344 ut
732 2281 822 2345 ninas
842 2281 966 2345 radices
986 2286 1073 2363 aput,
1102 2285 1213 2361 tempo-
1264 2278 1364 2343 electis
1380 2279 1584 2359 peculiariter
1605 2280 1758 2359 oeildieat,
1781 2280 1964 2363 sipiriticans
1985 2279 2096 2343 medios
2117 2300 2243 2344 euanes-

236 2366 285 2428 ris
306 2384 446 2429 srucessu
467 2367 591 2441 arescit,
617 2367 686 2430 licet
704 2387 762 2447 per
783 2367 908 2447 aliquot
923 2386 1021 2429 aitrus
1042 2366 1212 2445 remitteres
1264 2384 1337 2437 cere,
1359 2366 1438 2445 quio
1458 2364 1563 2428 ciram
1584 2365 1721 2429 radicem
1743 2386 1801 2429 non
1823 2371 1996 2430 trnnernnt.
2027 2365 2129 2429 Sicuti
2146 2367 2242 2429 etiam

235 2454 356 2515 tanturn
381 2455 407 2514 ct
433 2450 514 2531 folio
542 2452 674 2527 incutiat,
702 2453 757 2516 sed
783 2454 877 2516 ctiam
896 2452 1027 2533 fructus.
1070 2451 1213 2531 lienique
1263 2451 1400 2530 loquitur
1429 2448 1574 2515 Clu-istus
1601 2452 1688 2531 optcd
1716 2451 1912 2516 Mottbaenm
1942 2456 2012 2533 (lb,
2039 2453 2110 2535 13):
2140 2452 2242 2515 omriis

234 2536 316 2600 siccet
342 2536 446 2616 primi
479 2535 613 2599 leontinis
640 2538 804 2619 defectione
831 2538 927 2603 deleri
948 2539 1052 2617 potuit
1079 2558 1118 2601 er.
1145 2538 1213 2601 circs
1263 2537 1357 2600 arbor
1382 2557 1477 2617 qinom
1505 2557 1566 2600 riou
1587 2537 1745 2618 manarit
1767 2543 1861 2620 pater
1885 2559 1987 2616 niens,
2023 2538 2240 2602 eradicabitur.

234 2627 333 2686 meede
365 2627 392 2684 et
424 2623 533 2686 areima
565 2624 668 2704 imapo
695 2623 772 2702 Dei,
805 2625 849 2687 ita
875 2625 995 2687 mirum
1022 2644 1084 2688 non
1112 2628 1156 2688 eet
1182 2623 1212 2686 si
1265 2622 1308 2686 Iu
1334 2623 1410 2686 aliis
1437 2623 1577 2686 crassius
1604 2628 1647 2686 est
1671 2624 1881 2703 unridocium,
1911 2644 1988 2705 qnos
2008 2624 2079 2688 Deo
2100 2629 2127 2688 et
2145 2623 2241 2687 borni-

234 2707 423 2789 quibusdum
442 2709 564 2790 pridiae
588 2730 665 2773 snae
685 2706 789 2773 rodi-is
810 2709 948 2789 reprobis
968 2709 1106 2787 illicceat,
1136 2727 1213 2789 nuos
1263 2708 1356 2772 rebus
1387 2707 1518 2771 illudere
1551 2729 1611 2772 non
1637 2710 1742 2789 pudet.
1788 2709 1829 2773 In
1859 2709 1913 2774 boe
1942 2731 2040 2792 peteres
2071 2709 2238 2783 bominum,

228 2798 338 2876 posteo
368 2794 525 2876 eustinpui
546 2797 679 2875 pnctitnr.
727 2795 792 2859 Nec
818 2815 889 2859 cero
916 2795 1088 2876 quidquam
1119 2796 1213 2874 impe·
1264 2793 1319 2875 qui
1338 2794 1449 2875 fallaci
1464 2798 1629 2875 praetentu
1647 2796 1743 2876 impie
1762 2795 1855 2876 fidem
1872 2798 2062 2877 profanant,
2084 2795 2241 2859 iuvenitur

235 2880 282 2943 dit
303 2882 470 2960 quomirtus
491 2879 596 2944 leniter
618 2881 698 2944 alios
725 2881 824 2962 tinpat
845 2881 996 2963 cnortpelii
1017 2882 1069 2945 sui
1092 2881 1211 2957 cratitio,
1265 2879 1399 2944 Iacobus
1415 2880 1460 2963 (2,
1484 2880 1546 2980 14).
1576 2880 1642 2944 Nee
1665 2880 1789 2945 Pardus
1809 2881 1840 2963 (l
1863 2882 1946 2945 Tim.
1970 2886 1995 2959 l,
2017 2881 2051 2964 b)
2072 2883 2242 2962 requireret

235 2966 316 3030 alios
332 2967 461 3044 penitics
478 2967 604 3028 induent.
637 2965 706 3030 Hoc
723 2967 848 3030 interim
869 2967 1030 3031 termidum
1046 2972 1098 3045 est,
1116 2986 1213 3048 qu-‹m-
1265 2988 1285 3029 a
1315 2966 1396 3046 tiliis
1416 2966 1480 3030 Dei
1507 2967 1601 3047 pdmu
1629 2988 1689 3032 non
1715 2966 1836 3047 pictum,
1864 2969 1929 3031 nisi
1958 2969 2035 3047 arcia
2062 2968 2153 3031 multi
2181 2967 2241 3031 sibi

236 3052 352 3114 tumvis
371 3053 483 3131 eeiepm
504 3052 545 3115 sit
567 3073 603 3116 oc
624 3052 733 3117 debilis
754 3053 789 3115 in-
806 3052 1001 3133 electistidcs,
1023 3054 1213 3132 quictamus
1264 3052 1411 3115 amiciter
1432 3057 1580 3134 arropant
1601 3053 1683 3131 quod
1704 3068 1765 3117 non
1786 3052 1912 3131 babenb,
1941 3058 1969 3117 ct
1990 3054 2080 3117 inani
2101 3054 2173 3135 suco
2194 3053 2242 3117 ml

237 3136 371 3217 spiritns
399 3136 462 3201 Dei
495 3142 576 3200 certa
608 3137 675 3203 illis
703 3138 801 3202 orrba
827 3145 871 3202 est
903 3160 940 3203 ac
968 3139 1110 3221 sipillnm
1137 3158 1213 3201 snae
1264 3138 1344 3202 alios
1375 3137 1422 3201 vel
1453 3138 1609 3201 interdum
1640 3158 1673 3201 sc
1705 3141 1791 3221 ipsos
1816 3138 1942 3220 fallunt.
1992 3138 2105 3220 Itaque
2131 3139 2241 3202 bonam

237 3222 426 3306 adoptionis,
457 3242 616 3303 nunqnam
644 3244 681 3286 en
709 3244 815 3287 eonem
841 3216 985 3289 cordibus
1006 3224 1103 3289 deleri
1119 3244 1213 3306 posse
1264 3224 1480 3287 conscientiam
1501 3243 1592 3287 oreae
1613 3229 1787 3303 conceperat,
1815 3225 1851 3288 in
1879 3247 1944 3306 qna
1970 3224 2144 3289 custoditur
2164 3225 2242 3306 tides

238 3308 306 3373 einis
327 3307 518 3387 scripturam
525 3333 535 3386 ,·
561 3309 704 3389 reprobos
732 3330 802 3373 cero
824 3312 883 3375 tali
903 3310 968 3375 lnce
990 3312 1113 3394 osperpi
1134 3331 1214 3390 quoe
1265 3308 1355 3394 (ibid.
1387 3309 1457 3391 19).·
1485 3308 1561 3389 quio
1588 3311 1679 3374 mult-i
1706 3310 1744 3374 ab
1771 3311 1830 3375 illa
1857 3311 2023 3375 encidendo
2049 3312 2133 3374 eirea
2163 3311 2243 3375 tione

233 3398 342 3475 posteo
364 3392 526 3475 dispereat.
561 3394 667 3474 Neque
688 3400 792 3459 tamen
811 3396 956 3475 [edacem
972 3417 1036 3461 esse
1052 3397 1213 3477 spiritum:
1264 3395 1471 3476 nonsropium
1488 3395 1632 3475 licerium

236 3479 314 3561 auio
344 3497 447 3542 seneen
474 3480 556 3558 qnod
582 3481 657 3544 iacit
684 3482 846 3551 incorum
868 3481 1026 3561 cordibus,
1052 3503 1112 3545 non
1132 3483 1212 3546 vivi-
1355 3484 1401 3543 13.
1439 3481 1583 3544 Yencnda
1603 3483 1696 3545 ctiam
1716 3487 1761 3546 est
1782 3481 1929 3565 aribipua
1950 3482 2241 3566 verbisipuifieatio.

234 3566 316 3645 picot,
338 3569 374 3627 nt
394 3584 513 3645 seripur
534 3571 657 3630 resonent
673 3567 915 3647 incorruptibile,
937 3569 1030 3633 sinidi
1051 3570 1086 3631 in
1104 3568 1213 3633 clectis.
1268 3565 1366 3647 Saepe
1395 3568 1477 3631 mrim
1508 3567 1587 3647 fides
1616 3568 1796 3631 tantundem
1826 3569 1905 3632 colet
1936 3588 1973 3632 ae
2003 3589 2086 3634 sana
2113 3571 2243 3651 pietatis

244 3647 337 3719 Ultra
357 3650 505 3731 procedo:
532 3672 605 3715 nam
634 3672 730 3733 quiem
756 3674 795 3716 en
821 3656 995 3735 scripturae
1021 3655 1160 3719 doctrino
1187 3659 1215 3718 et
1265 3652 1413 3730 doctrina,
1435 3653 1515 3716 sicut
1535 3673 1567 3717 eo
1589 3674 1679 3734 quem
1699 3655 1975 3733 nupercitonimus
1992 3655 2061 3734 loco,
2085 3661 2114 3719 ct
2135 3655 2241 3719 endem

236 3736 417 3819 quotidiano
433 3756 495 3799 usu
506 3742 625 3815 nointel,
648 3738 792 3818 reprobos
809 3740 966 3803 interdum
984 3740 1071 3822 affici
1087 3741 1214 3805 divinae
1265 3739 1408 3819 epistola,
1441 3739 1496 3803 ubi
1526 3739 1651 3805 Paulus
1677 3740 1822 3804 diaconos
1847 3746 1946 3805 tenere
1971 3741 2036 3804 vult
2059 3741 2241 3823 musterium

234 3823 358 3905 pratiae
384 3843 492 3899 sensu,
520 3824 676 3903 quoddam
697 3826 801 3888 mutui
823 3827 940 3890 ommis
961 3827 1151 3892 desideri-nm
1178 3827 1213 3889 in
1262 3825 1336 3906 ndei
1365 3826 1400 3888 in
1422 3845 1510 3905 pura
1539 3827 1723 3890 coiiscieutia
1752 3825 1784 3909 (1
1806 3826 1889 3921 Tim.
1916 3830 1951 3903 3,
1971 3828 2014 3910 9).
2064 3826 2156 3901 Inar,
2187 3825 2241 3887 ubi

236 3907 363 3973 iteruin
385 3908 528 3972 cordibus
549 3911 679 3973 encitori
700 3930 819 3975 neccsse
838 3917 889 3976 cst.
926 3910 979 3976 Sic
1000 3914 1036 3976 in
1053 3911 1149 3977 Saule
1170 3912 1214 3975 ad
1264 3910 1426 3975 denuntiat
1451 3912 1648 3991 quorumdam
1673 3912 1868 3993 defeetimeem
1896 3933 1918 3976 a
1942 3913 2004 3993 tide
2025 3912 2114 3996 (ibid.
2137 3916 2172 3987 4,
2196 3910 2238 3993 l).

234 3996 357 4074 tempus
373 3994 474 4076 oipnit
483 3996 562 4075 pins
581 3996 707 4076 affictus
723 4000 758 4059 ut
774 3996 879 4061 Deum
896 4003 1022 4077 optaret,
1040 4020 1062 4061 o
1082 4019 1142 4079 quo
1154 4019 1213 4079 pa·
1265 3995 1320 4060 En
1339 3998 1476 4078 opposito
1502 4002 1606 4062 autem
1633 3998 1709 4062 dicit
1730 4000 1898 4063 enutritum
1917 3999 2018 4080 fnisse
2047 3995 2252 4073 Timotheum

235 4083 320 4144 terne
341 4099 373 4143 se
392 4081 521 4144 tractari
543 4082 651 4159 sciens,
673 4082 783 4162 almon
803 4081 950 4148 bmritatis
969 4085 1038 4148 eius
1055 4084 1214 4149 dulcedine
1265 4081 1365 4147 uerbis
1390 4082 1466 4163 tidei
1491 4082 1584 4168 (ibid.
1609 4106 1639 4149 v.
1666 4083 1709 4169 6).
1753 4083 1846 4163 Item,
1879 4085 1933 4148 ubi
1964 4084 2053 4161 dicit,
2080 4083 2241 4164 mosanas

237 4164 425 4244 capiebatur.
470 4167 516 4230 At
547 4167 807 4247 quenadmodum
838 4169 994 4234 radicitus
1024 4190 1085 4233 non
1110 4169 1214 4234 nuere
1264 4170 1432 4233 inuisitatus
1451 4173 1479 4232 et
1499 4171 1704 4250 oppositiones
1722 4170 1807 4252 falso
1826 4172 2003 4235 nominatae
2018 4169 2181 4247 scientiae,
2206 4171 2242 4232 in

238 4251 274 4314 in
294 4250 433 4332 reprobis
454 4252 491 4317 dc
506 4257 639 4333 paterno
660 4253 725 4318 Dei
746 4275 851 4319 ornere
870 4256 1052 4335 persuasio:
1068 4258 1125 4331 ¹ita
1151 4276 1213 4319 non
1264 4274 1361 4319 consa
1388 4274 1452 4319 esse
1479 4260 1514 4318 ut
1541 4256 1679 4320 multia
1698 4256 1760 4336 tide
1781 4257 1941 4321 discedant
1961 4256 1996 4340 (2
2015 4256 2099 4320 nim.
2119 4258 2149 4335 2,
2173 4255 2243 4338 16).·

231 4336 335 4413 ,solide
356 4356 424 4401 eum
445 4338 608 4402 rulaneaut
629 4344 663 4401 nt
680 4340 759 4419 filii,
788 4343 843 4406 sed
868 4343 1054 4407 rnercertorio
1080 4342 1214 4423 quodam
1265 4361 1343 4421 quos
1369 4340 1446 4404 alibi
1466 4341 1610 4424 reprobos
1626 4347 1712 4408 vocat
1732 4343 1816 4407 circa
1833 4342 1936 4422 fidem
1983 4342 2084 4407 Siniti
2104 4363 2241 4420 mersum,

236 4423 347 4503 affcmu
379 4422 540 4488 demiretur.
586 4424 674 4488 Num
706 4427 765 4490 soli
795 4425 921 4492 Obristo
949 4428 1006 4492 linc
1032 4428 1094 4511 lepe
1119 4429 1213 4493 datus
1264 4427 1318 4491 nbi
1343 4427 1414 4492 Tito
1428 4429 1586 4509 praecipit
1606 4429 1683 4512 (nit.
1706 4434 1733 4508 l,
1756 4432 1793 4492 13
1812 4437 1845 4492 at
1864 4432 1892 4505 2,
1912 4427 1962 4509 2).·
1984 4430 2115 4494 admone
2136 4449 2187 4493 eos
2208 4432 2243 4491 ut

237 4513 281 4573 cst
300 4510 436 4591 spiritus
456 4510 508 4574 illc
524 4511 652 4581 amoris.
672 4516 708 4574 nt
728 4533 799 4576 eum
819 4514 966 4579 membris
986 4515 1055 4579 suis
1075 4514 1211 4580 instillet.
1264 4513 1337 4577 sani
1357 4515 1421 4579 sint
1442 4514 1477 4577 in
1496 4515 1570 4595 tide,
1595 4517 1743 4579 sanitatis
1769 4534 1838 4578 noce
1865 4515 1948 4579 nibil
1972 4516 2064 4580 aliud
2089 4514 2241 4596 iutellipit,

239 4593 305 4659 Nec
330 4600 405 4660 certe
433 4597 557 4680 lcnpius
584 4618 680 4678 quarn
706 4599 749 4661 ad
770 4598 874 4664 eleetos
901 4604 989 4680 patet
1010 4600 1092 4665 illud
1114 4599 1213 4664 Pauli
1263 4620 1359 4681 ptam
1380 4600 1537 4665 doetrinae
1558 4603 1744 4683 puritate-m,
1772 4621 1851 4680 quac
1870 4601 2031 4666 bominum
2052 4602 2173 4666 levitate
2191 4600 2241 4680 sa-

237 4678 349 4765 (Rom.
368 4687 401 4758 5,
423 4682 472 4765 5):
498 4685 619 4765 diffusa
645 4688 690 4747 est
712 4685 828 4750 coritas
849 4685 914 4750 Dei
936 4687 971 4749 in
992 4687 1086 4751 corda
1106 4691 1212 4751 nostra
1264 4687 1321 4750 cite
1341 4688 1551 4767 corrumpitur
1573 4693 1600 4751 ct
1620 4689 1785 4770 deponeret.
1821 4686 1941 4768 Nempe
1960 4689 2038 4769 quia
2059 4688 2095 4751 in
2108 4684 2239 4761 Cbristo,

230 4768 460 4846 perspiritum
480 4774 634 4848 sonctnrn,
656 4770 712 4849 qui
733 4771 825 4834 datus
843 4777 888 4836 est
906 4771 1009 4851 nobis,·
1035 4793 1142 4854 nempe
1162 4792 1213 4837 eo-
1263 4793 1354 4853 qnem
1375 4774 1515 4854 possidet
1538 4773 1629 4854 tides,
1662 4772 1833 4837 absconditi
1865 4779 1938 4838 sunt
1969 4793 2073 4838 omnies
2101 4772 2241 4837 tlusouri

237 4852 317 4915 ritas
338 4873 417 4932 urnae
437 4854 535 4931 illuni
556 4875 651 4936 pram
672 4875 772 4936 supra
790 4858 888 4940 att-ipi,
910 4859 1112 4924 invocationis
1131 4856 1213 4937 fidit·
1263 4860 1410 4924 seientioc
1436 4864 1464 4924 et
1490 4859 1664 4940 sapientiae
1685 4856 1769 4942 (Col.
1791 4861 1825 4933 2,
1851 4857 1901 4943 3),
1931 4861 2041 4924 rnerito
2066 4858 2241 4923 ertemtitur

236 4937 318 4999 ciam
337 4943 470 5017 poterat.
516 4938 616 5004 Siniti
640 4961 678 5004 ec
699 4944 835 5023 opposito
856 4945 1006 5023 cidemus,
1028 4944 1134 5009 Deum
1154 4945 1212 5007 mi·
1263 4945 1307 5009 ad
1339 4950 1433 5010 totam
1465 4944 1601 5009 coelestis
1631 4944 1789 5008 doetrinae
1820 4964 1990 5023 summam,
2027 4966 2049 5008 a
2084 4965 2147 5026 pua
2178 4964 2242 5008 neu

236 5020 378 5085 rabiliter
397 5023 494 5087 irasci
514 5024 594 5103 til-iis
611 5026 679 5089 suis
699 5048 775 5109 quos
792 5049 901 5094 aniore
920 5052 982 5095 non
1001 5031 1131 5096 desinit:
1150 5051 1212 5095 non
1257 5035 1358 5111 potest
1388 5030 1541 5113 separari.
1588 5026 1703 5093 Contra
1735 5031 1778 5094 ad
1803 5032 2002 5111 particulare
2033 5031 2163 5112 aliquod
2191 5029 2241 5095 ob

128 5174 136 5197 ι
236 5107 318 5189 quod
338 5109 427 5188 apud
447 5128 480 5174 sc
501 5130 551 5174 eos
567 5110 674 5187 oderit,
696 5114 750 5177 sed
766 5115 843 5195 quio
864 5120 978 5181 terrere
994 5138 1044 5182 cos
1062 5117 1128 5181 ond
1143 5117 1212 5182 irae
1262 5116 1375 5180 iustum
1412 5113 1583 5196 aliquando
1621 5116 1828 5199 restrinpitur.
1885 5115 1986 5181 Siniti
2029 5138 2126 5198 quum
2165 5118 2242 5182 dicit

235 5213 313 5259 ,suae
339 5212 444 5273 senisu,
473 5200 508 5260 nt
534 5197 713 5275 snperbiam
739 5201 846 5264 camnis
873 5201 1026 5281 bunn'liet,
1060 5209 1212 5284 torporem
1263 5201 1443 5267 Muttbaeus
1465 5201 1509 5284 (9,
1530 5203 1548 5261 2
1568 5198 1680 5287 sequ),
1706 5200 1871 5267 Christum
1878 5202 1973 5284 tidem
1990 5224 2097 5268 eorrcm
2114 5203 2241 5280 vidisse,
