4672 5842
161 295 222 354 917
511 289 601 354 LIB.
624 288 685 354 IV.
720 289 793 369 ‚Du
815 285 1052 354 EXTERNIS
1074 287 1241 354 afflans
1264 288 1328 354 AD
1352 287 1583 355 SALUTEM.
1629 289 1728 356 CAP.
1751 292 1832 356 XII.
2112 301 2175 360 918

161 478 319 557 lautitiae,
342 496 380 541 ao
401 478 537 560 plebeiis
558 477 790 560 vilioribusque
812 477 893 542 cibis
914 477 1061 543 contenti
1082 498 1141 559 pa·
1193 477 1462 562 quadragesimae
1491 480 1687 544 observatio:
1718 481 1793 563 quia
1816 492 1848 546 et
1872 480 1992 567 vulgus
2014 484 2174 550 eximium

160 565 265 630 latum
288 563 436 629 delicatis
458 585 522 629 uon
551 564 728 628 irritemus.
774 561 978 642 Quantitatis
1000 564 1083 628 ratio
1104 565 1142 627 in
1192 563 1236 629 ali
1260 564 1323 629 uod
1351 565 1542 647 obsequium
1566 564 1645 630 -Deo
1673 588 1707 631 se
1736 568 1772 631 in
1800 589 1839 632 ea
1867 577 2037 651 praestare
2061 571 2173 636 existi·

160 651 223 715 hoc
245 658 310 729 est,
339 656 378 714 ιιι
399 651 528 732 parcius
550 669 588 714 ao
609 648 715 714 levius
737 649 831 714 solito
853 671 1039 730 vescamur3
1067 656 1140 714 tan-
1193 586 1317 729 madeat,
1347 661 1380 716 et
1406 661 1553 734 pastores
1580 672 1654 716 eam
1683 652 1956 719 commendabant
1978 675 2038 737 pro
2060 664 2175 722 sancta

160 745 232 801 tum
253 734 292 799 ad
316 738 554 813 necessitatem,
575 756 641 800 non
660 737 760 800 etiam
782 735 824 800 ad
845 734 1056 819 voluptatem.
1193 735 1320 802 Christi
1338 737 1533 816 imitatione;
1557 738 1811 820 quumplanum
1833 741 1964 804 sitnon
1995 740 2068 806 ideo
2091 743 2174 806 ieiu-

253 827 300 885 19.
346 825 393 886 At
420 843 497 887 vero
526 842 656 905 semper
683 821 862 905 inprimis
892 820 1076 887 cavendum
1099 841 1140 885 ne
1192 843 1288 887 nasse
1306 821 1477 887 Christum
1494 831 1531 887 ut
1552 823 1624 888 aliis
1641 825 1829 907 exemplum
1850 825 2093 909 praescriberet,
2116 827 2174 893 sed

160 906 238 991 quid
274 907 411 990 obrepat
445 908 706 991 superstitionis,
739 906 1015 990 quemadmodum
1047 917 1141 972 ante·
1192 917 1231 972 ιιι
1252 908 1414 993 evangelii
1436 907 1714 991 praedicationem
1737 911 1783 976 sic
1806 912 2004 994 auspicando
2025 934 2092 977 non
2110 913 2173 978 hu·

160 996 224 1060 hac
247 1015 368 1078 magno
390 994 544 1059 ecclesiae
566 993 652 1059 malo
675 993 801 1059 accidit.
847 993 955 1058 Multo
978 994 1067 1058 euim
1089 1014 1141 1058 sa
1193 1014 1326 1058 manam
1355 992 1537 1059 doctrinam
1571 1016 1657 1074 esse,
1687 995 1745 1061 sed
1774 997 1903 1062 ecoelo
1930 998 2110 1081 profectam
2136 1020 2175 1077 re

159 1082 228 1145 tius
263 1080 361 1144 fuerit
395 1080 525 1144 nullum
554 1101 688 1163 prorsus
716 1101 786 1145 esse
808 1081 1005 1144 ieiuniorum
1032 1100 1140 1158 usum,
1192 1082 1266 1163 ipsa
1287 1078 1519 1163 comprobaret.
1556 1084 1607 1146 Ac
1629 1083 1749 1146 mirum
1772 1096 1821 1147 est
1842 1090 1912 1146 tam
1933 1104 2077 1148 crassam
2100 1083 2172 1150 hal·

162 1188 262 1249 quam
295 1165 474 1249 diligenter
506 1166 687 1242 observari,
721 1176 755 1229 et
787 1166 921 1230 interim
951 1175 1142 1248 corruptum
1193 1166 1426 1231 lucinationem
1455 1167 1643 1232 hominibus
1673 1168 1760 1232 acuti
1788 1168 1897 1234 iudicii
1928 1170 2084 1253 obrepere
2103 1191 2172 1253 ,po-

160 1273 231 1318 ssse
248 1251 340 1316 falsis
363 1252 615 1335 perniciosisque
638 1252 852 1335 opinionibus,
877 1251 919 1315 ad
942 1273 1023 1334 quas
1044 1273 1141 1314 ruun-
1194 1251 1309 1331 tuisse,
1337 1273 1419 1335 quae
1446 1259 1495 1317 tot
1522 1274 1559 1317 ac
1588 1261 1656 1317 tam
1678 1253 1776 1318 claris
1798 1255 1979 1320 rationibus
2002 1255 2171 1322 refellitur.

160 1338 222 1403 dus
244 1337 384 1403 subinde
402 1336 572 1418 delabitur,
596 1339 660 1402 nisi
681 1359 810 1402 summa
826 1337 891 1402 fide
910 1356 948 1404 ao
965 1337 1142 1420 prudentia
1192 1337 1269 1403 Non
1287 1338 1375 1403 enim
1394 1339 1523 1420 saepius
1545 1338 1671 1403 ieiunat
1688 1339 1861 1419 Christus,
1874 1341 1960 1423 quod
1981 1343 2054 1407 fieri
2076 1363 2172 1425 opor·

160 1423 292 1489 obviam
320 1433 398 1490 eant
423 1433 577 1506 pastores.
622 1424 774 1488 Primum
803 1432 853 1488 est
875 1431 913 1488 ut
934 1445 1063 1507 semper
1084 1444 1141 1487 ur-
1193 1425 1259 1488 tuit
1291 1426 1318 1488 si
1352 1425 1570 1490 anniversarii
1602 1425 1718 1489 ieiunii
1753 1426 1860 1510 legem
1895 1425 2024 1493 tmdere
2061 1429 2171 1508 vellet,

160 1518 261 1593 geant
279 1509 365 1592 quod
383 1509 477 1575 docet
497 1511 567 1574 Ioel
589 1510 633 1595 (2,
657 1511 719 1594 13),
743 1508 921 1574 scindenda
939 1531 1010 1574 esse
1032 1509 1139 1588 corda,
1193 1510 1250 1575 sed
1277 1511 1377 1574 semel
1406 1519 1551 1589 tantum,
1580 1532 1683 1592 quum
1704 1533 1745 1576 se
1773 1511 1814 1575 ad
1842 1512 2004 1595 evangelii
2027 1514 2172 1594 promul·

161 1617 227 1660 uon
255 1597 468 1676 vestimenta,
498 1597 558 1662 hoo
589 1606 651 1674 est,
675 1595 875 1660 admoneant
902 1596 1046 1678 plebem,
1074 1617 1140 1659 ιιοιι
1193 1598 1359 1680 gatiouem
1388 1597 1538 1679 accingit.
1584 1596 1653 1661 Nec
1679 1597 1805 1661 ieiunat
1832 1598 1978 1662 humano
2001 1620 2104 1673 more,
2135 1607 2173 1665 ιιι

160 1682 274 1765 magni
295 1703 355 1764 per
376 1703 411 1747 se
440 1683 606 1747 aestimari
636 1703 655 1745 a
683 1681 756 1746 Deo
778 1682 945 1759 ieiunium,
969 1683 1033 1746 nisi
1056 1681 1141 1745 adsit
1193 1704 1254 1765 par
1285 1689 1357 1747 erat
1383 1683 1411 1745 si
1432 1682 1581 1747 homines
1604 1681 1646 1747 ad
1667 1682 1883 1748 imitationem
1905 1704 2081 1766 provocare
2103 1685 2172 1749 vel·

162 1769 299 1833 interior
325 1767 432 1834 cordis
460 1768 610 1847 affectus,
641 1789 720 1832 vera
749 1769 873 1852 peccati
903 1778 937 1832 et
966 1768 1140 1850 suiipsius
1193 1768 1255 1846 let;
1278 1767 1336 1832 s'ed
1359 1768 1464 1850 magis
1483 1768 1671 1852 exemplum
1689 1767 1840 1852 designat
1857 1791 1920 1850 quo
1938 1771 1973 1833 ιιι
1991 1770 2043 1835 sui
2065 1771 2173 1852 potius

162 1853 382 1937 displicentia,
410 1876 489 1920 vera
511 1854 708 1934 humiliatio,
736 1874 899 1936 verusque
921 1852 1012 1918 dolor
1034 1875 1075 1917 ex
1098 1854 1141 1916 ti·
1194 1853 1445 1918 admirationem
1482 1875 1594 1919 omues
1633 1856 1740 1937 rapiat
1777 1875 1877 1937 quam
1910 1854 1951 1919 ad
1986 1855 2173 1920 aemulandi

161 1960 254 2003 more
286 1939 359 2005 Dei.
409 1940 482 2004 Imo
514 1941 671 2005 ieiunium
702 1962 769 2004 non
803 1940 901 2004 aliam
934 1940 974 2004 ob
1007 1960 1142 2005 causam
1194 1939 1340 2005 studium
1357 1941 1484 2005 excitet.
1522 1941 1676 2022 Denique
1697 1961 1763 2003 non
1787 1941 1920 2007 aliaest
1942 1943 2037 2007 istius
2060 1943 2172 2006 ieiunii

162 2025 242 2090 utile
264 2046 350 2104 esse,
381 2027 444 2091 uisi
466 2025 552 2109 quod
573 2028 643 2091 istis
666 2025 790 2091 accedit
811 2026 904 2090 velut
925 2026 1062 2090 inferius
1084 2025 1142 2089 ad·
1194 2026 1277 2090 ratio
1307 2046 1405 2108 quam
1433 2026 1502 2090 eius
1530 2048 1593 2108 quo
1623 2025 1794 2091 defunctus
1818 2035 1889 2090 erat
1916 2027 2040 2104 Moses,
2070 2048 2174 2110 quum

161 2112 363 2176 miniculum.
419 2112 513 2176 Nihil
553 2113 642 2176 enim
681 2113 786 2196 magis
826 2120 1017 2177 exsecratur
1048 2110 1142 2176 Deus
1194 2112 1302 2196 legem
1335 2132 1353 2175 e
1384 2134 1487 2176 manu
1513 2111 1650 2176 Domini
1679 2113 1839 2194 acciperet
1867 2112 1986 2190 (Exod.
2015 2118 2073 2191 34,
2105 2114 2170 2198 28).

161 2218 261 2280 quam
280 2197 359 2262 dum
376 2199 535 2277 homiues,
556 2200 650 2282 sigua
673 2205 706 2262 et
728 2207 901 2262 externam
923 2198 1064 2280 speciem
1081 2217 1141 2279 pro
1194 2198 1282 2262 Nam
1309 2219 1410 2280 quum
1438 2196 1520 2261 illud
1549 2200 1585 2262 in
1606 2199 1700 2263 Mose
1723 2197 1849 2262 editum
1870 2207 1956 2263 esset
1976 2198 2173 2264 miraculum

164 2283 271 2349 cordis
300 2285 487 2350 innocentia
513 2284 709 2362 obiiciendo,
739 2285 851 2350 fucum
877 2283 937 2349 sibi
960 2284 1067 2349 facere
1088 2304 1142 2349 co·
1195 2284 1236 2348 ad
1270 2283 1499 2348 stabiliendam
1533 2283 1616 2367 legis
1645 2286 1872 2363 autoritatem,
1904 2306 1971 2348 non
1998 2284 2110 2350 debuit
2135 2286 2172 2350 in

166 2377 298 2434 uantur.
343 2370 459 2453 Itaque
482 2371 517 2433 in
545 2370 631 2436 hano
652 2370 842 2455 hypocrisin
864 2368 1069 2435 severissime
1091 2369 1142 2432 in-
1194 2368 1328 2437 Christo
1349 2370 1574 2451 praetermitti,
1597 2391 1640 2433 ne
1662 2371 1728 2453 legi
1755 2370 1963 2454 evangelium
1986 2369 2100 2436 cedere
2122 2370 2172 2437 vi·

166 2455 301 2520 vehitur
316 2455 438 2523 Iesaias
462 2456 527 2541 (58,
548 2457 592 2540 5),
613 2456 700 2539 quod
716 2456 831 2520 Iudaei
849 2455 1052 2521 satisfactum
1068 2455 1142 2521 Deo
1195 2455 1336 2521 deretur.
1381 2457 1485 2538 Atqui
1507 2454 1548 2520 ab
1570 2477 1607 2520 eo
1629 2464 1776 2539 ternpore
1798 2456 1922 2521 nemini
1945 2477 2093 2539 unquam
2115 2478 2172 2521 ve-

164 2548 321 2624 putarent
349 2541 406 2606 ubi
433 2542 661 2607 ieiunaverant
689 2543 863 2620 duntaxat,
890 2549 1059 2623 utcrmque
1080 2542 1142 2604 im·
1194 2543 1246 2605 nit
1272 2542 1307 2605 in
1329 2550 1487 2618 mentem,
1517 2549 1692 2623 praetextu
1713 2526 1906 2606 imitationis
1928 2542 2047 2620 Musis,
2071 2542 2172 2607 talem
2293 2571 2294 2575 ¹

162 2629 319 2711 pietatem
341 2635 374 2693 et
390 2629 537 2711 impuras
559 2629 772 2712 cogitationes
794 2629 829 2692 in
851 2629 961 2692 animo
982 2628 1140 2693 foverent
1194 2627 1307 2692 ieiunii
1335 2628 1475 2691 formam
1503 2629 1538 2691 in
1565 2629 1685 2711 populo
1710 2628 1886 2692 israelitico
1915 2629 2050 2711 erigere.
2102 2628 2172 2695 Neo

161 2713 333 2798 Numquid
361 2715 427 2778 tale
449 2724 513 2793 est,
535 2714 657 2797 inquit,
686 2714 848 2778 ieiunium
870 2712 958 2795 quod
979 2714 1141 2778 Dominus
1194 2713 1280 2778 ullus
1309 2736 1352 2778 ex
1380 2714 1501 2779 sanatis
1532 2713 1701 2796 prophetis
1730 2734 1768 2777 ac
1788 2712 1935 2796 patribus
1955 2713 1990 2777 id
2012 2724 2172 2796 sequutus

161 2799 282 2884 elegit?
307 2808 441 2883 atquae
459 2809 650 2884 sequnntur.
686 2801 760 2864 Non
781 2800 884 2884 igitur
901 2799 1026 2864 inutilis
1044 2798 1141 2862 modo
1194 2807 1245 2864 est
1266 2820 1367 2882 quum
1389 2807 1502 2864 tamen
1524 2799 1566 2864 ad
1588 2821 1701 2864 omnes
1723 2800 1793 2882 pias
1821 2799 2069 2864 exercitationes
2092 2799 2172 2865 satis

161 2908 199 2951 ao
217 2907 422 2969 supervacue
440 2886 588 2970 fatigatio
606 2895 657 2952 est
674 2886 915 2970 hypocriticam
929 2886 952 2970 ¹)
970 2886 1140 2964 ieiunium,
1194 2886 1296 2950 animi
1313 2906 1351 2950 ac
1368 2886 1429 2949 aeli
1452 2886 1619 2950 haberent.
1658 2885 1746 2949 Nam
1763 2884 1850 2968 quod
1872 2884 1912 2949 de
1933 2885 2011 2950 Elia
2032 2886 2172 2950 habetur

163 2970 220 3035 sed
242 2971 389 3035 maxima
411 2973 618 3039 abominatio.
664 2972 818 3037 Alterum
846 2971 971 3036 malum
993 2972 1071 3037 huic
1094 2971 1141 3035 af-
1195 2970 1334 3122 fflReg.
1361 2976 1415 3049 19,
1438 2972 1490 3056 8),
1513 2992 1589 3036 eum
1612 2972 1682 3037 sine
1703 2971 1774 3036 cibo
1796 2978 1829 3036 et
1850 2979 1928 3054 potu
1951 2970 2173 3055 quadraginta

161 3058 229 3121 fine
251 3077 457 3140 summopere
479 3059 663 3125 cavendum
685 3067 748 3135 est,
777 3080 820 3122 ne
842 3079 901 3141 pro
923 3079 1020 3142 opere
1042 3057 1142 3122 meri·
1219 3059 1263 3124 'es
1285 3059 1492 3141 transegisse,
1516 3079 1582 3123 non
1604 3057 1667 3122 alio
1685 3056 1870 3139 pertinebat
1891 3078 1989 3139 quam
2012 3066 2050 3120 ιιι
2091 3078 2173 3140 opu-

162 3142 246 3205 torio
264 3152 320 3206 aut
338 3144 443 3225 specio
462 3143 566 3210 divini
587 3145 694 3210 cultus
712 3152 893 3210 conseatur.
929 3143 1017 3208 Nam
1039 3164 1143 3226 quum
1194 3144 1246 3209 lus
1275 3151 1466 3228 agnosceret
1493 3164 1569 3208 eum
1594 3144 1773 3209 excitatum
1802 3162 1873 3208 esse
1894 3143 1977 3226 logis
1998 3144 2056 3208 vin
2079 3143 2172 3223 icem,

164 3229 206 3293 sit
227 3247 279 3292 res
301 3249 360 3310 per
381 3251 416 3294 se
434 3227 550 3308 media,
573 3252 633 3296 nec
651 3229 829 3314 quidquam
846 3230 967 3295 habeat
984 3229 1142 3294 momenti
1195 3250 1216 3293 a
1231 3251 1297 3313 qua
1314 3230 1414 3314 vulgo
1433 3251 1534 3313 prope
1552 3236 1641 3295 totus
1662 3229 1768 3295 Israel
1787 3229 1977 3294 desciverat.
2013 3229 2094 3293 Fuit
2110 3229 2173 3312 igi·

163 3314 228 3379 nisi
249 3323 382 3396 propter
404 3335 459 3380 eos
479 3317 562 3381 fines
584 3318 620 3380 in
642 3338 723 3399 quos
750 3317 911 3400 respicere
934 3314 1046 3394 debet,
1068 3336 1142 3399 per-
1195 3323 1251 3381 tur
1268 3338 1361 3381 mera
1378 3318 1551 3394 κακοζηλία,
1575 3323 1609 3380 et
1630 3316 1869 3397 superstitionis
1891 3315 1998 3397 plena,
2021 3314 2108 3396 quod
2129 3315 2173 3378 ti·

162 3398 379 3465 niciosissima
396 3402 583 3484 superstitio
601 3410 659 3482 est,
682 3403 880 3468 confundere
899 3424 974 3467 oum
991 3402 1151 3485 operibus,
1194 3402 1264 3466 tulo
1282 3423 1320 3468 ac
1339 3403 1446 3468 colore
1464 3403 1656 3467 imitationis
1674 3401 1800 3466 Christi
1822 3400 1982 3465 ieiunium
1999 3400 2172 3466 ornabant

166 3482 280 3549 aDeo
301 3485 474 3562 mandatis,
498 3497 532 3552 et
551 3509 611 3572 per
633 3510 668 3553 se
690 3489 891 3566 necessariis
914 3510 982 3552 non
1004 3488 1068 3553 alio
1090 3509 1142 3552 re-
1195 3487 1394 3571 Quanquam
1421 3490 1458 3553 in
1484 3487 1582 3554 modo
1604 3488 1719 3552 ieiunii
1739 3488 1824 3551 mira
1845 3495 1925 3551 tunc
1947 3494 2019 3551 erat
2036 3486 2174 3554 diversi·

162 3580 287 3653 spectu.
343 3571 421 3636 Tale
456 3574 520 3638 fuit
557 3574 635 3638 olim
671 3574 824 3639 delirium
857 3574 1140 3640 Manichaeorum:
1194 3582 1254 3653 tas,
1277 3583 1315 3638 ut
1335 3575 1437 3638 refert
1455 3573 1669 3640 Cassiodorus
1692 3595 1735 3638 ex
1752 3571 1896 3651 Socrate,
1920 3572 2077 3638 historiae
2095 3594 2173 3638 suae

162 3678 242 3739 quos
271 3653 349 3719 dum
381 3657 500 3722 refellit
527 3661 788 3745 Augustinus,²)
816 3662 896 3726 satis
923 3661 1010 3726 clare
1039 3659 1140 3738 docet,
1195 3660 1277 3725 libro
1295 3682 1390 3725 nono.
1427 3661 1570 3725 Romani
1592 3661 1690 3740 enim,
1713 3661 1828 3743 inquit,
1851 3681 1919 3723 non
1941 3660 2003 3723 nisi
2027 3667 2094 3723 tres
2112 3658 2173 3721 ba-

161 3742 323 3808 ieiunium
340 3762 407 3807 non
424 3745 490 3809 nisi
512 3746 552 3809 ab
574 3748 614 3811 iis
632 3768 714 3829 quos
737 3747 806 3812 dixi
828 3745 948 3812 finibus
966 3748 1142 3812 aestiman-
1193 3744 1316 3811 bebant
1343 3748 1559 3829 septimanae
1595 3746 1651 3812 sed
1679 3746 1745 3810 illis
1773 3746 1965 3811 continuum
1992 3754 2064 3806 erat
2089 3743 2172 3806 ieiu-

163 3828 252 3906 dum,
275 3848 335 3892 nec
354 3828 425 3892 Deo
443 3829 538 3895 aliter
560 3832 693 3916 probari
711 3834 775 3898 nisi
797 3854 835 3897 eo
854 3834 1023 3898 referatur.
1061 3833 1142 3896 'Per-
1194 3834 1296 3911 nium,
1319 3840 1456 3917 excepto
1479 3831 1531 3897 die
1554 3832 1716 3897 dominico
1745 3838 1778 3895 et
1801 3830 1945 3895 sabbato.
1990 3827 2117 3910 Illyrici
2140 3835 2173 3892 et

163 3917 230 3980 tius
253 3934 345 3979 error
366 3935 432 3978 non
454 3914 534 3980 adeo
555 3919 687 4001 quidem
708 3921 845 4003 impius,
868 3918 1070 4002 periculosus
1092 3926 1142 3983 ta-
1196 3919 1315 3985 Graeci
1334 3940 1401 3999 sex,
1421 3918 1477 3984 alii
1494 3926 1635 4001 septem;
1660 3917 1716 3981 sed
1735 3916 1893 3980 ieiunium
1910 3934 1970 3997 per
1987 3913 2171 3979 intervalla.

163 4022 255 4066 men:
279 4008 437 4082 tanquam
457 4024 561 4067 unum
583 4026 624 4069 ex
644 4006 828 4088 praecipuis
846 4006 960 4070 officiis
982 4005 1143 4069 morosius
1195 4005 1265 4071 Neo
1284 4006 1395 4070 minus
1417 4005 1452 4069 in
1474 4005 1620 4070 ciborum
1642 4002 1830 4068 discrimine
1853 3998 2062 4064 dissidebant.
2105 3999 2174 4066 Alii

164 4108 201 4153 ac
230 4085 370 4171 rigidius
396 4087 544 4171 exigere,
571 4110 609 4154 ac
630 4090 813 4156 immodicis
840 4091 995 4156 encomiis
1017 4092 1063 4157 sic
1086 4113 1143 4155 ex·
1196 4113 1262 4156 ιιοιι
1289 4092 1353 4156 nisi
1380 4111 1466 4173 pane
1494 4099 1527 4153 et
1554 4109 1638 4171 aqua
1665 4087 1897 4161 vescebantur,
1926 4085 1983 4149 alii
2010 4084 2175 4151 addebant

164 4173 279 4238 tollere
296 4181 336 4237 ut
354 4171 504 4238 homines
523 4196 556 4239 se
575 4175 698 4258 aliquid
714 4177 872 4250 eximium
889 4178 1005 4244 fecisse
1026 4183 1145 4261 putent
1196 4177 1298 4255 olera;
1327 4175 1469 4259 piscibus
1492 4174 1547 4239 alii
1574 4182 1608 4239 et
1635 4172 1821 4239 volatilibus
1849 4192 1916 4235 non
1940 4169 2174 4251 abhorrebant;

165 4281 266 4341 quum
287 4258 517 4324 ieiunaverint.
554 4260 630 4341 Qua
651 4262 686 4324 in
709 4270 801 4345 parte
824 4264 943 4327 nonin
960 4271 1068 4328 totum
1086 4286 1144 4328 ex·
1197 4263 1253 4326 alii
1286 4261 1415 4325 nullum
1451 4258 1617 4324 habebant
1650 4261 1686 4323 in
1720 4258 1800 4324 cibis
1829 4257 2013 4323 discrimen.
2065 4257 2176 4335 Hujus

165 4366 280 4411 cusare
298 4343 402 4411 audeo
423 4353 553 4412 veteres
569 4347 649 4429 quin
666 4360 700 4411 et
721 4348 962 4431 superstitionis
983 4350 1145 4432 quaedam
1197 4351 1296 4413 etiam
1328 4346 1532 4412 differentiae
1560 4347 1710 4410 meminit
1737 4345 1962 4428 Augustinus,
1997 4343 2176 4426 posteriore

166 4433 291 4496 semina
307 4432 452 4510 iecerint,
472 4440 505 4496 et
523 4433 727 4498 occasionem
743 4434 955 4515 praebuerint
976 4434 1146 4520 tyrannidi
1197 4434 1334 4518 epistola
1355 4433 1397 4497 ad
1418 4432 1620 4497 Ianuarium.
1634 4430 1659 4518 ¹)
2130 4450 2137 4457 ·

165 4537 248 4599 quae
266 4526 378 4600 postea
396 4526 510 4583 exorta
527 4527 584 4584 est.
622 4517 809 4584 Occurrunt
826 4519 960 4602 quidem
978 4519 1145 4585 interdum
1284 4524 1334 4584 21.
1387 4517 1535 4602 Sequuta
1568 4526 1646 4584 sunt
1679 4515 1797 4583 deinde
1830 4516 1990 4581 deteriora
2018 4523 2176 4596 tempora,

166 4622 265 4666 sanae
284 4624 320 4669 ao
337 4603 517 4686 prudentes
534 4605 576 4670 de
593 4606 713 4670 ieiunio
736 4606 931 4685 sententiae;
953 4605 1011 4672 sed
1032 4614 1146 4690 postea
1198 4613 1232 4671 et
1259 4606 1301 4670 ad
1330 4615 1576 4689 praeposterum
1602 4604 1694 4689 vulgi
1724 4602 1872 4669 studium
1895 4601 2032 4667 accessit
2053 4601 2176 4684 episeo-

167 4697 343 4754 occurrunt
371 4686 511 4757 subinde
539 4689 733 4756 immodicae
760 4691 874 4756 ieiunii
901 4691 1029 4772 laudes,
1061 4713 1145 4777 quae
1197 4712 1314 4776 porum
1332 4702 1404 4756 tum
1419 4693 1550 4757 inscitia
1568 4699 1601 4756 et
1622 4691 1756 4766 ruditas,
1779 4697 1849 4753 tum
1867 4686 1965 4752 libido
1988 4685 2177 4751 dominandi

167 4774 278 4856 ipsum
297 4774 384 4839 inter
405 4779 598 4862 praecipuas
620 4779 759 4843 virtutes
781 4774 951 4842 extollunt.
1197 4787 1231 4844 et
1253 4779 1446 4863 tyrannicus
1467 4779 1565 4861 rigor.
1609 4777 1716 4841 Latae
1738 4784 1815 4841 suut
1841 4775 1962 4856 impiae
1982 4774 2071 4857 leges
2094 4793 2177 4855 quae

256 4863 305 4924 20.
350 4861 395 4925 Et
433 4869 512 4930 tunc
550 4865 673 4950 passim
705 4863 891 4928 invaluerat
923 4864 1147 4946 superstitiosa
1197 4865 1414 4931 conscientias
1447 4863 1634 4929 exitialibus
1668 4861 1810 4928 vinculis
1838 4861 2015 4944 stringrmt.
2067 4859 2177 4928 Inter-

1199 4949 1305 5016 dictus
1335 4952 1483 5015 carnium
1509 4969 1584 5015 esus
1613 4949 1708 5033 quasi
1734 4947 1902 5013 hominem
1929 4946 2178 5011 contaminaret.

170 5036 245 5043 .-.-
255 5036 369 5042 -----

190 5224 195 5234 Ι
240 5152 491 5274 l)b1ypocritarum
511 5154 687 5248 ltauseqq.¹
736 5156 765 5223 2)
784 5156 859 5210 Libr.
877 5154 902 5209 9.
922 5156 955 5209 de
974 5158 1070 5211 morib.
1089 5155 1146 5209 lia·
1332 5227 1340 5247 Ἰ

169 5221 239 5276 urob.
259 5240 280 5276 c.
336 5230 392 5274 ,ει
412 5222 474 5277 libr.
493 5223 534 5277 30.
554 5232 649 5279 contra
666 5228 802 5280 baustum
1271 5227 1300 5293 l)
1317 5227 1367 5294 lap·
1387 5223 1438 5276 118
1456 5221 1524 5291 (Ml
