4672 5842
167 317 229 380 933
506 314 596 409 LIB.
620 315 680 381 lv.
724 317 789 383 DE
810 314 1047 382 EXTERNIS
1064 316 1231 428 MEDIIS
1253 318 1318 384 AD
1339 316 1570 385 SALUTEM
1615 317 1714 410 CAR.
1737 319 1837 386 XIII.
2111 329 2176 392 934

166 500 382 569 monachismi
404 504 496 581 ratio,
519 505 635 569 utrix
657 505 834 588 quidquam
851 507 956 588 magis
974 505 1141 584 dissimile,
1194 508 1359 573 exsecrari
1392 506 1526 572 debent:
1561 514 1599 571 ut
1632 508 1753 573 scilicet
1785 510 1930 592 fingatur
1962 510 2071 592 aliqua
2101 535 2173 580 1111

167 612 210 653 11
233 588 339 653 dcam
362 589 569 668 centrarium,
598 591 749 673 reperias.
796 589 967 674 Siquidem
987 591 1142 657 monaehi
1194 593 1368 674 perfectior
1389 592 1521 658 vivendi
1545 593 1667 676 regula,
1691 614 1789 676 quam
1811 597 1874 659 ista
1894 599 2074 662 eommunis
2097 601 2172 662 uni-

166 675 286 752 nostri,
313 693 380 739 101
401 677 545 740 contenti
575 696 613 740 ea
642 676 763 758 pietate
789 679 880 742 cuius
907 678 1006 742 unius
1033 676 1142 743 studio
1194 700 1308 745 versae
1336 679 1490 744 ecclesiae
1519 701 1539 743 a
1568 680 1640 744 Dee
1672 678 1801 744 tradita.
1847 681 1935 747 Huic
1957 680 2171 749 fundamento

167 781 243 827 suos
272 781 343 825 esse
366 769 522 843 perpetuo
546 763 689 827 intentos
711 761 866 828 Christus
888 763 993 842 iubet,
1022 785 1142 828 novam
1194 763 1353 847 quidquid
1382 765 1633 847 superstruitur,
1668 786 1734 830 non
1762 767 1827 830 nisi
1855 766 2071 833 abominabile
2100 791 2172 835 esse

166 848 277 912 nescio
312 867 409 928 quam
439 848 676 930 imaginantur,
704 849 798 913 cuins
829 849 1043 914 meditatione
1076 850 1143 915 sint
1193 859 1308 932 potest

167 933 240 998 aliis
261 932 413 997 omnibus
434 933 651 1014 perfectiores.
1143 961 1150 974 ·
1283 940 1330 1000 13.
1368 936 1496 1000 Verum
1511 935 1695 1001 aliud'suae
1713 938 1919 1018 perfeetionis
1937 947 2172 1023 argumentum

257 1023 304 1081 ll.
348 1018 422 1084 Hoc
449 1020 477 1083 si
504 1027 641 1102 negant,
675 1021 758 1084 scire
786 1021 827 1085 ab
855 1021 920 1085 illis
943 1021 1055 1100 velim,
1083 1041 1142 1085 cur
1194 1022 1345 1099 affcrrmt,
1370 1020 1455 1104 quod
1477 1021 1538 1085 sibi
1565 1023 1789 1087 firmissimum
1813 1045 1883 1088 1111
1906 1032 2029 1106 putant.
2074 1026 2172 1090 Dixit

167 1103 316 1168 ordinem
344 1126 440 1168 suum
468 1105 676 1187 perfectionis
704 1105 802 1170 titulo
828 1128 931 1171 unum
954 1106 1140 1190 dignentur,
1194 1108 1282 1171 enim
1300 1108 1463 1172 Dominus
1486 1106 1620 1191 (Matth.
1644 1112 1691 1186 19,
1712 1112 1768 1186 213
1786 1108 1867 1173 Luc.
1895 1115 1942 1188 10,
1965 1110 2021 1193 26)
2042 1110 2171 1176 adules-

166 1198 200 1255 et
223 1188 363 1254 eundem
385 1191 536 1256 omnibus
554 1191 617 1255 Dei
640 1191 862 1257 venationibus
883 1191 1037 1257 adimant
1075 1193 1141 1257 Ne-
1194 1194 1279 1257 canti
1313 1191 1353 1258 de
1386 1193 1582 1274 perfectione
1616 1194 1759 1258 iustitiae
1791 1197 2023 1279 interroganti:
2061 1197 2089 1261 si
2121 1198 2170 1262 vis

124 1330 136 1341 .
167 1297 231 1358 quc
250 1296 304 1339 me
322 1275 403 1339 latet
419 1275 477 1340 illa
494 1275 670 1358 sophistica
687 1278 819 1342 solutio:
840 1301 905 1342 non
923 1277 995 1343 ideo
1015 1280 1061 1343 sic
1084 1300 1141 1343 vo·
1192 1279 1355 1360 perfectus
1377 1278 2170 1364 11111111110111111111111111,11111111-

166 1362 235 1428 cari
257 1361 333 1443 quia
353 1362 585 1443 perfectionem
607 1364 642 1426 in
665 1384 700 1428 sc
722 1364 903 1442 contineat,
927 1364 985 1428 scd
1006 1364 1082 1447 quia
1100 1362 1142 1428 ad
1192 1364 1334 1447 peribus.
1380 1363 1419 1429 Id
1442 1385 1486 1428 an
1505 1365 1627 1429 faciant
1647 1366 1724 1446 ipsi,
1748 1365 1894 1429 nendum
1916 1365 2055 1448 disputo.
2100 1367 2169 1432 De-

165 1445 397 1530 aequirendam
439 1448 671 1530 perfectionem
714 1449 758 1514 sit
800 1450 947 1514 emnium
990 1451 1140 1532 optimus.
1193 1471 1267 1515 mus
1308 1452 1369 1516 hec
1403 1449 1467 1514 illis
1501 1451 1536 1514 in
1568 1451 1762 1533 praesentia.
1810 1452 1978 1517 Perfectos
2005 1454 2107 1535 igitur
2134 1474 2169 1518 11

167 1532 280 1613 Quum
304 1555 338 1597 se
360 1531 597 1615 apudplebem
618 1535 796 1614 venditare,
820 1557 923 1618 quum
945 1535 1080 1601 rudibus
1103 1558 1141 1602 ac
1192 1536 1294 1601 factes
1322 1537 1458 1614 iactant,
1487 1535 1598 1601 emnia
1626 1556 1685 1600 sua
1711 1536 1931 1619 relinquendo.
1978 1535 2016 1602 Si
2041 1538 2077 1601 in
2106 1539 2170 1605 hoe

165 1620 290 1703 ignaris
318 1616 569 1685 adulescentulis
597 1621 754 1703 laqueum
773 1622 921 1699 iniicere,
951 1643 1052 1704 quum
1074 1624 1141 1704 pri-
1193 1621 1256 1686 sita
1287 1631 1337 1686 est
1368 1622 1575 1704 perfectionis
1609 1644 1750 1699 summa,
1786 1623 1864 1704 quid
1892 1623 1954 1688 sibi
1982 1623 2055 1688 vult
2083 1623 2171 1706 qued
2275 1691 2278 1695 ,

166 1705 287 1787 vilegia
310 1725 368 1768 sua
390 1726 544 1783 asserere,
566 1727 667 1788 quum
689 1708 725 1770 in
746 1707 886 1771 alierum
909 1708 1141 1772 contumeliam
1192 1704 1317 1772 Paulus
1347 1706 1440 1773 decet
1469 1707 1500 1791 (l
1527 1707 1601 1772 Cor.
1628 1712 1680 1787 13,
1705 1707 1755 1790 3),
1784 1729 1859 1772 eum
1889 1710 1944 1791 qui
1972 1709 2082 1773 omnia
2110 1730 2170 1774 sua

165 1811 260 1856 suam
281 1790 474 1873 dignitatem
492 1791 649 1857 extollere
670 1793 794 1868 volunt,
817 1795 941 1859 iactant
958 1814 994 1858 se
1016 1814 1086 1859 1111
1104 1794 1140 1857 11
1191 1793 1395 1858 distribuerit
1423 1793 1634 1874 pauperibus,
1663 1794 1727 1857 nisi
1749 1794 1918 1859 0111111111
1942 1794 2056 1873 habet,
2084 1794 2169 1859 nihil

166 1885 254 1942 statu
278 1877 495 1958 perfectionis.
542 1876 654 1957 Quum
687 1879 821 1960 propius
848 1887 1008 1962 urgentur
1042 1900 1141 1961 quam
1193 1879 1285 1944 esse‘l
1332 1877 1449 1958 Qualis
1475 1880 1539 1943 ista
1560 1888 1611 1944 cst
1632 1880 1787 1963 perfectio
1810 1901 1910 1961 quae,
1939 1879 1967 1944 si
1996 1880 2088 1945 abest
2115 1901 2169 1945 ea·

165 1972 204 2027 ut
225 1962 358 2027 inanem
375 1963 460 2028 hanc
479 1965 701 2047 arrogantiam
719 1965 805 2028 tueri
826 1974 955 2047 queant
978 1965 1019 2028 ad
1040 1965 1141 2030 istum
1194 1966 1289 2040 ritas,
1318 1966 1351 2029 in
1380 1965 1523 2029 nihilum
1551 1987 1628 2030 cum
1650 1966 1781 2030 homine
1804 1965 1984 2048 redigitur?
2029 1966 2094 2031 Hic
2117 1987 2169 2030 re-

166 2048 355 2114 cuniculum
377 2050 569 2132 suffugiunt,
592 2072 626 2114 se
649 2049 797 2114 nendum
819 2051 1051 2134 perfectionem
1070 2072 1141 2116 esse
1193 2050 1373 2133 spondeant
1399 2072 1531 2115 necesse
1558 2058 1623 2129 est,
1656 2072 1821 2114 summum
1848 2051 1908 2116 hoc
1936 2051 2082 2133 quidem,
2111 2050 2168 2116 sed
2196 2060 2200 2065 '

165 2144 394 2216 consequutus,
420 2135 458 2199 in
485 2156 523 2199 eo
550 2142 661 2200 tamen
682 2143 771 2200 statu
793 2157 863 2201 esse
885 2157 949 2218 que
970 2135 1012 2200 ad
1034 2138 1141 2219 ipsam
1192 2137 1832 2219 101111011111110111101101110111.
1868 2137 1996 2201 Verum
2018 2137 2072 2202 hic
2090 2158 2170 2219 quo-

164 2242 244 2303 prae
279 2221 351 2285 aliis
379 2222 535 2303 aspirant.
587 2222 726 2285 Interim
757 2232 871 2286 manet
898 2222 956 2286 illa
983 2223 1019 2286 in
1047 2222 1141 2304 plebe
1192 2243 1255 2304 que
1283 2222 1439 2288 reclamat
1460 2222 1586 2287 Paulus
1615 2222 1699 2307 (eoa
1725 2226 1758 2300 3,
1785 2222 1852 2306 14),
1875 2224 1932 2306 qui
1955 2245 2019 2287 non
2042 2223 2170 2287 dubitat

165 2306 351 2385 admiratio,
384 2309 477 2388 quasi
510 2307 579 2372 sola
612 2307 682 2372 vita
713 2307 894 2374 monastiea
918 2308 961 2373 sit
983 2309 1139 2390 angelica,
1191 2310 1374 2388 caritatem,
1404 2309 1474 2372 sine
1496 2308 1654 2372 eiusmodi
1681 2309 1936 2385 renuntiatione,
1964 2309 2070 2373 facere
2093 2310 2167 2373 vin·

164 2392 325 2475 perfecta,
353 2392 394 2457 ab
421 2394 511 2456 omni
539 2393 619 2457 vitio
642 2400 826 2478 repurgata.
871 2394 944 2459 Hoc
965 2402 1140 2477 praetextu
1191 2394 1301 2459 culum
1323 2394 1538 2476 perfectionis
1580 2393 1839 2471 1111101111,
1862 2395 1949 2458 inter
1971 2396 2167 2478 magistrum

165 2479 468 2560 quaestuosissimae
484 2478 650 2544 nundinas
667 2489 829 2545 excreant
861 2479 925 2544 Illa
942 2486 1052 2544 autem
1069 2502 1139 2544 mo·
1191 2490 1223 2544 11
1251 2480 1445 2563 discipulum
1475 2479 1559 2543 nihil
1585 2499 1656 2544 essa
1682 2478 1908 2558 dissensionis,
1944 2480 2026 2544 altar
2055 2487 2167 2545 autem

166 2564 292 2628 deratio
318 2564 354 2628 in
382 2565 495 2648 paucis
524 2565 616 2630 libris
638 2566 766 2648 sepulta
786 2573 907 2631 manet.
950 2566 1046 2631 Hanc
1068 2587 1139 2631 esse
1191 2566 1276 2630 clare
1298 2575 1412 2648 negat,
1438 2565 1581 2630 hominis
1603 2565 1833 2647 perfectionem
1860 2567 1895 2629 in
1923 2587 1961 2629 eo
1990 2566 2167 2631 consistere

164 2650 405 2716 intolerandam
431 2650 687 2716 ludificationem
714 2653 787 2733 quis
815 2674 882 2716 101
914 2652 1023 2716 videt?
1071 2649 1140 2717 Sed
1191 2662 1228 2716 ut
1250 2652 1318 2716 suis
1346 2650 1496 2716 omnibus
1518 2652 1700 2728 renuntiet,
1724 2661 1757 2714 et
1784 2673 1915 2715 mrsum
1937 2652 2007 2716 sine
2030 2672 2067 2716 eo
2089 2673 2166 2716 con-

164 2736 301 2819 perinde
311 2759 388 2803 cum
399 2737 479 2820 ipsis
496 2758 643 2820 11111111,
663 2759 700 2802 11
718 2739 746 2802 11
763 2738 847 2801 nihil
864 2738 938 2821 plus
956 2739 1139 2803 tribuerent
1191 2745 1278 2802 stare
1299 2738 1424 2815 asserit,
1448 2735 1626 2801 videndum
1648 2745 1697 2801 ost
1719 2737 1859 2818 qualiter
1880 2736 2105 2820 accipiendum
2122 2737 2167 2800 sit

165 2843 241 2887 suae
264 2823 456 2906 professioni
484 2843 582 2905 quam
604 2822 749 2889 vocando
770 2830 892 2888 statum
912 2823 1139 2906 adipiscendae
1190 2821 1272 2887 illud
1299 2822 1437 2888 Christi:
1472 2824 1500 2887 si
1533 2823 1584 2887 vis
1609 2823 1772 2904 perfectus
1805 2843 1890 2901 esse,
1925 2820 2029 2886 vende
2057 2822 2168 2887 emnia

164 2909 380 2990 perfectionis.
426 2907 515 2975 Sane
544 2908 606 2975 hoc
634 2909 701 2973 illis
728 2930 849 2974 nomen
871 2908 1044 2977 deferendo
1067 2920 1138 2975 tan·
1191 2930 1274 2991 quac
1309 2908 1419 2973 habes.
1464 2909 1568 2972 Porro
1596 2909 1734 2973 minime
1762 2907 1919 2974 obscurus
1947 2908 2010 2972 erit
2037 2928 2164 2986 sensus,
2218 2920 2225 2934 ·

165 3013 268 3074 quam
292 2995 423 3077 speciali
452 3002 531 3060 neta
554 2996 595 3059 ab
623 2995 695 3060 aliis
718 2996 805 3061 vitae
827 2996 1001 3078 generibus
1023 2995 1138 3061 distin·
1191 2997 1219 3061 si
1245 2994 1469 3077 expendamus
1497 2993 1598 3077 (quod
1625 2994 1661 3058 in
1683 2993 1833 3059 omnibus
1852 2992 1981 3063 curati
2003 2993 2167 3059 concioni-

165 3085 280 3162 guunt
314 3080 361 3144 Et
377 3081 450 3162 quis
472 3081 533 3146 hoc
552 3082 635 3146 ferat
651 3090 692 3146 ut
708 3088 820 3146 tantus
839 3082 945 3146 honor
962 3083 1138 3147 111111111-
1189 3079 1252 3145 bus
1273 3081 1447 3146 observare
1469 3101 1598 3162 semper
1618 3079 1786 3162 convenit)
1805 3079 1847 3143 ad
1864 3101 1961 3162 quem
1979 3077 2167 3161 dirigantur
2222 3134 2226 3142 .

165 3175 221 3226 tur
243 3164 285 3229 ad
307 3163 502 3243 institutum,
527 3188 690 3249 nusquam
714 3168 766 3232 vel
793 3189 860 3232 una
877 3168 1003 3252 syllaba
1019 3189 1138 3252 appro·
1191 3167 1271 3232 haee
1294 3166 1401 3232 verba.
1446 3165 1650 3231 Adulescens
1671 3167 1854 3250 interrogat
1875 3164 1992 3256 quibus
2014 3163 2167 3247 operibus

165 3250 301 3313 batum?
324 3251 438 3317 eodem
452 3252 608 3337 indignae
626 3261 821 3318 censeantur
834 3275 947 3319 omnes
961 3255 1025 3319 Dei
1044 3274 1139 3319 veca-
1189 3251 1394 3336 ingredictur
1420 3252 1457 3315 in
1485 3252 1587 3316 vitam
1614 3259 1791 3316 aeternam.
1837 3249 2003 3328 Christus,
2028 3250 2167 3332 quiade

165 3337 286 3415 tiones,
320 3357 411 3402 sacro
445 3339 515 3404 eius
543 3359 599 3403 erc
625 3360 692 3404 non
718 3339 815 3404 mede
842 3348 1051 3422 praeceptae,
1082 3338 1138 3405 scd
1190 3338 1344 3420 operibus
1361 3339 1544 3422 rogabatur,
1567 3358 1643 3403 eum
1660 3338 1803 3402 remittit
1820 3336 1862 3400 ad
1882 3336 1998 3420 legem.
2035 3336 2081 3400 Et
2097 3357 2167 3400 me-
2207 3351 2209 3354 ⁴

164 3421 347 3504 insignibus
379 3424 494 3508 elogiis
526 3425 682 3490 ornatae?
736 3426 783 3490 Et
814 3435 956 3509 quanta,
996 3427 1137 3505 obsecro,
1190 3425 1267 3502 rito;
1296 3432 1346 3489 cst
1367 3424 1455 3487 enim
1477 3424 1531 3488 via
1552 3430 1704 3488 aeternae
1726 3424 1830 3502 vitae,
1854 3423 1882 3487 si
1904 3424 1940 3487 in
1962 3443 1996 3486 se
2018 3420 2167 3487 censide-

164 3506 287 3571 iniuria
314 3510 352 3571 fit
373 3508 460 3588 Deo,
490 3532 591 3593 quum
619 3510 770 3577 omnibus
792 3513 879 3578 vitae
900 3513 1075 3594 generibus
1097 3513 1137 3578 ab
1189 3516 1297 3588 retur;
1330 3531 1391 3574 nec
1424 3508 1556 3574 aliunde
1585 3509 1731 3574 invalida
1758 3515 1807 3573 cst
1834 3508 1876 3572 ad
1904 3509 2045 3573 salutem
2072 3507 2168 3572 nobis

164 3594 391 3673 coordinatis,
415 3596 484 3661 eius
505 3598 690 3662 testimonio
707 3597 857 3677 laudatis,
880 3598 1139 3662 commentitium
1190 3595 1399 3674 afferendam,
1418 3617 1517 3678 quam
1535 3616 1577 3659 ex
1594 3595 1889 3677 nostrapravitatc.
1921 3595 1992 3659 Hee
2011 3613 2167 3675 response

164 3680 273 3744 nescio
296 3680 382 3761 quod
403 3682 605 3746 antefertur?
1189 3682 1368 3747 declaravit
1393 3680 1561 3760 Christus,
1585 3703 1620 3747 se
1643 3703 1710 3746 101
1738 3680 1839 3745 aliam
1862 3680 1949 3746 vitae
1976 3677 2166 3742 formandae

254 3768 301 3829 12.
347 3767 438 3850 Age,
467 3768 661 3833 calumniam
690 3789 762 3835 esse
788 3769 899 3834 dicant
926 3768 1013 3850 quod
1040 3775 1139 3833 antea
1189 3769 1352 3832 rationem
1374 3766 1513 3845 tradere,
1536 3764 1644 3849 'quum
1666 3787 1749 3850 quae
1776 3768 1812 3831 in
1840 3765 1913 3848 lege
1939 3762 2074 3826 Domini
2097 3768 2166 3824 111

163 3850 294 3928 tradidi,
314 3873 462 3917 nenesse
480 3863 649 3919 contentos
666 3856 867 3938 praescripta
884 3875 904 3918 a
920 3855 992 3919 Deo
1014 3854 1135 3938 regula
1189 3854 1257 3918 dita
1284 3853 1363 3917 elim
1390 3853 1507 3918 fuerat.
1552 3852 1606 3918 Ita
1628 3862 1661 3917 et
1688 3851 1914 3946 testimonium
1940 3848 2006 3930 legi
2034 3845 2165 3945 diuinae

163 3938 267 4020 Atqui
294 3938 423 4002 11111111
449 3947 588 4018 mecam,
617 3942 680 4024 ipsi
706 3941 781 4023 plus
808 3942 887 4006 satis
915 3961 951 4005 11
972 3948 1135 4006 10111111.
1189 3938 1354 4018 reddebat,
1384 3937 1471 4021 quod
1493 3945 1579 4004 esset
1600 3938 1761 4020 perfectae
1782 3936 1927 3999 iustitiae
1949 3931 2107 4009 doctrina,
2131 3938 2166 3996 et

163 4028 287 4106 Aperte
305 4025 395 4087 eninr
417 4022 534 4090 decent
555 4047 589 4089 11
611 4027 685 4108 plus
707 4028 816 4093 oneris
838 4027 1016 4111 suscipere,
1038 4047 1138 4109 quam
1189 4025 1286 4091 simul
1313 4025 1486 4090 calumniis
1513 4021 1714 4099 occurrebat,
1745 4042 1787 4085 ne
1809 4019 1976 4083 videretur
1996 4017 2164 4083 1011111-

163 4111 231 4174 suis
249 4108 401 4175 Christus
418 4111 624 4192 imposuerit:
643 4114 798 4194 quoniam
816 4113 1138 4196 sciliceterangelica
1189 4133 1253 4194 qua
1280 4109 1415 4176 vivendi
1439 4108 1553 4191 regula
1581 4106 1622 4171 ad
1654 4107 1736 4189 legis
1766 4105 1980 4170 defectionem
2007 4104 2164 4186 poprdum

163 4196 300 4269 consilia
332 4195 372 4260 de
400 4195 573 4279 diligendis
599 4197 755 4276 inimicis,
788 4196 829 4262 de
857 4219 925 4263 non
954 4197 1138 4281 appetenda
1188 4199 1332 4263 incitare.
1368 4195 1505 4259 Iuvenis
1523 4214 1588 4257 101
1611 4192 1690 4257 mali
1713 4191 1846 4288 quidem
1866 4191 1977 4268 animi,
2000 4189 2057 4255 sed
2080 4209 2165 4252 vana

163 4280 316 4358 vindicta,
340 4281 380 4345 de
402 4304 469 4346 nen
488 4281 636 4360 iurande,
660 4290 719 4348 etc.
743 4305 777 4348 se
795 4292 981 4351 servaturos
998 4286 1137 4367 premit·
1188 4282 1385 4349 confidentia
1406 4278 1559 4356 tumidus,
1584 4300 1618 4343 sc
1637 4278 1747 4342 emnia
1767 4276 1850 4360 legis
1868 4283 2042 4359 praecepta
2063 4295 2083 4337 a
2104 4295 2164 4355 pu-

164 4373 244 4443 tant,
262 4367 380 4450 quibus
397 4389 464 4432 101
481 4375 559 4432 sunt
570 4368 788 4433 communiter
807 4371 933 4435 astricti
944 4369 1135 4436 Christiani.
1189 4389 1245 4434 ero
1268 4386 1415 4433 servasse
1438 4364 1618 4447 respondet.
1665 4362 1763 4428 (lerto
1788 4364 1911 4428 certius
1933 4372 1984 4427 est
2003 4362 2164 4425 immenso

164 4452 204 4515 In
233 4473 271 4517 10
299 4476 399 4536 quam
425 4453 519 4518 nobis
548 4454 774 4536 antiquitatem
799 4454 999 4520 obtendant?
1044 4455 1137 4519 Nulli
1188 4454 1292 4537 spatio
1309 4451 1423 4535 procul
1446 4451 1486 4516 ab
1509 4471 1547 4515 eo
1570 4450 1721 4529 abfuisse,
1746 4469 1810 4532 quo
1832 4470 1866 4513 11
1888 4447 2077 4544 pervenisse
2099 4446 2164 4510 iac·

163 4559 308 4619 unquam
329 4548 480 4606 veterum
500 4539 563 4604 hoc
584 4539 676 4605 venit
696 4539 731 4603 in
753 4548 911 4605 mentem:
935 4562 1047 4606 011111
1069 4561 1139 4604 una
1187 4539 1286 4605 tabat
1338 4539 1397 4617 Et,
1424 4537 1453 4603 si
1479 4558 1558 4602 vera
1586 4537 1702 4601 fuisset
1723 4536 1889 4618 gloriatio,
1917 4532 2000 4598 nihil
2026 4531 2073 4630 illi
2108 4528 2166 4595 de·

163 4645 242 4687 veee
270 4625 427 4706 clamant,
462 4626 588 4691 nullam
614 4626 746 4708 penitus
778 4625 928 4691 voculam
955 4649 975 4691 a
1002 4626 1137 4691 Christo
1188 4626 1303 4690 fuisset
1330 4624 1372 4689 ad
1395 4644 1557 4689 summam
1579 4623 1820 4705 perfectionem.
1865 4615 2165 4702 81111111ωά1-

164 4709 332 4788 emissam,
365 4715 417 4777 cui
449 4735 515 4777 non
542 4713 586 4778 sit
618 4711 801 4777 necessarie
834 4711 1134 4794 obtemperandum.
1188 4717 1408 4776 menstratum
1429 4718 1488 4787 est,
1512 4709 1599 4792 quod
1620 4709 1707 4773 1111
1725 4708 1890 4773 contiueat
1910 4706 1965 4770 lex
1987 4704 2167 4787 perfectam

162 4794 210 4858 Et
232 4793 312 4860 hacc
337 4797 408 4878 ipsa
428 4800 632 4878 nominatim,
661 4820 744 4881 quae
770 4798 825 4863 isti
845 4797 922 4863 beni
943 4798 1138 4880 interpretes
1188 4798 1361 4874 iustitiam3
1385 4803 1418 4860 et
1440 4797 1500 4862 hec
1521 4796 1630 4877 ipsum
1651 4792 1728 4858 inde
1750 4799 1856 4875 patet,
1876 4790 1962 4873 qued
1985 4792 2038 4855 via
2061 4800 2166 4853 aeter·

163 4878 337 4945 Christum
355 4884 555 4952 cousuluisse
572 4884 733 4950 duntaxat
749 4890 927 4968 nugantur,
950 4885 1039 4948 iussa
1056 4904 1136 4962 case,
1189 4903 1251 4948 nae
1274 4882 1388 4948 salutis
1409 4891 1545 4947 vocatur
1576 4882 1646 4945 eius
1667 4878 1861 4944 observatio.
1906 4877 1953 4942 Ut
1975 4874 2166 4941 edoceretur

162 4966 256 5030 nulla
290 4967 488 5035 dubitatione
520 4972 639 5055 ubique
672 4971 797 5052 decent.
849 4968 917 5036 Sed
946 4970 1022 5052 quia
1047 4969 1137 5037 hune
1189 4969 1384 5053 quantulum
1404 4968 1438 5031 in
1460 4988 1499 5032 11
1515 4965 1640 5031 iustitia
1657 4964 1855 5047 prefecisset,
1878 4982 1977 5045 quam
1994 4983 2028 5026 sc
2050 4959 2168 5059 imple·

160 5052 468 5135 pestilentissimum
485 5079 629 5123 errorem
646 5079 717 5124 esse
735 5079 835 5140 supra
857 5056 1035 5135 docuimus,
1058 5057 1137 5121 satis
1188 5056 1275 5121 visse
1310 5055 1407 5119 nimis
1436 5052 1589 5117 audacter
1616 5049 1845 5133 responderat,
1879 5054 2166 5146 operaepretium

161 5138 216 5205 hic
238 5141 282 5205 sit
302 5141 446 5206 breviter
467 5150 609 5222 notasse,
640 5166 678 5210 ea
699 5145 850 5229 opinione
871 5140 1045 5208 fundatum
1066 5163 1138 5207 esse
1188 5142 1250 5206 fuit
1271 5139 1431 5207 familiare
1457 5139 1528 5204 eius
1555 5138 1671 5203 vitium
1692 5142 1854 5202 excutere.
1898 5135 2033 5200 Divrtus
2055 5138 2168 5198 autem

160 5226 425 5291 monachismum
442 5230 497 5310 qui
515 5238 680 5310 1110111,
702 5252 800 5314 quam
816 5231 935 5296 merito
956 5230 1002 5312 pii
1024 5250 1137 5295 omnes
1189 5248 1291 5312 quum
1318 5224 1513 5303 abundaret,
1543 5245 1598 5289 cor
1625 5224 1691 5289 illis
1717 5222 1855 5289 affixum
1882 5220 2030 5285 habebat.
2075 5218 2169 5301 urge

1911 5319 1967 5375 591
