4672 5842
114 310 176 373 597
345 307 435 373 nm.
459 307 519 372 ΠΙ.
561 309 625 373 DE
649 243 786 375 thDO
806 305 1157 375 summanum
1179 304 1371 377 efluls'm
1392 308 1611 377 auam.
1652 309 1757 376 CAP.
1780 308 1890 376 XVII.
2060 317 2125 381 598

113 496 245 562 literata
264 495 366 580 igitur
388 498 538 563 omnium
559 497 857 580 transgressionum
878 495 990 578 culpa,
1018 496 1091 578 qui·
1143 493 1215 558 ideo
1247 495 1327 560 iusti
1353 517 1548 578 apparemus
1576 519 1686 562 coram
1710 497 1798 576 Dec,
1831 499 1908 581 quia
1931 502 2001 566 eius
2026 503 2124 567 innc-

113 583 176 647 bus
197 580 422 665 impediuntur
441 582 591 647 homines
612 582 848 666 nequidquam
864 580 937 647 Deo
959 590 1092 664 gratum
1143 580 1252 645 centia
1283 589 1505 666 conteguntur
1537 592 1668 649 nostrae
1700 583 1905 666 iniquitates,
1945 585 1992 651 sic
2025 607 2124 669 opera

113 668 294 752 punierunt,
328 668 456 750 sepulto
489 670 587 734 etiam
619 668 871 751 imperfectionis
899 667 977 732 vitio
1005 666 1091 750 quod
1143 673 1255 730 nostra
1282 667 1369 732 insta
1389 675 1469 733 sunt
1497 676 1531 733 et
1553 667 1731 748 habentur,
1762 671 1840 752 quia
1860 670 2018 754 quidquid
2040 673 2123 738 alias

111 755 198 820 bona
220 774 347 837 quoque
369 775 468 836 opera
490 754 620 819 foedare
642 754 739 828 solet,
763 774 846 837 qnae
864 754 950 818 fiunt
970 775 991 818 a
1011 752 1091 819 fide-
1143 752 1215 816 vitii
1237 753 1271 816 in
1292 753 1372 834 ipsis
1392 762 1450 831 est,
1473 752 1599 820 Christi
1620 756 1765 837 puritate
1785 757 1952 840 sepultum
1972 779 2037 822 non
2059 758 2122 823 im·

112 839 198 905 libus
226 840 311 906 bona
332 861 444 922 opera,
472 841 560 905 iusta
580 847 770 916 censentur,
800 839 852 904 vel
881 838 982 922 (quod
1003 839 1091 904 idem
1143 846 1285 918 putatur.
1331 838 1385 904 Ita
1405 841 1522 904 meritc
1544 840 1651 905 dicere
1674 862 1855 923 possumus,
1879 842 1948 906 sola
1969 843 2035 907 fide
2055 864 2122 908 non

113 925 177 1010 θεῖ)
199 926 415 991 iniustitiam
436 928 648 1008 imputantur.
1143 930 1272 987 tantum
1294 945 1354 989 nos
1376 924 1434 990 sed
1455 947 1554 1008 opera
1575 927 1675 991 etiam
1698 934 1811 991 nostra
1831 927 2010 993 iustificari.
2049 929 2124 994 Iam

201 1017 229 1077 9.
273 1011 373 1077 Νιιιιθ
404 1011 488 1075 mihi
519 1014 548 1077 si
580 1013 654 1096 quis
680 1011 771 1078 istud
796 1011 935 1077 obiectet
961 1010 1003 1077 ad
1029 1012 1090 1076 im·
1143 1009 1170 1072 si
1192 1009 1257 1074 ista
1278 1011 1512 1094 qualiscunque
1541 1033 1678 1095 operum
1706 1012 1832 1076 iustitia
1859 1035 1878 1077 a
1905 1014 1970 1079 fide
1991 1022 2025 1079 et
2046 1036 2122 1098 gra-

112 1096 325 1182 pugnandam
343 1097 419 1162 fidoi
429 1097 597 1175 iustitiam,
615 1098 759 1180 primum
771 1097 986 1180 interrogabo,
1010 1119 1090 1161 num
1143 1095 1228 1159 tuite
1247 1096 1476 1162 irmtificatione
1498 1098 1633 1178 pendet,
1662 1105 1696 1163 et
1717 1099 1757 1163 ab
1781 1119 1819 1162 ea
1841 1099 1994 1177 efficitur,
2025 1100 2123 1166 debet

113 1185 211 1250 home
233 1183 340 1248 iustus
362 1191 533 1249 censeatur
561 1184 601 1248 ob
624 1206 727 1248 unum
753 1190 813 1247 ant
832 1183 974 1249 alterum
996 1203 1090 1248 sanc-
1142 1181 1202 1245 sub
1232 1203 1306 1246 eam
1327 1182 1465 1261 includi,
1495 1189 1527 1247 θῖ
1556 1179 1710 1266 tanquam
1737 1184 1873 1249 effectus
1900 1207 2016 1250 causae
2043 1207 2122 1252 suae

111 1280 183 1335 tum
205 1291 295 1352 opus,
318 1269 452 1352 reliquis
465 1271 553 1334 vitae
570 1270 721 1352 operibns
742 1269 824 1352 legis
847 1268 1089 1351 transgressor?
1143 1265 1196 1415 gut
1224 1266 1269 1330 ita
1295 1267 1424 1350 loquar)
1453 1267 1674 1350 sub01·dinari;
1702 1277 1830 1333 tanturm
1855 1272 1947 1336 abest
1975 1281 2012 1336 ut
2038 1273 2121 1356 erigi

111 1357 195 1422 Plus
213 1377 313 1438 quam
330 1355 511 1420 absurdum
532 1356 665 1439 quidem
687 1364 745 1420 est.
788 1354 914 1419 Deinde
925 1355 1091 1437 requiram
1165 1350 1259 1416 obest
1286 1351 1328 1416 sd
1356 1353 1449 1418 illam
1471 1355 1523 1420 vel
1545 1354 1778 1420 destruendam
1799 1355 1853 1419 vel
1874 1358 2120 1423 obscurandam

112 1464 157 1507 an
182 1442 223 1507 cb
251 1442 356 1506 multa
381 1463 508 1523 quoqne
537 1443 622 1506 bons
649 1463 761 1524 opera,
792 1440 977 1521 siquidem
996 1462 1090 1523 prae-
1114 1404 1117 1541 1
1143 1434 1199 1503 Sic
1215 1438 1343 1504 Paulus
1355 1440 1466 1522 (Rom.
1486 1446 1516 1519 4,
1536 1440 1580 1524 7),
1604 1449 1640 1505 ιιῖ
1661 1447 1862 1523 extorqueat,
1885 1443 2122 1508 beatitudinem

112 1528 320 1594 varicationis
347 1527 457 1609 aliqua
484 1530 520 1591 in
540 1535 634 1610 parte
662 1549 739 1593 reus
760 1526 911 1591 tenetur?
955 1527 1007 1591 Ne
1030 1526 1090 1590 hoc
1142 1533 1289 1587 noemam
1315 1525 1380 1590 Dei
1412 1526 1649 1603 misericordia,
1683 1548 1749 1590 non
1783 1528 1933 1609 operibus
1962 1537 2120 1609 constare,

111 1613 243 1696 quidem
265 1613 462 1700 contendere
484 1613 631 1691 audebit,
659 1613 857 1678 reclamante
885 1612 967 1696 legis
995 1634 1089 1677 sanc·
1142 1620 1239 1692 urget
1271 1611 1413 1675 maxime
1446 1611 1528 1675 illud
1561 1613 1701 1678 Davidis
1729 1613 1831 1695 (Psal.
1859 1617 1914 1690 32,
1946 1615 1993 1696 l):
2034 1616 2121 1679 beati

111 1700 214 1778 tione,
244 1697 496 1781 malcdictcsque
524 1721 637 1764 omncs
666 1699 903 1782 proclamante,
937 1698 993 1781 qui
1022 1718 1090 1763 non
1142 1716 1282 1776 quorum
1304 1696 1460 1761 remissae
1489 1706 1566 1763 sunt
1592 1700 1780 1781 iniquitates
1808 1707 1842 1763 et
1868 1721 2007 1781 quorum
2033 1706 2121 1766 tecta

112 1787 222 1850 omnia
242 1785 325 1868 legis
344 1785 502 1850 mandata
519 1785 561 1849 ad
577 1786 733 1849 ultimum
751 1784 962 1866 impleverint
974 1783 1088 1867 (Dent.
1142 1789 1223 1845 sunt
1254 1789 1399 1863 peccata;
1434 1783 1548 1848 beatus
1576 1786 1628 1849 cui
1657 1805 1723 1849 non
1754 1786 1929 1866 imputavit
1956 1784 2121 1850 Dominus

113 1875 164 1948 27,
177 1871 244 1955 26).
272 1871 327 1936 Ad
344 1871 426 1936 baec
445 1872 532 1936 ultra
554 1871 752 1955 progrediar,
775 1871 862 1934 sitne
885 1871 991 1934 ullum
1009 1892 1090 1953 opus
1142 1874 1321 1948 peccatum
1356 1865 1395 1932 si
1418 1869 1491 1950 quis
1513 1878 1626 1935 contra
1648 1870 1802 1935 obtrudat
1824 1872 1997 1935 innumera
2015 1870 2122 1954 elogia

112 1956 200 2038 quod
232 1956 354 2022 nullius
386 1958 585 2040 impuritatis
618 1964 677 2021 ant
707 1956 962 2039 imperfectionis
995 1956 1090 2040 argui
1142 1953 1259 2034 quibus
1276 1952 1407 2017 videtur
1428 1955 1594 2020 beatitudo
1617 1956 1769 2038 operibus
1788 1956 1858 2020 dari
1881 1957 2006 2039 (qualia
2025 1962 2118 2021 sunt:

88 2042 292 2131 ,mereatrmf
343 2043 390 2106 Et
410 2043 571 2125 quomodo
593 2051 678 2107 esset
699 2065 809 2109 coram
836 2042 876 2106 iis
898 2042 1000 2107 oculis
1022 2042 1091 2124 qni·
1143 2038 1257 2103 beatus
1280 2039 1332 2103 vir
1353 2041 1409 2120 qui
1431 2041 1526 2105 timet
1547 2042 1745 2119 Dominum,
1767 2043 1822 2124 qui
1844 2044 2018 2108 miseretur
2040 2063 2121 2124 pau·

112 2129 172 2194 bns
193 2151 254 2195 nec
276 2128 392 2193 stellae
412 2128 492 2194 satis
514 2129 656 2194 mundae
678 2136 773 2204 suut,
796 2149 857 2192 nec
880 2128 988 2212 angeli
1010 2129 1089 2194 satis
1143 2124 1244 2205 peris,
1267 2124 1323 2206 qui
1345 2146 1411 2189 nou
1434 2125 1615 2191 ambulavit
1633 2129 1670 2192 in
1692 2128 1826 2195 consilio
1849 2128 2040 2210 impiorum,
2064 2130 2121 2211 qui

111 2215 191 2280 iusti
210 2213 296 2365 gleb.
316 2219 345 2291 4,
371 2214 446 2298 18)?
481 2216 534 2279 Ita
558 2215 688 2280 nullum
710 2223 841 2278 exstare
863 2215 986 2279 bonum
1007 2234 1089 2296 opus
1142 2210 1259 2273 suffert
1287 2211 1500 2276 tentationem
1507 2236 1515 2290 ;
1544 2211 1629 2278 beati
1657 2216 1711 2297 qui
1740 2212 1927 2279 custodiunt
1953 2214 2120 2292 iudicium,

111 2322 209 2366 conce
232 2322 287 2366 ere
305 2308 447 2384 cogetur,
469 2300 555 2383 quod
577 2321 646 2364 non
666 2309 700 2364 θῖ
722 2299 877 2382 appositis
899 2299 962 2364 sibi
983 2308 1090 2364 trans·
1141 2295 1351 2372 immaculati,
1371 2316 1530 2379 pauperes
1541 2301 1658 2381 spiritu
1685 2301 1790 2377 mites,
1811 2300 2042 2379 misericordes,
2060 2307 2120 2366 ete.

111 2386 341 2469 gressionibus,
363 2393 397 2451 et
418 2409 478 2451 sna
498 2388 601 2469 ipsius
623 2387 831 2468 corruptione
853 2384 1015 2466 pollutum
1037 2385 1089 2462 sit,
1115 2404 1118 2469 i
1141 2380 1230 2447 Psal.
1253 2386 1322 2458 112,
1346 2387 1378 2460 13
1396 2382 1494 2447 Prov.
1517 2389 1565 2460 14,
1581 2390 1636 2463 213
1659 2352 1751 2450 l’sal.
1775 2390 1800 2462 l,
1824 2391 1858 2464 13
1887 2386 1993 2450 Iacob.
2017 2393 2044 2464 l,
2067 2389 2132 2469 123,

111 2493 154 2536 ne
176 2473 318 2537 iustitiae
340 2472 497 2538 honorem
521 2479 638 2538 teneat
679 2471 777 2552 Quod
799 2472 828 2537 si
850 2477 978 2536 constat
1000 2493 1021 2536 a
1038 2471 1089 2535 iu·
1115 2474 1118 2487 '
1142 2467 1231 2531 Psul.
1260 2471 1337 2545 106,
1363 2471 1381 2531 3
1405 2478 1439 2532 et
1463 2474 1595 2549 119,1;
1624 2472 1742 2535 Matth.
1766 2476 1801 2548 5,
1822 2470 1856 2554 3)
1884 2492 1950 2536 non
1980 2472 2124 2537 efficient

112 2558 306 2623 stificatione
327 2558 403 2624 fidei
424 2559 601 2642 proficisci,
630 2565 668 2622 nt
689 2579 788 2640 opera
808 2558 939 2640 impura
960 2557 1089 2639 alioqui,
1143 2553 1317 2634 quominus
1350 2575 1466 2618 verum
1499 2556 1543 2620 sit
1575 2557 1661 2638 quod
1696 2558 1742 2621 ait
1769 2558 1904 2622 Paulus.
1956 2556 2122 2639 Quoniam

110 2643 290 2723 immunda,
314 2644 493 2722 dimidiata,
516 2645 651 2729 indigna
672 2644 738 2708 Dei
759 2651 945 2742 conspectu,
969 2642 1090 2707 nedum
1143 2638 1232 2702 emm
1259 2638 1317 2702 illa
1342 2661 1425 2723 quae
1452 2642 1698 2722 praedicantur,
1732 2645 1841 2707 omnia
1872 2665 2041 2725 nunqnam
2075 2640 2123 2711 sic

111 2750 236 2808 amore,
264 2730 408 2799 iustitiae
434 2731 652 2814 imputentur:
682 2729 761 2812 quid
787 2729 887 2794 hmus
915 2729 1090 2794 iactatione
1143 2726 1281 2788 suntin
1310 2724 1443 2790 homine
1471 2734 1510 2791 ut
1538 2728 1610 2792 Dec
1633 2735 1797 2811 prepterea
1823 2729 1859 2792 id
1886 2729 2083 2811 approbetur,
2097 2729 2122 2813 ι)

112 2816 278 2882 destruere
300 2816 389 2881 illam
408 2817 606 2892 moliuntur,
629 2838 713 2898 qnae
735 2816 763 2880 si
785 2837 851 2879 non
873 2822 976 2893 esset,
1005 2815 1090 2881 hanc
1143 2811 1327 2887 conficitur,
1360 2811 1516 2877 miserum
1550 2835 1679 2897 semper
1710 2836 1782 2880 osse
1815 2815 1983 2878 homiuem
2010 2815 2074 2879 nisi
2102 2835 2135 2903 a,

111 2903 234 2966 frustra
262 2902 442 2968 iactarent?
488 2903 711 2985 Vipereumne
738 2908 870 2984 partum
897 2902 1004 2966 facere
1032 2922 1090 2966 vo-
1142 2897 1275 2961 miseria
1295 2918 1354 2978 per
1376 2899 1505 2963 veniam
1523 2909 1732 2983 peccatorum
1748 2902 1920 2965 eximatur.
1955 2897 2124 2980 Quoniam

111 2987 207 3052 lunt?
259 2989 311 3053 Eo
344 2989 433 3053 enim
467 2987 608 3054 tendunt
637 2988 813 3070 impiorum
845 2986 938 3051 dicta.
995 2986 1092 3052 Fidei
1144 3002 1222 3066 erge
1250 2982 1405 3049 universa
1433 3005 1516 3066 quae
1546 2987 1718 3068 scripturis
1744 2986 1949 3051 extolluntur
1981 2985 2124 3052 beatitu-

111 3075 376 3139 iustificationem
401 3076 613 3157 principium,
648 3071 912 3150 fundamentum,
947 3095 1089 3152 causam,
1143 3065 1229 3133 dinis
1258 3090 1394 3152 genera,
1426 3070 1521 3134 irrita
1549 3073 1736 3151 concidunt,
1764 3080 1800 3136 ut
1828 3071 1953 3136 nullius
1978 3072 2124 3137 fructum

111 3168 352 3242 argumentum,
375 3161 592 3226 substantiam
613 3181 748 3242 operum
765 3159 909 3224 iustitiae
931 3180 1002 3224 esse
1023 3181 1091 3224 non
1142 3154 1301 3236 percipiat
1327 3155 1424 3220 homo
1452 3157 1545 3223 donec
1573 3158 1803 3223 beatitudinem
1830 3164 2039 3240 peccatorum
2071 3178 2123 3223 re-

111 3252 251 3326 possunt
277 3246 428 3323 infitiari;
455 3246 655 3312 concludunt
682 3253 793 3310 tamen
821 3244 885 3310 fide
908 3267 975 3310 non
997 3246 1091 3310 iusti·
1143 3238 1298 3304 missione
1319 3241 1451 3323 adeptus
1470 3242 1583 3324 faerit,
1612 3265 1695 3326 qnae
1717 3243 1837 3309 deinde
1858 3242 1923 3308 illis
1943 3243 2053 3308 locum
2073 3243 2123 3309 fa·

111 3329 204 3395 ficari
226 3329 406 3409 hominem,
435 3331 520 3413 quod
545 3331 632 3396 bona
657 3353 784 3414 quoque
813 3351 912 3413 opera
939 3332 974 3396 in
996 3331 1091 3397 iusti·
1143 3325 1217 3402 ciat,
1240 3327 1389 3408 sequitur
1411 3329 1497 3394 hanc
1519 3350 1679 3396 essenon
1697 3329 1793 3395 modo
1805 3350 1967 3394 summam
1980 3336 2014 3394 ct
2025 3351 2122 3413 puw-

111 3417 192 3479 tiam
214 3423 415 3498 reputentur.
461 3416 664 3482 Omittamus
685 3439 762 3501 ergo
784 3417 865 3481 istas
886 3418 1035 3500 ineptias,
1058 3426 1092 3482 et
1143 3411 1280 3502 cipuam,
1302 3412 1510 3494 sedunicam,
1534 3417 1598 3481 nisi
1615 3417 1698 3480 forte
1716 3416 1799 3481 velis
1820 3417 1860 3480 ab
1877 3415 1943 3480 illis
1960 3415 2121 3495 enervari,

111 3499 197 3584 quod
225 3522 278 3565 res
306 3509 356 3567 est
381 3502 557 3567 fateamur:
588 3504 616 3567 si
645 3525 665 3568 a
686 3503 762 3568 fidei
783 3503 1011 3568 iustificatione
1034 3503 1090 3569 de-
1141 3517 1225 3579 quse
1246 3499 1283 3561 in
1301 3520 1340 3563 ea
1362 3500 1431 3564 sola
1451 3503 1643 3567 consistunt.
1677 3503 1784 3568 Multo
1801 3502 1868 3566 iam
1890 3503 2000 3566 minus
2022 3503 2123 3566 ratio·

110 3585 242 3670 pendet,
260 3588 493 3671 qualiscunque
510 3587 643 3653 tandem
660 3596 821 3666 censetur,
843 3610 979 3671 operum
996 3589 1091 3654 iusti·
1142 3583 1194 3648 nis
1221 3592 1271 3648 est
1298 3604 1358 3647 cur
1384 3608 1444 3651 nos
1466 3589 1660 3653 conturbare
1684 3588 1800 3653 debeat
1823 3589 1996 3670 appellatio
2019 3587 2122 3653 iusto·

112 3675 171 3750 tia,
201 3693 266 3737 non
294 3672 389 3737 modo
411 3696 470 3756 per
496 3674 580 3740 hanc
605 3674 688 3739 nihil
709 3674 875 3751 imminui,
903 3674 960 3739 sed
981 3676 1090 3757 potins
1141 3691 1231 3748 rum,
1269 3692 1352 3752 quae
1386 3670 1536 3738 fidelibus
1569 3675 1760 3756 plerumque
1792 3675 1955 3738 tribuitur.
2012 3674 2121 3739 Iustus

111 3758 312 3836 confirmari,
340 3780 404 3840 quo
432 3761 589 3824 nimirum
616 3762 666 3826 vis
693 3762 762 3826 eius
788 3761 951 3842 potentior
973 3761 1088 3826 elucet
1142 3761 1230 3819 certe
1263 3777 1283 3820 a
1316 3757 1402 3821 vitae
1436 3761 1653 3825 sanctimonia
1685 3761 1870 3841 nuncupari
1903 3760 2020 3836 fatecr;
2061 3757 2120 3822 ssd

111 3845 225 3928 Neque
236 3845 337 3909 etiam
354 3846 402 3911 sic
418 3854 572 3927 putemus
593 3846 814 3912 commendari
825 3848 1089 3930 pestgratuitam
1142 3862 1243 3923 quum
1271 3843 1308 3905 in
1334 3843 1478 3909 iustitiae
1506 3845 1652 3910 studium
1674 3848 1779 3928 magis
1800 3845 1994 3908 incumbant
2021 3864 2121 3925 quam

111 3931 377 3996 iustificationern
390 3952 497 4014 opera,
520 3940 559 3995 ut
580 3934 704 4015 etipsa
720 3933 876 3998 inlocum
890 3932 1089 3998 iustificandi
1141 3927 1301 3992 iustitium
1322 3930 1427 4012 ipsam
1446 3931 1614 4014 impleant,
1636 3931 1894 4013 qualemcunque
1917 3929 2003 3994 hanc
2024 3929 2121 3994 iusti·

111 4017 252 4083 hominis
269 4017 579 4100 posteasuceedant,
602 4025 661 4082 ant
678 4017 837 4084 eiusmodi
850 4019 996 4085 officium
1013 4041 1089 4085 oum
1142 4012 1223 4078 tiam
1249 4013 1326 4079 fidei
1346 4016 1569 4082 iustificationi
1597 4017 1713 4082 cedere
1735 4038 1795 4098 pur
1817 4024 1880 4093 est,
1908 4015 1997 4079 unde
2020 4014 2122 4081 habet

67 4117 70 4124 '
111 4102 176 4168 fide
197 4105 391 4186 partiantur.
436 4104 507 4168 Nisi
535 4105 624 4168 cuim
648 4116 806 4187 perpetuo
834 4113 964 4170 mancat
985 4104 1090 4170 solida
1140 4098 1175 4163 ill
1196 4100 1283 4182 quod
1305 4110 1363 4166 θεῖ.

111 4188 188 4254 fidei
209 4190 404 4268 iustificatio,
426 4189 558 4254 illorum
575 4190 800 4255 immundities
817 4190 995 4274 detegetur.
1029 4191 1089 4256 Ni·
1232 4190 1279 4250 ll.
1324 4185 1392 4252 Sed
1418 4189 1608 4253 enimcum
1628 4187 1747 4253 Iacobo
1769 4188 1843 4270 plus
1865 4187 1973 4253 adhuc
1996 4187 2121 4271 negotii

112 4273 158 4339 hil
182 4283 291 4340 autem
313 4277 473 4341 absonum
495 4289 559 4352 est,
580 4277 627 4341 sic
648 4275 712 4340 fide
731 4276 899 4342 hominem
920 4278 1089 4344 iustificari
1140 4271 1235 4337 nobis
1256 4281 1380 4338 restare
1402 4275 1503 4352 aiunt,
1527 4275 1637 4356 utqui
1656 4280 1769 4355 aperta
1787 4295 1864 4338 voce
1883 4274 1977 4338 nobis
2000 4293 2121 4355 repug-

112 4368 150 4425 ut
170 4381 237 4425 non
257 4363 327 4444 ipse
348 4361 446 4426 medo
467 4363 575 4425 iustus
597 4361 648 4438 sit,
671 4360 729 4426 sed
750 4382 849 4444 opera
869 4378 996 4446 qnoque
1018 4365 1089 4429 eins
1141 4364 1206 4422 net.
1247 4359 1352 4423 Docet
1374 4362 1462 4423 euim
1484 4359 1529 4443 (2,
1553 4365 1589 4422 14
1609 4358 1712 4445 seqq.)
1736 4370 1769 4425 et
1787 4358 1957 4424 Abraham
1978 4381 2020 4422 ex
2042 4377 2120 4440 ope·

111 4466 210 4527 supra
231 4447 426 4531 dignitatem
448 4448 536 4511 iusta
556 4455 761 4512 censeantur.
1141 4443 1232 4509 ribus
1252 4445 1353 4510 fuisse
1374 4445 1599 4524 iustificatum,
1623 4454 1656 4510 ct
1677 4468 1736 4511 nos
1759 4467 1884 4529 quoque
1906 4465 2019 4508 omnes
2042 4463 2118 4524 cpe-

201 4537 248 4596 10.
293 4534 368 4599 Hac
399 4534 525 4598 ratione
557 4532 783 4612 concedemus,
818 4556 886 4598 non
917 4535 1088 4617 partialem
1142 4530 1232 4594 ribus
1259 4531 1443 4609 iustificari,
1473 4553 1539 4596 non
1562 4531 1632 4596 sola
1659 4532 1732 4597 fide.
1778 4530 1866 4613 Quid
1889 4529 2013 4613 igitur?
2044 4550 2119 4611 per·

111 4615 207 4682 modo
239 4619 275 4682 in
307 4620 458 4702 operibus
491 4619 650 4684 iustitiam
685 4618 785 4701 (quod
818 4621 881 4702 ipsi
908 4618 1088 4685 adversarii
1140 4615 1316 4681 trahentne
1338 4617 1373 4681 in
1395 4624 1561 4682 certamen
1574 4619 1717 4683 Paulum
1739 4639 1812 4684 curn
1835 4615 1969 4680 laccho?
2005 4613 2043 4679 Si
2064 4614 2118 4680 Ia·

111 4703 242 4787 volunt)
270 4705 327 4770 sed
344 4705 491 4789 ‘perinde
519 4706 692 4788 approbari
720 4706 791 4770 Deo
818 4726 856 4771 ac
888 4706 918 4769 si
946 4707 1089 4787 perfecta
1140 4700 1257 4766 cobnm
1282 4722 1342 4784 pro
1371 4703 1496 4769 Christi
1519 4705 1669 4768 ministro
1692 4704 1826 4780 habent,
1856 4703 1903 4767 sic
1930 4699 2120 4783 accipienda

111 4788 323 4873 absolutaque
349 4792 440 4857 foret.
492 4789 560 4857 Sed
587 4792 616 4856 si
641 4791 888 4855 meminerimus
915 4812 979 4873 quo
1012 4793 1088 4856 fun·
1140 4795 1191 4852 est
1216 4789 1287 4853 eins
1312 4791 1487 4865 sententia,
1515 4810 1558 4853 ne
1585 4811 1605 4853 a
1632 4789 1764 4854 Christo
1793 4810 1852 4871 per
1878 4810 1913 4852 os
1939 4787 2039 4852 Pauli
2070 4786 2119 4852 lo-

112 4874 263 4941 damentn
276 4876 437 4956 fulciatur,
460 4878 567 4942 soluta
588 4877 652 4942 erit
668 4878 773 4942 omnis
785 4876 970 4942 difficultas
999 4877 1086 4942 Cra-
1140 4883 1259 4955 quente
1291 4874 1469 4939 dissentiat
1521 4871 1666 4956 Spiritus
1696 4896 1755 4957 per
1794 4896 1829 4939 os
1862 4873 1958 4939 Pauli
1992 4872 2117 4953 asserit,

111 4967 183 5024 urm
210 4963 298 5028 euim
324 4984 406 5045 opus
434 4971 512 5029 tunc
538 4961 671 5029 demum
700 4975 770 5029 esse
791 4963 907 5045 incipit
932 4963 990 5028 ubi
1011 4985 1087 5029 cum

110 5047 209 5114 venia
228 5049 413 5131 suscipitur.
448 5049 553 5115 Porro
574 5048 662 5115 unde
684 5055 790 5128 venia,
813 5049 877 5114 nisi
899 5049 977 5132 quia
994 5050 1087 5115 Deus

109 5155 169 5199 ¹¹⁰⁸
191 5146 225 5200 el
244 5143 359 5199 mm
380 5136 546 5235 ⁰m¹}l²,l¹²
558 5135 690 5235 (ἕψω
712 5134 882 5236 intuebar?
905 5133 1086 5236 ‚quemd‘
1208 5165 1237 5232 l)
1257 5165 1302 5219 Sic
1325 5166 1436 5232 cenail
1463 5165 1517 5219 Ed.
1535 5164 1603 5246 l559
1626 5167 1712 5221 locum
1736 5166 1847 5220 dubitus
1870 5171 1895 5218 ct
1912 5171 2052 5227 ceratam
2075 5164 2113 5230 cf.

109 5219 246 5285 modum
266 5239 346 5304 ergo
367 5242 427 5287 nos
442 5242 514 5303 rpsr,
537 5221 593 5287 ubr
609 5244 645 5286 m
658 5221 828 5289 Christum
849 5232 941 5289 insit]
962 5242 1085 5300 sumus,
1140 5233 1194 5289 Ed.
1211 5234 1335 5304 praeoed
1356 5232 1390 5286 X.
1410 5233 1451 5287 70.
1469 5236 1662 5290 attractata
1681 5235 1728 5302 (Τ.
1748 5234 1818 5304 Lp.
1837 5233 1911 5301 787).

1856 5320 1912 5376 38*
