4672 5842
219 273 281 335 363
867 262 1134 330 ΙΝΒΉΤΠΉΟ
1157 265 1261 331 REL.
1277 260 1467 342 ,cflmsn
1493 265 1583 327 1559.
2164 266 2229 329 364

592 424 598 432 .
1264 396 1271 425 Ι

219 458 252 544 (l
274 455 347 522 Cor.
368 460 396 533 2,
417 454 467 538 2):
496 454 579 519 nibil
602 455 683 519 seire
705 454 879 534 pretiosum
901 454 979 517 duni
1000 459 1129 533 praeter
1151 454 1200 518 Ie
1250 454 1430 534 temporale,
1457 451 1521 516 imo
1547 451 1643 516 etiam
1668 451 1820 516 caducnm
1846 471 1912 517 esse
1932 452 2096 516 cernimus.
2140 449 2228 534 Erqo

217 564 290 611 snm
314 541 483 621 Christum,
506 547 534 606 et
555 540 635 606 irruere
657 541 848 621 erueifeum.
892 540 980 620 Qriod
1001 540 1199 604 uerissimum
1223 478 1226 611 i
1252 539 1397 605 Obristns
1422 542 1458 602 ut
1481 557 1567 618 sporn
1593 538 1629 600 in
1655 539 1750 602 coetos
1776 543 1917 602 reodram
1937 538 2071 616 attollat,
2098 558 2229 621 requam

217 635 279 707 est,
312 630 389 709 qnia
417 629 505 693 ultra
534 628 688 709 eoanqelii
715 626 947 706 simplieitatem
969 625 1119 708 proqrcdi
1144 626 1199 706 fas
1222 622 1226 675 l
1249 646 1344 691 suurn
1360 624 1549 705 pronuntiat
1569 643 1631 687 non
1652 644 1717 687 esse
1738 645 1776 688 er
1795 624 1910 688 murnlo
1933 623 2062 708 (Ioann.
2086 627 2140 701 18,
2161 624 2228 708 36).

218 736 280 782 nore
292 721 345 780 est.
374 715 477 795 Atque
493 714 552 776 buc
564 714 662 777 tetulit
668 711 851 794 prophetica
862 711 1001 793 diqnitas
1013 713 1049 775 in
1065 709 1196 789 Christo,
1249 710 1394 793 Denique
1413 710 1468 774 ubi
1489 709 1620 792 quisque
1641 715 1780 773 andrum
1792 710 1957 791 spirituale
1970 709 2088 775 Christi
2101 731 2229 792 requam

217 807 253 867 ut
273 803 412 865 emamus
433 802 470 864 in
489 819 614 863 secmma
635 799 793 863 doctrinae
814 818 909 878 quam
930 797 1076 871 tradidit,
1101 797 1197 861 inelu·
1249 797 1422 875 aseendit,
1445 796 1502 860 bac
1523 815 1592 860 eoae
1612 796 1763 860 excitata
1778 801 1916 878 penetret
1932 797 1975 861 ad
1991 815 2075 876 spem
2086 797 2230 861 metiaris

217 908 269 954 sos
290 908 355 952 csse
376 905 480 950 menes
496 886 649 967 perfectae
671 884 844 964 sapientiae
864 903 1016 948 numeres.
1248 885 1344 961 vitae;
1370 888 1399 946 et
1426 882 1507 962 qued
1527 901 1609 945 inune
1624 884 1799 965 qnoteqitur
1822 880 1941 946 Olrristi
1963 903 2072 961 maren,
2098 883 2230 962 plenum

308 976 336 1035 3.
380 972 476 1036 Venia
492 972 535 1035 ad
552 991 689 1052 requam,
711 971 749 1035 de
766 990 826 1050 quo
841 970 966 1050 frustra
982 969 1075 1033 verba
1089 969 1198 1048 fierent
1248 968 1345 1035 buius
1363 969 1486 1052 qratiae
1505 967 1644 1049 fruetrem
1665 968 1699 1030 in
1719 970 1827 1048 futuro
1848 968 1969 1033 sacerdo
1990 973 2145 1048 anspertct.

217 1060 285 1124 uisi
296 1060 392 1140 prius
410 1058 563 1121 ademeriti
580 1061 679 1120 asserit
692 1057 816 1121 ueteres
832 1055 1029 1137 spiritualem
1047 1075 1111 1119 esse
1128 1057 1197 1119 eius
1334 1061 1364 1118 4.
1412 1054 1500 1136 Quod
1520 1054 1662 1118 dinirnus
1682 1055 1747 1117 eim
1768 1059 1796 1117 et
1816 1054 1981 1118 utilitatem
2000 1056 2090 1136 requi
2109 1053 2231 1119 Christi

217 1150 381 1209 naturam:
402 1144 479 1224 quia
500 1143 572 1206 irate
594 1141 730 1222 ailquid
751 1142 853 1205 raleat
874 1147 901 1205 et
922 1141 1000 1221 quid
1020 1140 1108 1204 reobis
1130 1160 1197 1204 con·
1221 1180 1224 1255 Ι
1248 1162 1308 1204 riou
1325 1160 1418 1222 posse
1439 1140 1530 1204 aliter
1552 1161 1572 1203 a
1594 1138 1681 1204 arabis
1702 1141 1825 1221 percipi
1847 1161 1942 1221 qnam
1963 1141 2038 1204 diem
2059 1140 2229 1221 spirituale

217 1230 314 1313 ferat,
342 1234 462 1309 totaque
489 1230 556 1293 eius
578 1229 628 1291 vis
649 1232 678 1290 et
699 1229 867 1291 aeternitas
886 1227 1048 1309 mlliqitur.
1090 1226 1198 1290 Aeter-
1248 1247 1313 1291 esse
1334 1228 1555 1309 eoqreaseimus,
1578 1225 1624 1287 eet
1645 1224 1716 1288 binc
1737 1228 1817 1290 satis
1838 1227 1947 1306 liquet,
1970 1226 2051 1307 quod
2072 1226 2148 1289 dum
2169 1230 2229 1290 tota

217 1316 304 1381 nitas
331 1336 441 1396 porro,
472 1333 566 1394 quam
598 1313 684 1393 aquid
706 1313 878 1377 -Darcielem
905 1312 956 1393 (2,
982 1312 1039 1395 44)
1068 1312 1198 1395 anqelus
1221 1272 1224 1413 Ι
1248 1314 1330 1377 ritae
1351 1333 1446 1376 eeersn
1466 1312 1668 1375 militarnlum
1688 1312 1745 1375 sub
1766 1331 1854 1375 erecec
1874 1312 1962 1376 ieobis
1983 1316 2039 1389 est,
2062 1316 2229 1392 asperati

221 1399 339 1467 Oluisti
366 1421 520 1481 personae
546 1399 668 1475 tribnat,
700 1401 810 1462 neerito
842 1400 972 1481 auqelns
1003 1400 1077 1463 item
1111 1399 1197 1479 aqiud
1221 1416 1224 1465 3
1249 1399 1365 1462 misera
1383 1404 1428 1462 est
1439 1402 1546 1461 nostra
1563 1397 1703 1461 conditio.
1737 1398 1819 1478 Qunl
1843 1398 1940 1480 iqitur
1958 1398 2044 1461 rioms
2057 1398 2228 1479 prodesset,

219 1486 460 1553 Lemniseleni
483 1485 595 1567 populi
618 1485 824 1548 accommodat
846 1486 942 1569 (Luc.
965 1490 997 1562 l,
1025 1486 1090 1567 33).
1137 1484 1198 1548 Sed
1248 1485 1384 1549 colledes
1412 1504 1475 1548 esse
1496 1483 1553 1547 sub
1573 1483 1655 1565 repis
1675 1483 1813 1547 molestis
1836 1484 2017 1563 imperium,
2046 1484 2111 1547 enisi
2136 1490 2229 1549 entra

218 1570 295 1639 hee
322 1593 439 1653 quoque
466 1571 581 1651 neptes
609 1576 665 1634 aut
692 1571 810 1634 elermees
831 1571 933 1635 enodis
953 1571 1118 1635 statuenda
1139 1576 1198 1634 est:
1249 1576 1388 1634 terrenae
1409 1571 1491 1633 ritae
1512 1574 1628 1633 statum
1650 1574 1800 1633 constaret
1818 1570 1886 1633 eius
1906 1570 2055 1650 fruetus?
2094 1569 2229 1651 Ideoque

219 1656 319 1725 altera
342 1659 425 1721 enirn
446 1657 488 1721 eut
507 1661 602 1720 totum
629 1656 771 1721 eeclesiae
792 1676 904 1736 canores
920 1658 1068 1738 pertinet,
1097 1657 1198 1721 altera
1248 1656 1408 1720 seierntum
1424 1661 1477 1734 cst,
1499 1655 1652 1736 quitquid
1673 1655 1761 1718 reobis
1781 1654 1942 1737 felicitatis
1964 1657 1999 1718 in
2013 1653 2136 1719 Christo
2152 1677 2229 1737 pra

213 1745 350 1827 propria
372 1748 417 1807 est
433 1743 581 1822 cuiusque
598 1743 735 1806 nnmbm.
767 1742 823 1806 Ad
839 1744 980 1823 priorem
1001 1742 1198 1823 referendum
1248 1743 1389 1820 mitt-itur,
1412 1763 1472 1805 nou
1492 1741 1656 1805 subsistere
1677 1742 1860 1805 irrenbrnis
1871 1741 2045 1813 monendis,
2067 1740 2229 1806 utlaitam

218 1829 367 1910 estquod
388 1829 421 1892 in
448 1828 577 1893 Psalmo
599 1829 670 1911 (82,
691 1833 731 1891 36
750 1829 852 1911 seqq.)
873 1829 1005 1892 elicitur:
1032 1829 1123 1893 semel
1150 1829 1197 1891 iu·
1221 1814 1224 1885 Ι
1248 1833 1276 1892 et
1297 1827 1501 1908 trampcillarn
1521 1828 1620 1891 vitane
1641 1847 1781 1908 aqamuS,
1800 1828 1969 1906 floreamus
1985 1827 2102 1909 oqeibcas,
2125 1828 2229 1892 secerni

218 1916 290 1980 ravi
306 1935 365 1997 per
387 1916 582 1979 saintitatenr
604 1935 704 1977 meam
727 1914 866 1991 Πανῶν,
893 1935 953 1977 non
976 1915 1122 1991 remetiar,
1149 1934 1196 1977 se·
1248 1914 1350 1978 umus
1377 1915 1415 1977 ab
1437 1913 1521 1976 muni
1542 1932 1640 1991 nona,
1669 1917 1696 1976 et
1723 1912 1844 1977 ddieiis
1871 1914 2043 1994 affluamus
2069 1933 2150 1993 quas
2177 1935 2230 1977 cs-

218 2022 287 2066 men
314 2002 382 2064 eius
410 2001 446 2064 in
468 2005 628 2064 uemrrnnn
649 2001 799 2077 manebit‚·
826 2000 938 2064 solium
960 2001 1028 2063 circs
1048 2001 1129 2063 sicut
1151 1999 1198 2063 sol
1244 2005 1348 2080 petere
1379 1999 1453 2064 solet
1478 2019 1566 2077 caro,
1601 2000 1654 2062 sed
1685 1999 1820 2063 eoelestis
1847 2000 1929 2062 uitae
1956 2019 2020 2064 esse
2049 2000 2257 2079 proprium(

218 2089 254 2152 in
275 2092 432 2168 cornspeetn
454 2107 534 2164 uteo,
563 2087 642 2150 sient
668 2087 744 2150 trena
772 2087 946 2150 stabilietur
971 2086 1004 2149 in
1028 2091 1196 2163 aetermrm,
1251 2086 1339 2149 Sient
1371 2091 1475 2150 esctun
1511 2085 1545 2148 iil
1577 2085 1693 2149 merenda
1719 2106 1853 2165 prosper
1884 2091 1911 2148 et
1944 2085 2089 2164 optabilis
2115 2086 2230 2167 populi

217 2175 351 2239 attestis
372 2173 408 2236 in
429 2174 508 2237 coelo
528 2171 641 2252 fidelis.
677 2172 783 2253 Neque
804 2174 886 2236 eucine
907 2171 1035 2237 dubium
1057 2179 1101 2236 est
1122 2173 1198 2252 quin
1248 2176 1351 2236 statem
1378 2173 1500 2253 partim
1532 2171 1690 2234 bernriem‘
1712 2172 1849 2234 anereinm
1881 2172 1969 2252 eopia
2002 2177 2031 2235 et
2062 2171 2230 2236 dmmstiea

217 2258 284 2325 illic
300 2259 463 2339 prorreittat
483 2257 573 2322 Deus
600 2279 632 2322 se
648 2278 710 2338 per
731 2279 860 2321 nmreenn
880 2258 943 2338 filii
964 2259 1016 2321 sui
1038 2262 1197 2322 aeternnm
1242 2278 1330 2339 pace,
1347 2259 1470 2338 partim
1487 2257 1606 2322 oalielrs
1623 2257 1797 2336 praesidiis
1813 2258 1990 2339 euritiuetur,
2013 2256 2127 2337 quibus
2142 2262 2231 2322 tutus

216 2345 285 2429 fore
311 2344 452 2409 ecclesiae
473 2345 653 2425 praesidem
681 2364 718 2408 ac
744 2345 940 2426 defensorem.
986 2343 1094 2424 Neque
1115 2345 1197 2409 enim
1248 2345 1291 2407 sit
1317 2350 1421 2407 cantra
1447 2349 1606 2407 cateruam
1632 2343 1823 2421 uiolentiam,
1857 2345 1904 2407 ita
1936 2349 1964 2406 et
1987 2342 2134 2407 (lteristus
2154 2364 2231 2409 suos

219 2429 298 2496 alibi
319 2450 414 2510 quam
435 2431 471 2492 in
494 2429 615 2493 Christo
642 2432 812 2510 reperietur
843 2431 983 2494 vaticinii
1004 2429 1099 2494 ludus
1120 2431 1198 2494 neri-
1248 2430 1390 2494 orrtnibns
1416 2430 1459 2493 ad
1488 2435 1646 2494 aeternam
1673 2430 1854 2493 aninearum
1882 2430 2015 2493 salutern
2041 2431 2230 2494 necessariis

218 2521 276 2581 tas.
334 2515 587 2597 Qerandoqnidem
624 2517 730 2579 statim
762 2520 834 2596 past
863 2521 989 2579 neortenr
1025 2516 1197 2579 Solanon-is
1248 2515 1422 2595 iooiepletat‚
1456 2521 1482 2578 et
1514 2517 1626 2578 virtute
1651 2515 1753 2578 muniit
1778 2536 1842 2595 qna
1868 2520 1945 2579 stent
1975 2516 2230 2597 irtcrqncqnabiles

219 2602 349 2668 concidit
376 2601 491 2665 eruciari
520 2622 558 2665 eu
582 2606 674 2682 parte
702 2603 789 2683 requi
815 2602 953 2684 diqnitus
978 2602 1197 2683 aeternique
1248 2608 1354 2665 caretro
1382 2601 1529 2681 quoslibet
1548 2600 1682 2664 bostium
1703 2601 1923 2681 spiritualium
1949 2602 2089 2680 inpetus.
2141 2599 2229 2666 lbule

218 2688 319 2752 mirsia
335 2686 481 2768 familiae
499 2688 662 2752 elarJielieae
683 2689 725 2751 ad
741 2688 906 2768 prietatem
925 2686 1079 2751 lrooeinem
1096 2692 1197 2751 truns·
1248 2688 1421 2770 colliqiruus
1442 2688 1548 2767 ‘iqnseem
1569 2687 1657 2751 nobis
1684 2687 1787 2769 nirnqis
1808 2708 1938 2770 reqnare
1959 2706 2055 2767 quarn
2076 2686 2150 2765 sibi,
2179 2687 2228 2751 id-

218 2773 284 2839 lata
306 2779 358 2851 est,
376 2780 483 2853 postea
507 2775 622 2837 sensim
644 2775 800 2837 diniirurta
820 2775 896 2852 fuit,
917 2774 1087 2854 resquednne
1105 2794 1197 2854 pior-
1248 2794 1306 2854 que
1332 2775 1417 2837 irrtns
1440 2778 1591 2837 etenira:
1617 2778 1653 2836 ut
1679 2772 1794 2836 seilicet
1819 2774 1911 2837 dennis
1937 2773 2086 2854 spiritus,
2114 2772 2229 2853 quibus

218 2880 274 2925 sus
295 2860 381 2923 tristi
401 2865 430 2923 et
444 2860 592 2939 prulenela
616 2861 740 2924 ireteritec-
762 2860 905 2940 defieeret.
943 2859 1089 2923 Euentem
1110 2859 1198 2924 leubet
1248 2860 1435 2923 rtdrrraliter
1455 2859 1546 2923 uacui
1568 2878 1686 2937 siunins,
1709 2860 2113 2939 quatennsenpedirenonit
2125 2857 2227 2937 Deus,

218 2966 343 3010 suesrem
370 2946 428 3009 illa
450 2944 577 3010 Iesaiae
598 2947 783 3009 exclamatio
798 2950 876 3023 153,
897 2948 946 3016 8);
973 2945 1198 3028 ponerer-tionem
1248 2946 1371 3026 referti,
1400 2966 1439 3010 ea
1465 2945 1508 3009 iis
1531 2945 1687 3024 primitiis
1711 2946 1883 3009 sentiamus
1904 2965 1972 3009 rere
1993 2964 2051 3008 nas
2070 2943 2138 3009 Deo
2159 2965 2229 3010 eon

218 3033 288 3097 eius
319 3033 392 3110 qais
424 3032 609 3095 enarrabit?
657 3031 744 3095 Nam
778 3030 939 3095 Christum
972 3033 1018 3095 ita
1050 3054 1071 3095 a
1103 3035 1198 3094 retorto
1249 3031 1369 3095 iuratos
1401 3052 1466 3095 esse
1497 3031 1540 3094 ad
1566 3031 1738 3112 perfectum
1770 3030 1996 3095 beatitudinem.
2040 3028 2164 3096 Deinde
2191 3037 2227 3095 nt

218 3117 414 3199 superstitem
446 3116 512 3196 fore
539 3119 738 3196 praenuntiat,
771 3122 807 3179 ut
838 3138 907 3180 urire
936 3119 1102 3199 eereinnqat
1129 3137 1198 3179 enin
1250 3117 1388 3181 eiusdem
1419 3117 1552 3197 spiritus
1579 3117 1692 3181 virtirte
1718 3117 1792 3197 freti
1828 3138 1889 3181 non
1920 3116 2096 3182 diebiumus
2121 3122 2228 3181 mitra

218 3203 289 3268 suis
314 3202 468 3264 endebrie.
513 3202 600 3284 Erqo
629 3204 745 3283 quinties
771 3204 922 3266 ennelinnes
954 3204 1077 3268 arneari
1108 3199 1198 3266 Cbri-
1249 3203 1420 3282 diabolum,
1442 3204 1609 3280 mnertdrnn,
1639 3209 1666 3268 et
1689 3203 1820 3283 quadris
1841 3223 1939 3267 rsonae
1957 3223 2054 3285 qenins
2076 3223 2133 3268 nos
2152 3223 2231 3268 serri-

218 3293 302 3353 stmn
334 3292 461 3352 aeterua
488 3293 649 3366 potestate,
690 3290 923 3353 rreerrrinerineus
954 3290 1007 3353 leae
1033 3289 1197 3370 praesidio
1222 3306 1306 3369 {per
1331 3290 1397 3370 fore
1427 3289 1563 3352 uictores.
1607 3288 1681 3352 Ilue
1708 3289 1804 3352 teredii
1831 3308 2012 3369 responsum
2041 3288 2160 3354 Gar-esa
2187 3289 2229 3355 ad

217 3373 330 3457 fulciri
361 3373 503 3437 ecelesiae
529 3375 781 3455 perpetuitatem:
815 3379 850 3437 ut
888 3376 969 3439 irater
1006 3375 1198 3439 tarbeclentas
1252 3373 1459 3439 Pharisaeos:
1485 3376 1561 3455 qnia
1582 3395 1711 3456 reqnnm
1730 3374 1795 3439 Dei
1815 3375 1900 3438 iutra
1922 3395 1978 3439 nos
1999 3379 2058 3453 est,
2083 3395 2153 3439 cunc
2181 3375 2230 3439 ob

219 3460 418 3542 aqitationes,
451 3459 562 3538 quibces
595 3461 722 3524 assidue
751 3465 895 3538 trenetur,
930 3462 1007 3524 inter
1032 3482 1144 3542 qranes
1170 3466 1198 3524 et
1249 3462 1420 3525 servatione
1451 3481 1512 3524 non
1544 3465 1708 3524 oeieteerum
1742 3461 1839 3545 (Luc.
1863 3466 1915 3538 17,
1941 3461 2006 3545 21).
2064 3460 2231 3526 Probabile

217 3544 434 3627 formidabiles
464 3550 565 3607 enatus
596 3547 650 3625 qui
682 3547 867 3610 ‘inrmneeras
897 3547 1000 3610 alodes
1026 3548 1196 3625 minantur,
1249 3547 1332 3611 enim
1360 3552 1415 3624 est,
1449 3547 1525 3626 qnia
1546 3547 1752 3626 profitebatur
1776 3568 1809 3610 se
1837 3568 1938 3629 reqem
1966 3548 2057 3612 illurn
2080 3567 2145 3613 esse
2172 3547 2229 3610 snrb

217 3630 309 3695 salva
331 3635 433 3693 tannen
454 3636 585 3693 reniteat.
631 3630 685 3694 Sic
706 3632 759 3695 ubi
782 3631 891 3695 Daniel
913 3632 1015 3714 (Psal.
1030 3636 1058 3709 2,
1078 3636 1096 3694 2
1116 3633 1196 3715 seq.)
1249 3653 1307 3713 qne
1336 3633 1495 3712 speranda
1522 3638 1589 3696 mat
1615 3652 1739 3696 sunrma
1760 3632 1824 3697 Dei
1853 3633 2032 3713 berealietio,
2060 3653 2120 3714 per
2146 3633 2228 3697 ludi

219 3715 352 3781 bestium
374 3716 542 3779 aerelaciam
564 3717 651 3789 ridet,
674 3720 729 3797 qui
747 3717 931 3800 iuannltei
949 3718 1107 3782 ctCtnisti
1129 3720 1198 3782 eius
1222 3742 1225 3783 r
1249 3718 1352 3782 brinm
1381 3738 1505 3801 roqasse
1531 3723 1566 3781 ut
1586 3719 1744 3799 proferret
1770 3740 1831 3783 sua
1856 3720 2006 3802 insiqnia.
2051 3718 2127 3798 Ipse
2147 3738 2228 3797 veru,

219 3801 403 3882 abmrrnpcre
424 3807 586 3879 conaretur,
616 3802 749 3883 dicitque
769 3824 855 3885 reqes
877 3809 904 3866 et
920 3804 1056 3885 populos
1075 3807 1198 3885 frustra
1222 3788 1225 3931 Ι
1250 3825 1288 3869 ue
1314 3804 1405 3868 strclte
1427 3796 1782 3886 porrrpis'immorentur
1804 3805 1875 3885 (qui
1896 3805 2016 3886 alioqui
2031 3804 2111 3885 plns
2131 3824 2230 3885 aequo

218 3888 422 3967 tumultuari,
455 3890 532 3970 quia
554 3889 597 3953 ad
620 3889 809 3971 franqendos
836 3910 942 3953 minem
965 3892 1098 3970 inpetus
1119 3891 1199 3953 satis
1244 3891 1397 3972 proposui
1418 3894 1491 3953 sunt
1511 3891 1546 3953 in
1567 3890 1697 3974 terrane)
1724 3910 1775 3955 eos
1802 3891 1835 3954 in
1861 3911 1939 3955 suas
1960 3889 2161 3955 arseniotis
2182 3891 2230 3952 in·

217 3973 310 4055 fortis
337 3978 381 4036 est
408 3975 463 4054 qni
490 3975 526 4038 in
547 3975 640 4038 coelis
660 3973 795 4039 inabitat:
823 3975 860 4038 ue
880 3981 1034 4057 perpetua
1056 3975 1198 4039 eeclesiae
1222 3944 1226 4067 i
1248 3976 1338 4058 predi
1359 3975 1449 4054 inbct,
1473 3977 1549 4056 quia
1566 3997 1696 4057 requam
1715 3976 1779 4040 Dei
1799 3983 1845 4041 est
1865 3977 1996 4055 institia,
2012 3996 2084 4057 paa
2105 3981 2132 4038 et
2150 3996 2229 4057 qaee-

219 4060 446 4124 aonsernatione
466 4061 539 4141 pios
568 4061 713 4125 certiores
739 4061 884 4137 reddens,
914 4062 957 4125 ad
977 4062 1049 4125 berne
1070 4081 1199 4143 speran-
1251 4062 1340 4125 dicem
1368 4062 1402 4125 in
1429 4063 1547 4141 spiritu
1574 4062 1810 4145 saucta(R01a
1833 4067 1881 4142 14,
1904 4062 1967 4148 17).
2010 4060 2075 4125 His
2095 4060 2228 4125 breviter

219 4145 296 4210 dum
328 4145 449 4208 areimat
481 4147 597 4226 quaties
629 4146 719 4210 illane
751 4147 889 4229 opprimi
922 4147 1089 4230 annuerit.
1146 4146 1199 4209 Sia
1251 4147 1395 4212 ᾱοοονοοον
1421 4148 1498 4229 quid
1525 4146 1612 4213 uobis
1639 4151 1775 4231 eon-ferat
1803 4148 1922 4213 Christi
1953 4168 2089 4232 rcqniun.
2141 4146 2231 4211 Nam

219 4231 298 4296 alibi
320 4229 411 4314 (ibid.
435 4236 509 4311 110,
532 4231 564 4315 1)
586 4253 682 4313 quum
710 4233 785 4296 die-it
812 4234 859 4296 in..
867 4253 1004 4313 personui
1027 4232 1106 4297 Dei:
1129 4232 1199 4297 sede
1251 4234 1327 4314 quia
1359 4254 1419 4298 reare
1445 4239 1600 4298 terrestrem
1628 4240 1673 4299 est
1699 4234 1746 4300 rel
1767 4235 1905 4313 carnale,
1934 4235 2015 4316 quod
2037 4234 2230 4315 corruptioni

218 4337 241 4383 a
261 4317 381 4381 destris
401 4318 493 4395 nnis,
522 4318 613 4382 dorice
634 4339 754 4400 ponam
781 4318 924 4383 inimicos
945 4324 1014 4384 tuos
1034 4318 1199 4383 scabellum
1251 4319 1416 4397 subiaceat,
1438 4321 1492 4384 secl
1512 4320 1689 4400 spirituale,
1711 4321 1755 4385 ad
1773 4327 1929 4386 aeternam
1945 4342 2002 4386 uos
2018 4340 2116 4400 usqum
2133 4321 2232 4384 eitam

213 4403 331 4485 pedum
358 4407 496 4482 tuorum,
525 4403 679 4482 adnconet,
710 4409 859 4485 cetumque
887 4405 929 4469 ad
957 4406 1199 4487 eppuqnandam
1252 4405 1371 4484 attdlit,
1393 4409 1428 4469 ut
1443 4407 1601 4488 patienter
1621 4407 1700 4471 barn
1721 4409 1818 4472 eitam
1840 4407 1897 4473 srcb
1918 4408 2090 4484 aerumna,
2113 4407 2230 4485 irradia,

218 4489 377 4554 secusiam
397 4490 490 4554 multi
511 4494 539 4555 et
559 4489 659 4555 saluti
678 4489 779 4554 leastes
799 4493 989 4572 corispircnt,
1016 4511 1076 4554 non
1097 4496 1199 4555 tanna
1249 4491 1384 4574 friqore,
1411 4497 1595 4574 contemptu,
1618 4493 1761 4575 probris,
1787 4493 1923 4574 aliisque
1943 4493 2094 4559 antestiis
2115 4493 2232 4558 transi·

218 4579 378 4656 suppetere
405 4575 472 4640 illis
500 4576 583 4640 uires
609 4574 721 4657 quibus
754 4577 906 4641 adeersus
934 4576 1086 4641 decretum
1118 4577 1199 4643 illud
1249 4598 1376 4661 paucies,
1404 4576 1458 4643 boc
1484 4600 1546 4644 uno
1573 4581 1701 4645 contenti
1727 4579 1809 4660 qnod
1829 4600 1991 4661 nimquam
2012 4579 2153 4645 amanet
2174 4597 2232 4642 nas

217 4660 409 4725 immutabile
430 4660 494 4726 Dei
509 4662 726 4744 praevaleant,
754 4684 815 4744 que
838 4662 941 4744 flium
968 4683 1063 4726 suum
1090 4664 1200 4727 sensti·
1251 4685 1308 4728 rer
1328 4670 1431 4730 reaster
1452 4667 1530 4747 quin
1550 4666 1782 4731 nenessitattbns
1801 4667 1919 4730 scennis
1938 4666 2116 4744 adomim,
2140 4666 2232 4730 donec

217 4747 277 4810 tuit
309 4752 467 4811 aeteneurn
496 4769 605 4831 reqene.
657 4747 743 4814 Unde
769 4751 910 4829 sequeitur
933 4749 1005 4830 fieri
1031 4769 1092 4813 non
1106 4769 1200 4829 posse
1251 4750 1367 4814 militia
1389 4757 1494 4816 instra
1510 4751 1673 4834 perfuncti
1687 4770 1830 4817 aommur
1851 4753 1894 4816 acl
1911 4751 2112 4834 triumphum.
2147 4750 2232 4831 Quia

217 4836 254 4895 ut
281 4831 424 4896 diabolus
448 4852 518 4896 eum
545 4839 604 4900 toto
630 4833 742 4899 mundi
770 4840 929 4917 apparatu
960 4834 1118 4900 ecdesiann
1142 4856 1200 4900 uu·
1251 4835 1325 4900 talis
1346 4841 1390 4901 est
1411 4837 1565 4920 raynaudi
1585 4836 1668 4901 ratio
1687 4840 1724 4901 u
1742 4838 1938 4902 mncnrricct
1959 4838 2117 4902 nabisem
2138 4835 2229 4916 qaid·

217 4935 314 4998 queam
335 4917 440 4993 deleat
462 4939 541 4998 quae
561 4921 597 4983 in
619 4926 741 4986 ueterem
760 4919 880 4985 Gliristi
897 4921 974 4986 solio
989 4921 1125 5003 fundata
1146 4927 1198 4986 est.
1251 4921 1329 5002 quiet
1361 4924 1477 5004 erupit
1507 4943 1530 4987 a
1553 4924 1657 5003 pm
1704 4918 1781 4987 Iam
1807 4922 1886 5005 qrcia
1913 4943 1972 4989 nos
1996 4922 2138 5005 potentia
2169 4941 2232 4986 sna

220 4998 296 5065 Iam
316 5001 398 5082 quad
418 5002 461 5065 ad
477 5005 643 5082 peciam
662 5007 811 5086 seriusque
831 5027 927 5072 usum
947 5011 1071 5086 spectat,
1093 5007 1199 5072 eadem
1251 5012 1355 5072 amitat
1375 5014 1403 5072 et
1422 5006 1561 5087 instincti,
1582 5004 1688 5073 darre
1706 5010 1738 5073 d
1754 5006 2097 5093 matianum,
2120 5007 2233 5088 opibus

218 5085 279 5152 illa
306 5087 472 5151 aetermtas
499 5089 535 5152 in
561 5110 648 5171 speon
676 5092 781 5157 beatae
808 5091 1056 5158 immortalitatis
1083 5094 1200 5176 eriqere
1251 5093 1428 5176 temptent:
1449 5090 1523 5155 lina
1540 5088 1631 5155 nabis
1647 5092 1785 5175 mail
1802 5092 1965 5161 nlmirna
1982 5094 2144 5179 ploriandi
2165 5114 2233 5159 ma·

219 5189 278 5238 nas
292 5170 382 5237 debet.
415 5172 576 5255 Quaerit
596 5177 680 5240 enim
690 5182 846 5242 terrermm
863 5183 907 5242 est
924 5183 1016 5260 atque
1026 5181 1198 5259 ermundo,
1250 5180 1346 5258 teria,
1373 5182 1462 5258 uque
1482 5176 1577 5241 etiam
1593 5174 1715 5259 flando
1732 5180 1918 5267 nequitur,
1937 5184 1975 5247 at
1993 5180 2147 5260 intrepide
2169 5200 2233 5246 eer-
