4672 5842
229 312 289 376 ιιι
364 283 372 297 ’
873 305 1140 374 manauere
1161 306 1267 374 aun.
1287 305 1469 375 euersa.
1495 310 1588 372 1559.
2172 303 2235 365 ιιι

231 498 338 582 cipere
366 497 399 560 in
428 496 584 580 gratiam,
613 517 673 561 nee
702 494 763 560 sibi
791 495 969 578 adiungere
997 503 1104 577 potest
1130 495 1209 576 quin
1261 495 1341 560 solos
1369 516 1434 560 esse
1461 497 1573 573 ianoe,
1602 494 1658 574 qai
1685 494 1808 558 omium
1833 513 1872 556 er
1898 492 2115 556 misericordia
2138 511 2238 556 consc-

230 606 272 650 sx
294 589 460 666 pecatore
482 583 604 646 iustum
629 582 735 647 faciat.
770 579 864 645 Istud
885 579 1035 644 addimus
1056 582 1128 644 fieri
1151 602 1209 662 per
1261 583 1350 663 quati
1371 587 1452 646 sunt.

229 677 434 753 pcccatorum
456 668 689 732 remissionem.
722 668 809 732 Nam
830 667 857 732 si
880 666 922 731 ab
941 666 1092 749 operibus
1113 668 1209 731 aesti-
1347 671 1397 730 23.
1441 666 1530 731 Hine
1551 674 1585 729 et
1605 665 1688 729 illud
1711 665 1892 742 conficitur,
1916 663 1986 728 sola
2007 663 2240 727 intercessione

230 763 362 820 mentur
383 774 465 835 quos
487 752 547 816 sibi
570 754 732 818 Dominus
754 753 983 830 reconciliavit,
1005 753 1210 835 reperientur
1260 754 1405 818 iustitiae
1428 752 1555 818 Christi
1583 773 1642 816 nos
1664 752 1826 829 obtinere,
1856 759 1893 813 ut
1921 771 2029 815 eoram
2052 750 2125 813 Deo
2146 749 2240 812 iusti·

230 840 410 905 etiamnum
444 860 560 903 revera
592 848 791 922 peccatores,
824 860 903 922 qnos
937 847 1046 902 tamon
1077 847 1209 921 peccato
1261 840 1405 904 ficemur.
1439 836 1537 918 Quod
1560 837 1696 921 perinde
1718 837 1806 902 valet
1827 856 1864 902 ac
1887 837 1913 900 si
1936 835 2108 914 diceretur,
2133 834 2240 898 homi·

230 925 355 991 solutes
376 946 540 1007 purosque
564 948 634 990 esso
656 933 791 1007 oportet.
825 923 964 988 Constat
986 926 1104 1006 itaque,
1128 945 1208 1006 quos
1261 947 1336 989 nem
1365 947 1430 989 non
1458 926 1491 988 in
1520 946 1554 988 se
1584 925 1652 1006 ipso
1674 925 1797 988 iustum
1820 944 1905 998 asse,
1936 920 1993 986 sed
2013 922 2091 1003 quia
2113 919 2240 985 Christi

230 1010 324 1076 Deus
346 1010 569 1093 amplectitur,
598 1032 662 1075 non
690 1010 785 1074 aliter
813 1011 884 1074 fieri
912 1011 1014 1075 iustos
1038 1011 1101 1074 nisi
1123 1009 1208 1092 quod
1260 1011 1386 1075 iustitia
1407 1011 1620 1092 imputatione
1648 1032 1722 1075 oum
1748 1008 1804 1072 illo
1829 1007 2096 1072 communicatur.
2142 1005 2241 1087 Quod

231 1097 386 1164 abstersis
416 1105 622 1179 peecatorum
651 1097 840 1161 remissione
868 1095 1004 1161 maculis
1032 1097 1208 1179 purifican·
1261 1104 1414 1162 accurata
1453 1095 1735 1161 animadversione
1772 1095 1908 1178 dignum
1948 1102 2006 1158 est
2068 1091 2240 1175 Siquidem

231 1191 301 1249 tur:
326 1191 363 1246 ut
384 1182 460 1247 talis
482 1183 605 1246 iustitia
626 1203 692 1246 uno
714 1182 813 1247 verbo
835 1183 992 1265 appellari
1015 1191 1113 1263 queat
1133 1203 1208 1264 pec·
1261 1183 1428 1247 evanescit
1454 1191 1692 1265 augementum
1720 1180 1816 1258 illud,
1844 1179 1916 1244 ideo
1942 1180 2111 1244 iustificari
2133 1178 2240 1242 homi-

233 1278 379 1336 oaterum
402 1269 558 1332 remissio.
1260 1290 1337 1332 nem
1359 1268 1439 1344 fide,
1463 1269 1617 1350 quoniam
1640 1268 1697 1331 illa
1719 1268 1870 1350 spiritum
1893 1267 1957 1330 Dei
1978 1265 2239 1348 participatque

319 1358 368 1418 22.
413 1354 596 1435 Utrumque
630 1353 745 1417 horum
780 1353 999 1436 pulcherrime
1032 1353 1134 1435 liquet
1165 1375 1207 1417 cr
1260 1354 1364 1418 iustus
1383 1352 1540 1432 redditur,
1563 1354 1644 1434 quod
1665 1354 1770 1436 magis
1793 1361 1842 1417 cst
1860 1351 2057 1416 carnarium
2078 1350 2240 1433 superiori

231 1441 304 1506 istis
326 1439 421 1504 Pauli
452 1437 559 1503 verbis
587 1460 665 1519 qaae
694 1440 759 1503 iam
786 1440 931 1504 recitavi.-
959 1448 1029 1503 crat
1052 1438 1142 1502 Deus
1171 1440 1207 1502 in
1260 1439 1426 1504 doctrinae
1455 1460 1551 1519 qaam
1577 1445 1612 1502 at
1639 1439 1799 1504 corallum
1821 1459 1959 1519 aaqtcom
1980 1442 2078 1518 quem
2122 1436 2241 1518 Neque

231 1524 365 1592 Christo
398 1524 555 1588 mundrun
591 1523 652 1589 sibi
680 1525 908 1602 reconcilians,
942 1547 1009 1588 non
1042 1526 1207 1607 imputans
1259 1526 1347 1589 enirn
1375 1523 1509 1589 dubium
1538 1527 1616 1608 quin
1645 1527 1687 1589 sit
1709 1525 1803 1607 inops
1824 1525 1974 1606 propriae
1995 1523 2155 1599 iustitiae,
2183 1518 2241 1604 qiri

231 1611 416 1678 hominibus
437 1633 497 1674 sua
519 1610 646 1689 delicta,
669 1620 702 1675 ct
723 1610 870 1693 deposuit
888 1610 975 1693 apud
993 1632 1052 1675 nos
1071 1610 1206 1676 verbum
1259 1612 1418 1675 iustitiam
1458 1619 1552 1675 extra
1591 1633 1625 1675 se
1665 1613 1774 1693 ipsum
1814 1631 1968 1693 quaerere
2002 1607 2143 1674 docetur.
2199 1607 2240 1671 Id

230 1696 500 1762 reconciliationis
520 1695 554 1780 (2
568 1695 641 1760 Cor.
657 1702 685 1774 5,
702 1702 738 1759 19
751 1697 862 1781 seqq).
895 1696 1023 1761 Deinde
1046 1718 1207 1761 summam
1259 1704 1368 1761 autem
1402 1697 1581 1762 clarissime
1612 1697 1728 1760 asserit
1761 1696 1924 1779 apostolus
1954 1693 2083 1778 (acor.
2112 1699 2145 1772 5,
2172 1693 2239 1778 21),

230 1805 307 1849 auae
330 1783 501 1865 legationis
523 1782 647 1846 subdit:
677 1805 752 1846 eum
781 1783 837 1864 qui
865 1791 1034 1865 peecatum
1062 1804 1128 1846 non
1149 1805 1207 1847 no·
1260 1805 1361 1865 quum
1384 1782 1512 1860 scribit,
1543 1804 1618 1846 eum
1640 1784 1696 1866 qui
1721 1790 1890 1866 peccatum
1913 1803 1980 1845 non
2003 1789 2156 1859 noverat,
2179 1801 2239 1862 pro

230 1877 331 1941 verat,
349 1891 407 1951 pro
430 1868 525 1932 nobis
547 1876 713 1950 peccatum
736 1869 822 1945 feeit,
846 1878 882 1932 ut
903 1869 1028 1932 iustitia
1050 1868 1114 1932 Dei
1137 1870 1207 1932 effi·
1259 1869 1352 1932 nobis
1380 1868 1521 1932 hostiam
1549 1870 1671 1951 pcccati
1700 1869 1912 1951 expiatricem
1941 1887 2012 1931 osse
2033 1867 2172 1945 sactum,
2200 1873 2240 1929 ut

230 1976 377 2020 ceremur
406 1955 440 2017 in
469 1953 534 2018 illo.
580 1954 744 2018 Iustitiam
773 1963 806 2019 et
831 1954 1127 2019 reconciliationem
1154 1954 1208 2018 hic
1260 1955 1464 2018 efficeremur
1491 1955 1617 2019 iustitia
1639 1953 1703 2018 Dei
1726 1956 1761 2017 in
1784 1956 1862 2037 ipsc.
1909 1951 2012 2016 Vides
2033 1974 2100 2016 non
2122 1953 2159 2015 in
2182 1973 2240 2016 no·

229 2042 412 2124 promiscue
435 2040 595 2111 nominat.
624 2048 660 2104 ut
687 2040 826 2105 alterum
855 2040 915 2104 sub
938 2040 1040 2103 altero
1063 2040 1206 2105 vicissim
1259 2040 1324 2119 bis,
1358 2039 1415 2103 sod
1441 2041 1476 2103 in
1500 2040 1634 2104 Christo
1663 2062 1732 2105 esse
1762 2040 1922 2104 iustitiam
1948 2048 2112 2116 nostram3
2147 2039 2241 2103 nobis

229 2126 388 2193 contineri
417 2125 647 2207 intelligamus.
693 2126 830 2190 Modum
853 2134 963 2189 autem
987 2126 1206 2207 assequendae
1259 2134 1387 2189 tantum
1410 2147 1447 2190 eo
1471 2127 1540 2189 iure
1563 2135 1746 2209 competere
1773 2128 1851 2209 quia
1873 2124 1998 2189 Christi
2027 2145 2141 2189 sumus
2164 2146 2241 2206 par-

230 2213 327 2278 huius
349 2211 491 2276 iustitiae
513 2210 621 2289 docet,
651 2211 728 2276 dum
757 2211 850 2275 nobis
873 2209 991 2276 delicta
1011 2233 1075 2275 non
1099 2213 1206 2294 impu·
1259 2211 1387 2294 ticipes:
1413 2211 1573 2293 siquidem
1594 2234 1707 2277 omnes
1730 2213 1800 2276 eius
1822 2211 1954 2275 divitias
1976 2231 2051 2274 eum
2073 2211 2144 2292 ipso
2166 2232 2241 2293 pos·

227 2306 348 2364 tantur.
405 2295 516 2377 Quare
551 2320 593 2361 nc
625 2298 761 2380 posthac
795 2296 923 2362 dubites
955 2295 1114 2379 quomodo
1147 2303 1206 2361 nos
1259 2296 1411 2362 sidemus.
1456 2298 1526 2362 Nec
1553 2299 1662 2362 obstat
1686 2298 1773 2380 quod
1796 2297 1872 2362 alibi
1896 2296 1991 2362 docet
2012 2295 2123 2378 (Rem.
2144 2300 2174 2374 8,
2195 2295 2239 2380 3),

226 2382 319 2448 Deus
352 2384 518 2457 iustificat,
576 2406 653 2447 uum
688 2382 782 2449 audis
810 2383 1018 2449 reconciliare
1046 2405 1105 2447 nos
1134 2384 1204 2458 sibi,
1258 2382 1450 2447 damnatum
1490 2404 1560 2448 esse
1594 2384 1634 2448 de
1674 2393 1804 2465 peccato
1841 2391 2011 2466 peceatum
2042 2383 2076 2445 in
2109 2381 2237 2447 Christi

226 2491 292 2535 non
325 2468 517 2551 imputando
550 2406 676 2534 lelicta.
733 2468 790 2534 Sic
823 2469 864 2533 ad
898 2469 1064 2533 Romanos
1092 2469 1144 2552 (4,
1170 2469 1205 2553 6)
1258 2490 1370 2548 earne,
1399 2480 1437 2533 ut
1461 2471 1586 2534 iustitia
1615 2470 1697 2553 legis
1726 2470 1944 2552 compleretur
1974 2469 2010 2530 iu
2040 2468 2147 2546 nobis;
2180 2466 2236 2532 ubi

226 2554 365 2621 Davidis
382 2555 565 2619 testimonio
583 2555 708 2639 prohat,
727 2555 853 2620 homini
870 2555 1026 2637 imputari
1045 2556 1205 2619 iustitiam
1257 2576 1324 2618 non
1352 2554 1441 2619 aliud
1469 2555 1745 2639 complementum
1772 2554 1923 2639 designat
1948 2576 2046 2636 quam
2069 2553 2154 2636 quod
2173 2556 2236 2617 im·

227 2641 297 2707 sine
315 2640 476 2723 operibus,
499 2642 577 2724 quia
597 2640 651 2705 illc
673 2642 806 2706 beatum
825 2643 1017 2724 pronuntiat.
1038 2641 1205 2705 hominem
1257 2643 1426 2723 putatione
1454 2643 1691 2723 consequimur.
1736 2643 1786 2706 Ilo
1814 2643 1901 2706 euim
1925 2642 1996 2704 iuro
2019 2641 2237 2704 communicat

227 2728 320 2793 cuius
354 2727 508 2792 remissae
535 2736 614 2791 sunt
642 2728 844 2811 iniquitates,
884 2728 976 2792 cuius
1009 2734 1094 2790 tecta
1128 2735 1206 2791 sunt
1257 2726 1425 2791 nobiscum
1447 2726 1610 2792 Dominus
1632 2727 1786 2792 Christus
1808 2749 1901 2792 suam
1925 2728 2091 2804 iustitiam,
2113 2733 2152 2789 ut
2172 2725 2237 2788 mi·

226 2821 367 2898 peccata,
391 2814 442 2879 cui
461 2814 625 2877 Dominus
648 2835 713 2878 non
736 2814 910 2896 imputavit
932 2812 1059 2878 delicta.
1093 2813 1204 2877 Beati·
1258 2812 1353 2876 rabili
1375 2812 1515 2896 quodam
1538 2812 1643 2889 modo,
1667 2821 1826 2895 quantum
1848 2814 1991 2895 pertinet
2013 2812 2053 2876 ad
2070 2810 2134 2876 Dei
2152 2810 2237 2875 iudi·

226 2898 372 2965 tudinem
395 2899 510 2983 proeul
532 2899 631 2964 dubio
659 2921 718 2982 pro
739 2901 863 2964 iustitia
884 2899 951 2964 illic
973 2900 1074 2981 pouit.
1120 2899 1205 2962 Eam
1258 2899 1353 2977 cium,
1376 2899 1445 2963 vim
1466 2899 1537 2963 eius
1558 2900 1593 2963 in
1617 2920 1675 2964 nos
1697 2898 1915 2963 transfundat.
1953 2898 2054 2963 Aliud
2075 2919 2141 2962 non
2163 2919 2239 2962 sen·

227 3006 328 3069 quum
355 2997 480 3049 asserat
507 2986 541 3048 in
571 2986 762 3050 remissione
791 2992 997 3068 peccatorum
1020 2986 1204 3062 consistere,
1258 2984 1339 3048 sisse
1361 2984 1489 3049 abundo
1511 2985 1614 3067 liquet
1634 3007 1674 3049 ex
1698 2986 1801 3050 altera
1823 2985 1994 3063 sententia,
2019 3005 2117 3067 quam
2139 2984 2239 3067 paulo

226 3091 293 3136 non
323 3080 373 3134 cst
400 3092 458 3135 cur
481 3070 576 3135 aliter
603 3072 707 3155 ipsam
731 3071 933 3137 definiamus.
979 3069 1122 3135 Proinde
1142 3071 1205 3135 Za·
1258 3078 1335 3134 aute
1397 3079 1509 3135 suerat
1526 3070 1616 3155 (ibid.
1638 3077 1666 3149 5,
1683 3070 1752 3155 ro):
1775 3070 2049 3154 quemadmodum
2069 3091 2128 3152 per
2139 3071 2238 3134 unius

229 3155 367 3232 charius,
389 3165 483 3238 pater
505 3156 641 3221 loannis
651 3158 830 3240 Baptistae,
854 3158 1072 3241 cognitionem
1092 3156 1206 3221 salutis
1258 3155 1354 3221 inobc
1379 3157 1511 3220 ‘entiam
1540 3157 1708 3222 constituti
1737 3179 1849 3221 sumus
1878 3166 2079 3239 peccatores,
2107 3156 2154 3220 ita
2178 3177 2238 3239 per

226 3241 262 3307 in
282 3242 472 3306 remissione
494 3252 701 3323 pcccatorum
720 3245 858 3327 positam
881 3244 970 3309 canit
987 3243 1082 3326 (Luc.
1100 3242 1204 3328 1,77).
1258 3242 1476 3306 obedientiam
1504 3244 1602 3308 unius
1627 3243 1806 3308 iustificari.
1821 3242 1845 3327 ¹)
1891 3241 1982 3324 Quid
2007 3241 2097 3306 aliud
2125 3249 2175 3307 est
2202 3242 2238 3306 in

228 3325 338 3409 Quam
366 3327 514 3410 regulam
537 3336 692 3410 sequutus
714 3330 839 3393 Paulus
867 3329 902 3392 iu
930 3329 1085 3394 concione
1107 3350 1206 3410 quam
1259 3326 1384 3393 Christi
1407 3327 1592 3393 obedientia
1619 3329 1775 3395 collocare
1800 3338 1947 3394 nostram
1969 3329 2144 3407 iustitiam,
2174 3328 2238 3392 nisi

228 3412 269 3478 ds
297 3414 412 3479 salutis
439 3433 568 3478 summa
594 3434 614 3476 a
637 3414 681 3477 ud
711 3415 933 3480 Antiochenos
966 3413 1095 3491 hahuit,
1129 3436 1206 3480 con·
1259 3434 1404 3478 asserere
1437 3434 1475 3477 eo
1509 3415 1577 3478 solo
1609 3437 1668 3479 nos
1702 3415 1814 3479 haberi
1848 3416 1966 3492 iustos,
2000 3415 2078 3498 quia
2112 3413 2238 3479 Christi

228 3498 362 3565 clusisse
390 3498 534 3586 inlhunc
557 3436 689 3564 molum
713 3523 732 3564 a
754 3501 847 3564 Luca
869 3510 1023 3564 narratur
1046 3501 1133 3581 (Act.
1158 3505 1204 3585 13,
1258 3499 1443 3563 obedientia
1464 3501 1559 3564 nobis
1579 3509 1712 3584 accepta
1734 3502 1853 3580 fertur,
1879 3522 1917 3566 ac
1944 3501 1972 3565 si
1995 3508 2108 3564 nostra
2130 3498 2237 3565 esset?

229 3585 300 3668 38):
325 3606 383 3666 por
406 3584 494 3649 hune
517 3586 663 3650 remissio
685 3593 893 3669 peecatorum
916 3585 1008 3651 vobis
1031 3588 1205 3650 annuntia-
1260 3583 1371 3665 Quare
1388 3585 1470 3648 milri
1483 3586 1725 3670 elegantissime
1742 3586 1872 3652 videtur
1885 3586 2118 3671 Ambrosius²)
2139 3586 2238 3649 huius

228 3678 292 3746 tur,
310 3678 349 3734 et
370 3670 410 3734 ab
434 3671 585 3735 omnibus
607 3672 647 3735 iis
669 3670 828 3754 aquibus
850 3693 914 3736 non
937 3672 1090 3754 potuistis
1110 3673 1205 3738 iusti·
1258 3669 1402 3736 iustitiae
1424 3669 1616 3756 paradigma
1640 3674 1674 3737 in
1705 3673 1929 3737 benedictione
1951 3671 2049 3736 Iacob
2071 3672 2237 3750 statuisse;

201 3778 206 3797 ¹
227 3757 318 3822 ficari
347 3758 381 3820 in
411 3755 483 3840 lega
506 3753 623 3834 Masis,
652 3757 686 3821 in
710 3758 798 3823 hunc
819 3760 924 3823 omnis
952 3759 1007 3840 qui
1030 3755 1133 3822 credit
1156 3760 1206 3823 iu·
1258 3779 1385 3840 nempe,
1405 3757 1679 3840 quemadmodum
1699 3759 1754 3822 ille
1775 3760 2069 3842 primogenituram
2088 3758 2236 3838 aseipso

228 3842 396 3908 stificatur.
454 3840 510 3907 Sic
545 3845 770 3908 remissionom
802 3853 1011 3926 peecatorum
1044 3845 1207 3909 connectit
1258 3865 1324 3907 non
1346 3845 1492 3921 meritus,
1516 3842 1631 3909 habitu
1652 3846 1764 3909 fratris
1782 3845 1974 3923 occultatus,
1997 3846 2127 3926 eiusque
2144 3852 2237 3907 veste

228 3928 394 4011 apostolus
416 3949 490 3992 cum
511 3929 649 4004 iustitia,
679 3937 717 3993 ut
738 3929 825 3994 idem
847 3950 983 4013 prorsus
1005 3951 1075 3993 esse
1097 3940 1206 3994 osteu-
1258 3929 1406 4008 indutus,
1436 3951 1519 4012 quac
1548 3932 1706 4013 optimum
1728 3930 1861 3995 odorem
1883 3932 2041 4014 spirabat,
2070 3950 2105 3992 sc
2126 3929 2236 4011 ipsum

228 4011 299 4091 dae
327 4013 415 4077 unda
444 4015 560 4078 merita
583 4016 795 4080 nitiocinatur
816 4016 995 4101 gratuitam
1018 4035 1089 4080 esse
1111 4015 1206 4080 nobis
1259 4017 1440 4080 insinuavit
1465 4017 1567 4098 patri,
1595 4025 1633 4080 ut
1660 4039 1718 4081 suo
1746 4015 1914 4082 commodo
1943 4017 2002 4082 sub
2029 4014 2136 4079 aliena
2163 4036 2240 4096 per-

227 4099 388 4164 iustitiam
414 4121 512 4181 quam
539 4100 744 4184 indulgentia
765 4102 828 4166 Dei
851 4100 1045 4166 obtinemus.
1091 4101 1207 4184 Neque
1259 4123 1340 4165 sona
1368 4101 1628 4166 benedictionem
1658 4104 1832 4185 acciperet:
1864 4105 1911 4167 ita
1938 4123 1998 4178 nos
2023 4100 2085 4166 sub
2112 4099 2240 4166 Christi

228 4185 385 4251 inusitata
407 4184 511 4249 videri
534 4185 631 4251 debet
652 4187 805 4271 loquutio,
829 4189 932 4252 iustos
954 4210 1020 4252 non
1043 4188 1205 4270 operibus,
1259 4188 1467 4271 primogeniti
1496 4189 1598 4253 nostri
1627 4190 1738 4254 fratris
1767 4191 1910 4272 pretiosa
1939 4189 2082 4271 puritate
2110 4184 2242 4251 delites-

227 4270 284 4336 sed
319 4272 465 4355 gratuita
505 4274 691 4355 acceptione
732 4295 803 4339 csso
834 4273 948 4339 fideles
980 4295 1089 4339 eoram
1120 4274 1206 4354 Deo;
1260 4293 1348 4351 cere,
1378 4281 1416 4337 ut
1443 4275 1667 4338 testimonium
1695 4277 1840 4340 iustitiae
1864 4298 1883 4338 a
1906 4284 2080 4357 conspectu
2104 4274 2169 4337 Dei
2190 4296 2241 4338 re-

226 4379 328 4439 quam
361 4366 394 4421 et
426 4358 522 4421 toties
555 4368 706 4424 occurrat
736 4361 771 4423 in
804 4361 981 4442 scriptura,
1015 4368 1048 4424 et
1079 4368 1207 4424 veteres
1260 4359 1411 4424 feramus.
1446 4360 1558 4424 Verba
1576 4360 1744 4425 Ambrosii
1765 4371 1856 4425 sunt:
1882 4359 2087 4443 quod‘Isaac
2109 4359 2241 4424 odorem

227 4444 326 4509 etiam
359 4443 526 4509 interdrun
560 4444 606 4508 sic
640 4444 821 4527 loquantur.
879 4443 935 4510 Sic
967 4446 1056 4509 enirn
1088 4444 1206 4512 alicubi
1259 4446 1400 4510 vestium
1422 4445 1538 4522 olfecit,
1561 4448 1699 4512 fortasse
1721 4447 1802 4511 illud
1825 4455 1883 4524 est,
1907 4447 1984 4530 quia
2005 4467 2072 4509 non
2090 4446 2242 4528 operibus

230 4529 449 4614 Augustinus:
465 4530 488 4614 ¹)
529 4539 716 4595 sanctorum
750 4532 875 4596 iustitia
907 4532 940 4595 in
984 4531 1044 4596 hoc
1083 4531 1207 4596 mundo
1259 4532 1487 4610 iustificamur,
1517 4532 1574 4597 sed
1600 4533 1680 4613 fide,
1714 4534 1868 4616 quoniam
1897 4532 2039 4597 earnalis
2065 4532 2242 4596 infirmitas

228 4616 333 4699 magis
356 4624 563 4700 peccatorum
585 4618 776 4682 remissione
801 4625 931 4684 constat
957 4639 1055 4699 quam
1083 4619 1207 4700 periec-
1259 4619 1411 4683 ceribus
1429 4618 1661 4702 impedimento
1679 4628 1737 4695 est,
1761 4619 1818 4684 sod
1835 4618 1913 4683 fidei
1930 4619 2064 4684 claritas
2081 4620 2241 4683 factorum

226 4702 313 4765 tione
325 4704 493 4766 virtutum.
530 4701 591 4766 Cui
609 4703 792 4786 respmulent
807 4703 1206 4787 praeclaraeBernaroie)
1259 4640 1433 4769 obumbrat
1460 4726 1619 4783 errorem,
1656 4727 1740 4787 quae
1768 4714 1915 4770 meretur
1943 4705 2075 4769 veniam
2107 4702 2240 4766 delicto-

227 4789 409 4855 sartmtioe:
432 4809 490 4851 narr
499 4808 637 4868 peccare,
656 4789 721 4855 Da·
737 4791 863 4854 irretitis
877 4795 936 4869 ιιι·
958 4789 1207 4853 hominisoutan
1257 4812 1340 4854 rum.
1387 4792 1432 4855 Et
1454 4813 1533 4856 sane
1556 4791 1602 4854 ita
1623 4812 1676 4854 res
1697 4790 1804 4856 habet
1849 4791 1936 4855 Nam
1956 4812 2021 4874 quo
2043 4791 2078 4853 in
2101 4789 2241 4854 salutem

229 4873 366 4939 iustitio,
404 4872 464 4935 Dei
487 4874 688 4956 iadrclyentio.
732 4874 815 4939 Ante
846 4882 949 4940 orden
976 4880 1162 4955 asseuerat,
1176 4877 1206 4960 ⁸)
1261 4897 1371 4941 coram
1404 4877 1486 4941 faeie
1519 4876 1584 4940 Dei
1616 4897 1879 4960 compareamus,
1920 4877 2005 4942 bono
2043 4878 2113 4941 eius
2143 4873 2241 4939 odore

229 4955 386 5021 cameron
414 4957 501 5022 nobis
527 4980 592 5024 esec
620 4961 776 5026 irretitiom
797 4963 832 5026 in
853 4961 1054 5040 obmlatione,
1081 4962 1207 5043 ideoqrsc
1259 4963 1494 5112 fragrarebnos
1522 4982 1655 5027 necesse
1665 4972 1749 5111 llest,
1784 4971 1818 5028 et
1844 4965 1915 5028 cius
1938 4963 2137 5046 perfectione
2160 4963 2241 5026 vitia

230 5097 431 5106 .---.-
1261 5057 1374 5114 nostra
1395 5069 1414 5112 ο
1437 5048 1504 5131 tegi
1528 5069 1565 5113 ac
1588 5069 1665 5131 sepe
1680 5049 1728 5111 'ri.

296 5163 325 5225 1)
343 5163 416 5217 Lihr.
438 5164 471 5216 de
490 5164 564 5216 cirit.
582 5164 631 5216 Dei
650 5165 691 5218 19.
710 5183 731 5218 c.
750 5164 792 5219 27.
869 5166 900 5236 2)
920 5167 1005 5222 Serm.
1021 5165 1062 5220 23.
1083 5168 1109 5220 in
1129 5166 1206 5222 Cant.

225 5232 256 5289 ³)
274 5231 345 5286 lhid.
365 5232 450 5287 Scrm.
469 5231 511 5286 22.
1328 5236 1359 5303 1)
1379 5233 1427 5290 se
1442 5250 1542 5289 cmm.
1610 5234 1638 5303 2)
1657 5236 1732 5290 Libr.
1750 5235 1775 5292 9.
1794 5238 1828 5291 de
1846 5237 1929 5292 Iacob
1946 5244 1976 5290 et
1993 5237 2050 5290 ritu
2068 5237 2157 5304 beata,
2175 5253 2198 5290 c.
2216 5235 2242 5288 ⁴2.
