<?xml version="1.0" encoding="UTF-8"?>
<!DOCTYPE html PUBLIC "-//W3C//DTD XHTML 1.0 Transitional//EN"
    "http://www.w3.org/TR/xhtml1/DTD/xhtml1-transitional.dtd">
<html xmlns="http://www.w3.org/1999/xhtml" xml:lang="en" lang="en">
 <head>
  <title>
</title>
<meta http-equiv="Content-Type" content="text/html;charset=utf-8" />
  <meta name='ocr-system' content='tesseract 3.04.00' />
  <meta name='ocr-capabilities' content='ocr_page ocr_carea ocr_par ocr_line ocrx_word'/>
</head>
<body>
  <div class='ocr_page' id='page_1' title='image "./ioanniscalvinii00cunigoog_0412.png"; bbox 0 0 4672 5842; ppageno 0'>
   <div class='ocr_carea' id='block_1_1' title="bbox 113 308 2119 407">
    <p class='ocr_par' dir='ltr' id='par_1_1' title="bbox 113 308 2119 407">
     <span class='ocr_line' id='line_1_1' title="bbox 113 308 2119 407; baseline 0.005 -35"><span class='ocrx_word' id='word_1_1' title='bbox 113 312 174 373; x_wconf 77' lang='lat' dir='ltr'><strong>sor</strong></span> <span class='ocrx_word' id='word_1_2' title='bbox 373 402 376 407; x_wconf 14' lang='grc' dir='ltr'>Ι</span> <span class='ocrx_word' id='word_1_3' title='bbox 472 308 1013 376; x_wconf 80' lang='grc'><strong>11611116111611116</strong></span> <span class='ocrx_word' id='word_1_4' title='bbox 1036 309 1291 376; x_wconf 74' lang='lat' dir='ltr'><strong>mansan</strong></span> <span class='ocrx_word' id='word_1_5' title='bbox 1314 311 1543 381; x_wconf 74' lang='lat' dir='ltr'><strong>saturnu</strong></span> <span class='ocrx_word' id='word_1_6' title='bbox 1590 313 1687 380; x_wconf 83' lang='grc'><strong>611.</strong></span> <span class='ocrx_word' id='word_1_7' title='bbox 1711 315 1752 379; x_wconf 89' lang='grc'><strong>1.</strong></span> <span class='ocrx_word' id='word_1_8' title='bbox 2055 321 2119 383; x_wconf 82' lang='grc'><strong>661</strong></span> 
     </span>
    </p>
   </div>
   <div class='ocr_carea' id='block_1_2' title="bbox 41 497 2199 5309">
    <p class='ocr_par' dir='ltr' id='par_1_2' title="bbox 41 497 2199 5309">
     <span class='ocr_line' id='line_1_2' title="bbox 112 497 2115 585; baseline 0.003 -20"><span class='ocrx_word' id='word_1_9' title='bbox 112 505 229 566; x_wconf 87' lang='grc'><strong>661661</strong></span> <span class='ocrx_word' id='word_1_10' title='bbox 279 499 394 581; x_wconf 86' lang='lat' dir='ltr'><strong>Itaque</strong></span> <span class='ocrx_word' id='word_1_11' title='bbox 422 499 507 581; x_wconf 93' lang='lat' dir='ltr'><strong>quod</strong></span> <span class='ocrx_word' id='word_1_12' title='bbox 535 497 654 564; x_wconf 89' lang='lat' dir='ltr'><strong>alieubi</strong></span> <span class='ocrx_word' id='word_1_13' title='bbox 687 501 834 581; x_wconf 75' lang='lat' dir='ltr'>pactione</span> <span class='ocrx_word' id='word_1_14' title='bbox 866 500 1087 582; x_wconf 89' lang='lat' dir='ltr'><strong>impetrarunt</strong></span> <span class='ocrx_word' id='word_1_15' title='bbox 1139 499 1261 564; x_wconf 90' lang='lat' dir='ltr'><strong>latione</strong></span> <span class='ocrx_word' id='word_1_16' title='bbox 1284 501 1464 565; x_wconf 88' lang='lat' dir='ltr'><strong>sacerdotia</strong></span> <span class='ocrx_word' id='word_1_17' title='bbox 1485 502 1688 567; x_wconf 88' lang='lat' dir='ltr'><strong>commodato</strong></span> <span class='ocrx_word' id='word_1_18' title='bbox 1707 502 1880 584; x_wconf 89' lang='lat' dir='ltr'><strong>accipiunt,</strong></span> <span class='ocrx_word' id='word_1_19' title='bbox 1902 524 1984 585; x_wconf 90' lang='lat' dir='ltr'><strong>quae</strong></span> <span class='ocrx_word' id='word_1_20' title='bbox 2006 507 2115 571; x_wconf 90' lang='lat' dir='ltr'><strong>statim</strong></span> 
     </span>
     <span class='ocr_line' id='line_1_3' title="bbox 111 585 2116 672; baseline 0.003 -23"><span class='ocrx_word' id='word_1_21' title='bbox 111 585 274 669; x_wconf 90' lang='lat' dir='ltr'><strong>principes</strong></span> <span class='ocrx_word' id='word_1_22' title='bbox 296 607 316 649; x_wconf 89' lang='lat' dir='ltr'><strong>a</strong></span> <span class='ocrx_word' id='word_1_23' title='bbox 338 586 482 650; x_wconf 88' lang='lat' dir='ltr'><strong>romanis</strong></span> <span class='ocrx_word' id='word_1_24' title='bbox 506 585 722 667; x_wconf 90' lang='lat' dir='ltr'><strong>pontificibus,</strong></span> <span class='ocrx_word' id='word_1_25' title='bbox 746 594 784 649; x_wconf 93' lang='lat' dir='ltr'><strong>ut</strong></span> <span class='ocrx_word' id='word_1_26' title='bbox 800 588 1009 651; x_wconf 80' lang='lat' dir='ltr'><strong>nominarent</strong></span> <span class='ocrx_word' id='word_1_27' title='bbox 1023 587 1086 668; x_wconf 93' lang='lat' dir='ltr'><strong>ipsi</strong></span> <span class='ocrx_word' id='word_1_28' title='bbox 1139 585 1322 651; x_wconf 92' lang='lat' dir='ltr'><strong>reddituros</strong></span> <span class='ocrx_word' id='word_1_29' title='bbox 1341 609 1375 651; x_wconf 85' lang='lat' dir='ltr'><strong>se</strong></span> <span class='ocrx_word' id='word_1_30' title='bbox 1393 587 1598 668; x_wconf 79' lang='lat' dir='ltr'><strong>pollicentur,</strong></span> <span class='ocrx_word' id='word_1_31' title='bbox 1622 588 1678 653; x_wconf 92' lang='lat' dir='ltr'><strong>sed</strong></span> <span class='ocrx_word' id='word_1_32' title='bbox 1696 587 1862 652; x_wconf 89' lang='lat' dir='ltr'><strong>interdum</strong></span> <span class='ocrx_word' id='word_1_33' title='bbox 1880 609 1945 653; x_wconf 90' lang='lat' dir='ltr'><strong>non</strong></span> <span class='ocrx_word' id='word_1_34' title='bbox 1964 590 2116 672; x_wconf 90' lang='lat' dir='ltr'><strong>reddunt,</strong></span> 
     </span>
     <span class='ocr_line' id='line_1_4' title="bbox 111 670 1686 759; baseline 0.001 -23"><span class='ocrx_word' id='word_1_35' title='bbox 111 673 286 755; x_wconf 91' lang='lat' dir='ltr'><strong>episcopos,</strong></span> <span class='ocrx_word' id='word_1_36' title='bbox 309 673 344 734; x_wconf 92' lang='lat' dir='ltr'><strong>in</strong></span> <span class='ocrx_word' id='word_1_37' title='bbox 363 692 401 735; x_wconf 93' lang='grc'><strong>66</strong></span> <span class='ocrx_word' id='word_1_38' title='bbox 418 672 502 736; x_wconf 92' lang='lat' dir='ltr'><strong>nihil</strong></span> <span class='ocrx_word' id='word_1_39' title='bbox 520 671 596 736; x_wconf 87' lang='lat' dir='ltr'><strong>novi</strong></span> <span class='ocrx_word' id='word_1_40' title='bbox 615 670 727 734; x_wconf 88' lang='lat' dir='ltr'><strong>damni</strong></span> <span class='ocrx_word' id='word_1_41' title='bbox 745 673 822 737; x_wconf 88' lang='lat' dir='ltr'><strong>feeit</strong></span> <span class='ocrx_word' id='word_1_42' title='bbox 838 673 988 751; x_wconf 89' lang='lat' dir='ltr'><strong>ecclesia;</strong></span> <span class='ocrx_word' id='word_1_43' title='bbox 1011 673 1087 754; x_wconf 88' lang='lat' dir='ltr'><strong>quia</strong></span> <span class='ocrx_word' id='word_1_44' title='bbox 1139 684 1172 735; x_wconf 90' lang='lat' dir='ltr'><strong>et</strong></span> <span class='ocrx_word' id='word_1_45' title='bbox 1194 671 1258 736; x_wconf 89' lang='lat' dir='ltr'><strong>alia</strong></span> <span class='ocrx_word' id='word_1_46' title='bbox 1279 673 1348 737; x_wconf 92' lang='lat' dir='ltr'><strong>eius</strong></span> <span class='ocrx_word' id='word_1_47' title='bbox 1372 675 1500 754; x_wconf 90' lang='lat' dir='ltr'><strong>generis</strong></span> <span class='ocrx_word' id='word_1_48' title='bbox 1522 677 1686 759; x_wconf 73' lang='lat' dir='ltr'><strong>mysteria.</strong></span> 
     </span>
     <span class='ocr_line' id='line_1_5' title="bbox 110 755 2129 841; baseline 0.002 -18"><span class='ocrx_word' id='word_1_49' title='bbox 110 758 275 823; x_wconf 90' lang='lat' dir='ltr'><strong>canonicis</strong></span> <span class='ocrx_word' id='word_1_50' title='bbox 298 755 459 822; x_wconf 76' lang='lat' dir='ltr'><strong>duntaxat</strong></span> <span class='ocrx_word' id='word_1_51' title='bbox 480 758 610 833; x_wconf 83' lang='lat' dir='ltr'><strong>electis,</strong></span> <span class='ocrx_word' id='word_1_52' title='bbox 639 779 737 839; x_wconf 93' lang='lat' dir='ltr'><strong>quam</strong></span> <span class='ocrx_word' id='word_1_53' title='bbox 766 759 856 822; x_wconf 93' lang='lat' dir='ltr'><strong>nullo</strong></span> <span class='ocrx_word' id='word_1_54' title='bbox 876 760 947 823; x_wconf 93' lang='lat' dir='ltr'><strong>iure</strong></span> <span class='ocrx_word' id='word_1_55' title='bbox 969 780 1086 841; x_wconf 90' lang='lat' dir='ltr'><strong>rapue-</strong></span> <span class='ocrx_word' id='word_1_56' title='bbox 1226 762 1254 821; x_wconf 79' lang='grc'><strong>5.</strong></span> <span class='ocrx_word' id='word_1_57' title='bbox 1299 759 1425 822; x_wconf 83' lang='lat' dir='ltr'><strong>Verum</strong></span> <span class='ocrx_word' id='word_1_58' title='bbox 1449 761 1577 824; x_wconf 90' lang='lat' dir='ltr'><strong>etiamsi</strong></span> <span class='ocrx_word' id='word_1_59' title='bbox 1597 760 1645 823; x_wconf 93' lang='lat' dir='ltr'><strong>illi</strong></span> <span class='ocrx_word' id='word_1_60' title='bbox 1672 761 1791 824; x_wconf 87' lang='lat' dir='ltr'><strong>abusus</strong></span> <span class='ocrx_word' id='word_1_61' title='bbox 1819 761 1992 824; x_wconf 78' lang='lat' dir='ltr'><strong>crassiores</strong></span> <span class='ocrx_word' id='word_1_62' title='bbox 2022 759 2129 827; x_wconf 84' lang='lat' dir='ltr'><strong>tolle·‘</strong></span> 
     </span>
     <span class='ocr_line' id='line_1_6' title="bbox 110 843 2115 932; baseline 0.001 -24"><span class='ocrx_word' id='word_1_63' title='bbox 110 852 195 921; x_wconf 90' lang='lat' dir='ltr'><strong>rant,</strong></span> <span class='ocrx_word' id='word_1_64' title='bbox 218 844 269 907; x_wconf 88' lang='lat' dir='ltr'><strong>vel</strong></span> <span class='ocrx_word' id='word_1_65' title='bbox 291 851 379 907; x_wconf 88' lang='lat' dir='ltr'><strong>certe</strong></span> <span class='ocrx_word' id='word_1_66' title='bbox 401 844 500 907; x_wconf 86' lang='grc'><strong>1111611</strong></span> <span class='ocrx_word' id='word_1_67' title='bbox 523 850 634 921; x_wconf 88' lang='grc'><strong>616111,</strong></span> <span class='ocrx_word' id='word_1_68' title='bbox 663 843 816 926; x_wconf 88' lang='lat' dir='ltr'><strong>adempta</strong></span> <span class='ocrx_word' id='word_1_69' title='bbox 837 855 894 909; x_wconf 89' lang='lat' dir='ltr'><strong>est</strong></span> <span class='ocrx_word' id='word_1_70' title='bbox 939 845 1002 909; x_wconf 85' lang='lat' dir='ltr'><strong>Est</strong></span> <span class='ocrx_word' id='word_1_71' title='bbox 1023 846 1086 909; x_wconf 91' lang='lat' dir='ltr'><strong>hoe</strong></span> <span class='ocrx_word' id='word_1_72' title='bbox 1139 851 1268 922; x_wconf 88' lang='lat' dir='ltr'><strong>rentur,</strong></span> <span class='ocrx_word' id='word_1_73' title='bbox 1297 865 1408 907; x_wconf 86' lang='lat' dir='ltr'><strong>annon</strong></span> <span class='ocrx_word' id='word_1_74' title='bbox 1436 845 1518 909; x_wconf 92' lang='lat' dir='ltr'><strong>illud</strong></span> <span class='ocrx_word' id='word_1_75' title='bbox 1542 867 1670 928; x_wconf 84' lang='lat' dir='ltr'><strong>semper</strong></span> <span class='ocrx_word' id='word_1_76' title='bbox 1693 845 1871 911; x_wconf 87' lang='lat' dir='ltr'><strong>absurdum</strong></span> <span class='ocrx_word' id='word_1_77' title='bbox 1892 855 1956 922; x_wconf 90' lang='lat' dir='ltr'><strong>est,</strong></span> <span class='ocrx_word' id='word_1_78' title='bbox 1979 847 2115 932; x_wconf 83' lang='lat' dir='ltr'><strong>presby-</strong></span> 
     </span>
     <span class='ocr_line' id='line_1_7' title="bbox 111 928 2115 1016; baseline 0.002 -23"><span class='ocrx_word' id='word_1_79' title='bbox 111 951 190 994; x_wconf 89' lang='lat' dir='ltr'><strong>sane</strong></span> <span class='ocrx_word' id='word_1_80' title='bbox 210 928 434 993; x_wconf 87' lang='lat' dir='ltr'><strong>foedissimum</strong></span> <span class='ocrx_word' id='word_1_81' title='bbox 457 929 658 1012; x_wconf 89' lang='lat' dir='ltr'><strong>exemplum,</strong></span> <span class='ocrx_word' id='word_1_82' title='bbox 682 929 767 1010; x_wconf 90' lang='lat' dir='ltr'><strong>quod</strong></span> <span class='ocrx_word' id='word_1_83' title='bbox 789 951 831 993; x_wconf 88' lang='lat' dir='ltr'><strong>ex</strong></span> <span class='ocrx_word' id='word_1_84' title='bbox 853 931 927 995; x_wconf 89' lang='lat' dir='ltr'><strong>aula</strong></span> <span class='ocrx_word' id='word_1_85' title='bbox 949 931 1086 995; x_wconf 90' lang='lat' dir='ltr'><strong>mittun·</strong></span> <span class='ocrx_word' id='word_1_86' title='bbox 1139 937 1246 993; x_wconf 91' lang='lat' dir='ltr'><strong>terum</strong></span> <span class='ocrx_word' id='word_1_87' title='bbox 1275 930 1475 995; x_wconf 89' lang='lat' dir='ltr'><strong>constituere</strong></span> <span class='ocrx_word' id='word_1_88' title='bbox 1498 931 1549 994; x_wconf 91' lang='lat' dir='ltr'><strong>eui</strong></span> <span class='ocrx_word' id='word_1_89' title='bbox 1578 932 1685 996; x_wconf 92' lang='lat' dir='ltr'><strong>locum</strong></span> <span class='ocrx_word' id='word_1_90' title='bbox 1707 932 1836 995; x_wconf 91' lang='lat' dir='ltr'><strong>nullum</strong></span> <span class='ocrx_word' id='word_1_91' title='bbox 1859 933 2025 1016; x_wconf 81' lang='lat' dir='ltr'><strong>assignes?</strong></span> <span class='ocrx_word' id='word_1_92' title='bbox 2056 956 2115 998; x_wconf 90' lang='lat' dir='ltr'><strong>ne-</strong></span> 
     </span>
     <span class='ocr_line' id='line_1_8' title="bbox 110 1014 2114 1102; baseline 0.002 -24"><span class='ocrx_word' id='word_1_93' title='bbox 110 1028 167 1079; x_wconf 89' lang='lat' dir='ltr'><strong>tur</strong></span> <span class='ocrx_word' id='word_1_94' title='bbox 184 1016 324 1098; x_wconf 90' lang='lat' dir='ltr'><strong>episeopi</strong></span> <span class='ocrx_word' id='word_1_95' title='bbox 342 1014 383 1078; x_wconf 82' lang='lat' dir='ltr'><strong>ad</strong></span> <span class='ocrx_word' id='word_1_96' title='bbox 401 1016 607 1098; x_wconf 89' lang='lat' dir='ltr'><strong>occupandas</strong></span> <span class='ocrx_word' id='word_1_97' title='bbox 625 1014 786 1094; x_wconf 87' lang='lat' dir='ltr'><strong>ecelesias,</strong></span> <span class='ocrx_word' id='word_1_98' title='bbox 805 1024 839 1080; x_wconf 91' lang='lat' dir='ltr'><strong>et</strong></span> <span class='ocrx_word' id='word_1_99' title='bbox 848 1018 976 1099; x_wconf 88' lang='lat' dir='ltr'><strong>piorum</strong></span> <span class='ocrx_word' id='word_1_100' title='bbox 994 1017 1085 1099; x_wconf 90' lang='lat' dir='ltr'><strong>prin·</strong></span> <span class='ocrx_word' id='word_1_101' title='bbox 1138 1016 1261 1080; x_wconf 88' lang='lat' dir='ltr'><strong>minem</strong></span> <span class='ocrx_word' id='word_1_102' title='bbox 1283 1017 1371 1080; x_wconf 92' lang='lat' dir='ltr'><strong>enim</strong></span> <span class='ocrx_word' id='word_1_103' title='bbox 1393 1016 1545 1080; x_wconf 87' lang='lat' dir='ltr'><strong>ordinant</strong></span> <span class='ocrx_word' id='word_1_104' title='bbox 1566 1018 1628 1081; x_wconf 91' lang='lat' dir='ltr'><strong>nisi</strong></span> <span class='ocrx_word' id='word_1_105' title='bbox 1653 1017 1694 1080; x_wconf 90' lang='lat' dir='ltr'><strong>ad</strong></span> <span class='ocrx_word' id='word_1_106' title='bbox 1716 1018 1975 1082; x_wconf 85' lang='lat' dir='ltr'><strong>sacrificandum.</strong></span> <span class='ocrx_word' id='word_1_107' title='bbox 2010 1018 2114 1102; x_wconf 82' lang='lat' dir='ltr'><strong>Atqui</strong></span> 
     </span>
     <span class='ocr_line' id='line_1_9' title="bbox 111 1100 2199 1187; baseline 0.003 -24"><span class='ocrx_word' id='word_1_108' title='bbox 111 1102 221 1183; x_wconf 83' lang='lat' dir='ltr'><strong>cipum</strong></span> <span class='ocrx_word' id='word_1_109' title='bbox 249 1110 376 1165; x_wconf 89' lang='lat' dir='ltr'><strong>esseta</strong></span> <span class='ocrx_word' id='word_1_110' title='bbox 403 1103 460 1165; x_wconf 86' lang='lat' dir='ltr'><strong>tali</strong></span> <span class='ocrx_word' id='word_1_111' title='bbox 483 1101 668 1183; x_wconf 90' lang='lat' dir='ltr'><strong>corruptela</strong></span> <span class='ocrx_word' id='word_1_112' title='bbox 696 1101 867 1166; x_wconf 90' lang='lat' dir='ltr'><strong>abstinere.</strong></span> <span class='ocrx_word' id='word_1_113' title='bbox 911 1103 974 1166; x_wconf 86' lang='lat' dir='ltr'><strong>Est</strong></span> <span class='ocrx_word' id='word_1_114' title='bbox 997 1103 1084 1165; x_wconf 89' lang='lat' dir='ltr'><strong>enim</strong></span> <span class='ocrx_word' id='word_1_115' title='bbox 1137 1100 1284 1183; x_wconf 87' lang='lat' dir='ltr'><strong>legitima</strong></span> <span class='ocrx_word' id='word_1_116' title='bbox 1301 1100 1484 1185; x_wconf 81' lang='lat' dir='ltr'><strong>presbyteri</strong></span> <span class='ocrx_word' id='word_1_117' title='bbox 1503 1102 1664 1167; x_wconf 89' lang='lat' dir='ltr'><strong>ordinatio</strong></span> <span class='ocrx_word' id='word_1_118' title='bbox 1682 1114 1740 1178; x_wconf 89' lang='lat' dir='ltr'><strong>est,</strong></span> <span class='ocrx_word' id='word_1_119' title='bbox 1764 1103 1805 1166; x_wconf 89' lang='lat' dir='ltr'><strong>ad</strong></span> <span class='ocrx_word' id='word_1_120' title='bbox 1824 1104 1977 1167; x_wconf 88' lang='lat' dir='ltr'><strong>ecclesiae</strong></span> <span class='ocrx_word' id='word_1_121' title='bbox 1995 1104 2115 1187; x_wconf 86' lang='lat' dir='ltr'><strong>guber·</strong></span> <span class='ocrx_word' id='word_1_122' title='bbox 2195 1172 2199 1179; x_wconf 43' lang='lat'><strong>,</strong></span> 
     </span>
     <span class='ocr_line' id='line_1_10' title="bbox 110 1186 2114 1273; baseline 0.002 -23"><span class='ocrx_word' id='word_1_123' title='bbox 110 1187 213 1269; x_wconf 91' lang='lat' dir='ltr'><strong>impia</strong></span> <span class='ocrx_word' id='word_1_124' title='bbox 239 1186 393 1253; x_wconf 88' lang='lat' dir='ltr'><strong>ecelesiae</strong></span> <span class='ocrx_word' id='word_1_125' title='bbox 422 1188 586 1269; x_wconf 89' lang='lat' dir='ltr'><strong>spoliatio,</strong></span> <span class='ocrx_word' id='word_1_126' title='bbox 615 1187 739 1270; x_wconf 89' lang='lat' dir='ltr'><strong>quoties</strong></span> <span class='ocrx_word' id='word_1_127' title='bbox 767 1187 863 1251; x_wconf 88' lang='lat' dir='ltr'><strong>alicui</strong></span> <span class='ocrx_word' id='word_1_128' title='bbox 891 1188 1011 1270; x_wconf 92' lang='lat' dir='ltr'><strong>populo</strong></span> <span class='ocrx_word' id='word_1_129' title='bbox 1032 1191 1084 1251; x_wconf 93' lang='lat' dir='ltr'><strong>in·</strong></span> <span class='ocrx_word' id='word_1_130' title='bbox 1137 1187 1318 1263; x_wconf 88' lang='lat' dir='ltr'><strong>nationem,</strong></span> <span class='ocrx_word' id='word_1_131' title='bbox 1353 1188 1495 1264; x_wconf 88' lang='lat' dir='ltr'><strong>diaconi,</strong></span> <span class='ocrx_word' id='word_1_132' title='bbox 1528 1188 1569 1251; x_wconf 93' lang='lat' dir='ltr'><strong>ad</strong></span> <span class='ocrx_word' id='word_1_133' title='bbox 1597 1189 1820 1273; x_wconf 78' lang='lat' dir='ltr'><strong>eleemosynae</strong></span> <span class='ocrx_word' id='word_1_134' title='bbox 1850 1192 2114 1271; x_wconf 79' lang='lat' dir='ltr'><strong>procurationem</strong></span> 
     </span>
     <span class='ocr_line' id='line_1_11' title="bbox 110 1273 2113 1358; baseline 0.002 -22"><span class='ocrx_word' id='word_1_135' title='bbox 110 1273 236 1355; x_wconf 84' lang='lat' dir='ltr'><strong>geritur</strong></span> <span class='ocrx_word' id='word_1_136' title='bbox 268 1273 436 1355; x_wconf 87' lang='lat' dir='ltr'><strong>episcopus</strong></span> <span class='ocrx_word' id='word_1_137' title='bbox 469 1294 566 1355; x_wconf 92' lang='lat' dir='ltr'><strong>quem</strong></span> <span class='ocrx_word' id='word_1_138' title='bbox 599 1295 665 1336; x_wconf 91' lang='lat' dir='ltr'><strong>non</strong></span> <span class='ocrx_word' id='word_1_139' title='bbox 699 1274 847 1355; x_wconf 88' lang='lat' dir='ltr'><strong>petierit,</strong></span> <span class='ocrx_word' id='word_1_140' title='bbox 880 1274 932 1339; x_wconf 90' lang='grc'><strong>161</strong></span> <span class='ocrx_word' id='word_1_141' title='bbox 967 1275 1084 1339; x_wconf 89' lang='lat' dir='ltr'><strong>saltem</strong></span> <span class='ocrx_word' id='word_1_142' title='bbox 1137 1273 1255 1336; x_wconf 85' lang='lat' dir='ltr'><strong>vocari.</strong></span> <span class='ocrx_word' id='word_1_143' title='bbox 1300 1274 1417 1337; x_wconf 91' lang='lat' dir='ltr'><strong>Multis</strong></span> <span class='ocrx_word' id='word_1_144' title='bbox 1439 1273 1570 1355; x_wconf 92' lang='lat' dir='ltr'><strong>quidem</strong></span> <span class='ocrx_word' id='word_1_145' title='bbox 1591 1275 1719 1357; x_wconf 92' lang='lat' dir='ltr'><strong>pompis</strong></span> <span class='ocrx_word' id='word_1_146' title='bbox 1747 1274 1945 1339; x_wconf 84' lang='lat' dir='ltr'><strong>adumbrant</strong></span> <span class='ocrx_word' id='word_1_147' title='bbox 1966 1275 1999 1338; x_wconf 94' lang='lat' dir='ltr'><strong>id</strong></span> <span class='ocrx_word' id='word_1_148' title='bbox 2027 1275 2113 1358; x_wconf 91' lang='lat' dir='ltr'><strong>quod</strong></span> 
     </span>
     <span class='ocr_line' id='line_1_12' title="bbox 108 1358 2112 1443; baseline 0.003 -22"><span class='ocrx_word' id='word_1_149' title='bbox 108 1358 212 1422; x_wconf 90' lang='lat' dir='ltr'><strong>libera</strong></span> <span class='ocrx_word' id='word_1_150' title='bbox 232 1379 311 1423; x_wconf 90' lang='grc'><strong>1666</strong></span> <span class='ocrx_word' id='word_1_151' title='bbox 333 1359 526 1441; x_wconf 86' lang='lat' dir='ltr'><strong>approbarit.</strong></span> <span class='ocrx_word' id='word_1_152' title='bbox 563 1360 690 1423; x_wconf 84' lang='lat' dir='ltr'><strong>Verum</strong></span> <span class='ocrx_word' id='word_1_153' title='bbox 711 1358 917 1425; x_wconf 89' lang='lat' dir='ltr'><strong>inordinatus</strong></span> <span class='ocrx_word' id='word_1_154' title='bbox 937 1359 992 1424; x_wconf 91' lang='lat' dir='ltr'><strong>ille</strong></span> <span class='ocrx_word' id='word_1_155' title='bbox 1013 1382 1084 1425; x_wconf 92' lang='lat' dir='ltr'><strong>mos</strong></span> <span class='ocrx_word' id='word_1_156' title='bbox 1138 1368 1249 1440; x_wconf 76' lang='lat' dir='ltr'><strong>agimt,</strong></span> <span class='ocrx_word' id='word_1_157' title='bbox 1273 1381 1337 1441; x_wconf 92' lang='lat' dir='ltr'><strong>quo</strong></span> <span class='ocrx_word' id='word_1_158' title='bbox 1360 1360 1465 1441; x_wconf 91' lang='lat' dir='ltr'><strong>specie</strong></span> <span class='ocrx_word' id='word_1_159' title='bbox 1487 1360 1558 1442; x_wconf 92' lang='lat' dir='ltr'><strong>ipsa</strong></span> <span class='ocrx_word' id='word_1_160' title='bbox 1575 1361 1821 1425; x_wconf 87' lang='lat' dir='ltr'><strong>venerationem</strong></span> <span class='ocrx_word' id='word_1_161' title='bbox 1839 1361 1925 1442; x_wconf 90' lang='lat' dir='ltr'><strong>apud</strong></span> <span class='ocrx_word' id='word_1_162' title='bbox 1948 1362 2112 1443; x_wconf 83' lang='lat' dir='ltr'><strong>simplices</strong></span> 
     </span>
     <span class='ocr_line' id='line_1_13' title="bbox 109 1444 2112 1528; baseline 0.003 -21"><span class='ocrx_word' id='word_1_163' title='bbox 109 1445 165 1527; x_wconf 94' lang='lat' dir='ltr'><strong>qui</strong></span> <span class='ocrx_word' id='word_1_164' title='bbox 185 1446 220 1508; x_wconf 92' lang='lat' dir='ltr'><strong>in</strong></span> <span class='ocrx_word' id='word_1_165' title='bbox 244 1445 388 1510; x_wconf 90' lang='lat' dir='ltr'><strong>ecclesiis</strong></span> <span class='ocrx_word' id='word_1_166' title='bbox 414 1445 609 1528; x_wconf 88' lang='lat' dir='ltr'><strong>iampridem</strong></span> <span class='ocrx_word' id='word_1_167' title='bbox 631 1445 706 1523; x_wconf 86' lang='lat' dir='ltr'><strong>luit,</strong></span> <span class='ocrx_word' id='word_1_168' title='bbox 735 1445 936 1509; x_wconf 86' lang='lat' dir='ltr'><strong>occasionem</strong></span> <span class='ocrx_word' id='word_1_169' title='bbox 963 1447 1084 1528; x_wconf 90' lang='lat' dir='ltr'><strong>princi·</strong></span> <span class='ocrx_word' id='word_1_170' title='bbox 1137 1444 1264 1509; x_wconf 90' lang='lat' dir='ltr'><strong>habeat.</strong></span> <span class='ocrx_word' id='word_1_171' title='bbox 1311 1444 1377 1509; x_wconf 77' lang='lat' dir='ltr'><strong>sed</strong></span> <span class='ocrx_word' id='word_1_172' title='bbox 1401 1445 1487 1527; x_wconf 90' lang='lat' dir='ltr'><strong>apud</strong></span> <span class='ocrx_word' id='word_1_173' title='bbox 1511 1466 1607 1511; x_wconf 89' lang='lat' dir='ltr'><strong>sanos</strong></span> <span class='ocrx_word' id='word_1_174' title='bbox 1629 1446 1707 1527; x_wconf 91' lang='lat' dir='ltr'><strong>quid</strong></span> <span class='ocrx_word' id='word_1_175' title='bbox 1729 1446 1838 1510; x_wconf 86' lang='lat' dir='ltr'><strong>valere</strong></span> <span class='ocrx_word' id='word_1_176' title='bbox 1861 1456 2000 1528; x_wconf 91' lang='lat' dir='ltr'><strong>possunt</strong></span> <span class='ocrx_word' id='word_1_177' title='bbox 2029 1450 2112 1513; x_wconf 87' lang='lat' dir='ltr'><strong>istae</strong></span> 
     </span>
     <span class='ocr_line' id='line_1_14' title="bbox 109 1529 2112 1613; baseline 0.003 -21"><span class='ocrx_word' id='word_1_178' title='bbox 109 1529 206 1613; x_wconf 91' lang='lat' dir='ltr'><strong>pibus</strong></span> <span class='ocrx_word' id='word_1_179' title='bbox 235 1529 337 1608; x_wconf 88' lang='lat' dir='ltr'><strong>dedit,</strong></span> <span class='ocrx_word' id='word_1_180' title='bbox 371 1538 409 1594; x_wconf 90' lang='lat' dir='ltr'><strong>ut</strong></span> <span class='ocrx_word' id='word_1_181' title='bbox 436 1532 736 1613; x_wconf 86' lang='lat' dir='ltr'><strong>praesentationem</strong></span> <span class='ocrx_word' id='word_1_182' title='bbox 768 1532 992 1613; x_wconf 89' lang='lat' dir='ltr'><strong>episcoporum</strong></span> <span class='ocrx_word' id='word_1_183' title='bbox 1022 1532 1084 1597; x_wconf 89' lang='lat' dir='ltr'><strong>sibi</strong></span> <span class='ocrx_word' id='word_1_184' title='bbox 1136 1529 1262 1608; x_wconf 83' lang='lat' dir='ltr'><strong>larvae,</strong></span> <span class='ocrx_word' id='word_1_185' title='bbox 1292 1531 1348 1595; x_wconf 90' lang='lat' dir='ltr'><strong>ubi</strong></span> <span class='ocrx_word' id='word_1_186' title='bbox 1371 1531 1454 1595; x_wconf 92' lang='lat' dir='ltr'><strong>nihil</strong></span> <span class='ocrx_word' id='word_1_187' title='bbox 1477 1532 1572 1595; x_wconf 93' lang='lat' dir='ltr'><strong>solidi</strong></span> <span class='ocrx_word' id='word_1_188' title='bbox 1593 1540 1650 1595; x_wconf 90' lang='lat' dir='ltr'><strong>aut</strong></span> <span class='ocrx_word' id='word_1_189' title='bbox 1670 1532 1741 1596; x_wconf 89' lang='grc'><strong>1611</strong></span> <span class='ocrx_word' id='word_1_190' title='bbox 1763 1531 1895 1596; x_wconf 85' lang='lat' dir='ltr'><strong>subest?</strong></span> <span class='ocrx_word' id='word_1_191' title='bbox 1930 1533 2017 1596; x_wconf 88' lang='lat' dir='ltr'><strong>Nam</strong></span> <span class='ocrx_word' id='word_1_192' title='bbox 2039 1555 2112 1598; x_wconf 89' lang='lat' dir='ltr'><strong>eae·</strong></span> 
     </span>
     <span class='ocr_line' id='line_1_15' title="bbox 109 1615 2112 1697; baseline 0.001 -17"><span class='ocrx_word' id='word_1_193' title='bbox 109 1625 286 1680; x_wconf 90' lang='lat' dir='ltr'><strong>sumerent.</strong></span> <span class='ocrx_word' id='word_1_194' title='bbox 331 1617 524 1682; x_wconf 88' lang='lat' dir='ltr'><strong>Maluerunt</strong></span> <span class='ocrx_word' id='word_1_195' title='bbox 550 1617 638 1681; x_wconf 91' lang='lat' dir='ltr'><strong>enim</strong></span> <span class='ocrx_word' id='word_1_196' title='bbox 660 1639 755 1681; x_wconf 92' lang='lat' dir='ltr'><strong>suum</strong></span> <span class='ocrx_word' id='word_1_197' title='bbox 784 1638 854 1681; x_wconf 90' lang='lat' dir='ltr'><strong>esse</strong></span> <span class='ocrx_word' id='word_1_198' title='bbox 881 1618 1082 1697; x_wconf 86' lang='lat' dir='ltr'><strong>beneficium,</strong></span> <span class='ocrx_word' id='word_1_199' title='bbox 1136 1617 1299 1680; x_wconf 88' lang='lat' dir='ltr'><strong>remonias</strong></span> <span class='ocrx_word' id='word_1_200' title='bbox 1328 1615 1485 1681; x_wconf 90' lang='lat' dir='ltr'><strong>adhibent</strong></span> <span class='ocrx_word' id='word_1_201' title='bbox 1512 1618 1565 1681; x_wconf 87' lang='lat' dir='ltr'><strong>vel</strong></span> <span class='ocrx_word' id='word_1_202' title='bbox 1586 1640 1627 1681; x_wconf 86' lang='lat' dir='ltr'><strong>ex</strong></span> <span class='ocrx_word' id='word_1_203' title='bbox 1655 1617 1815 1681; x_wconf 90' lang='lat' dir='ltr'><strong>iudaismo</strong></span> <span class='ocrx_word' id='word_1_204' title='bbox 1842 1617 2029 1689; x_wconf 89' lang='lat' dir='ltr'><strong>accersitas,</strong></span> <span class='ocrx_word' id='word_1_205' title='bbox 2058 1619 2112 1684; x_wconf 89' lang='grc'><strong>161</strong></span> 
     </span>
     <span class='ocr_line' id='line_1_16' title="bbox 110 1700 2109 1786; baseline 0.002 -20"><span class='ocrx_word' id='word_1_206' title='bbox 110 1723 207 1784; x_wconf 91' lang='lat' dir='ltr'><strong>quam</strong></span> <span class='ocrx_word' id='word_1_207' title='bbox 230 1723 343 1766; x_wconf 92' lang='lat' dir='ltr'><strong>eorum</strong></span> <span class='ocrx_word' id='word_1_208' title='bbox 364 1703 503 1786; x_wconf 90' lang='lat' dir='ltr'><strong>inques</strong></span> <span class='ocrx_word' id='word_1_209' title='bbox 531 1703 634 1767; x_wconf 89' lang='lat' dir='ltr'><strong>nihilo</strong></span> <span class='ocrx_word' id='word_1_210' title='bbox 656 1703 730 1784; x_wconf 93' lang='lat' dir='ltr'><strong>plus</strong></span> <span class='ocrx_word' id='word_1_211' title='bbox 752 1700 786 1766; x_wconf 92' lang='lat' dir='ltr'><strong>id</strong></span> <span class='ocrx_word' id='word_1_212' title='bbox 807 1705 1023 1786; x_wconf 82' lang='lat' dir='ltr'><strong>competebat,</strong></span> <span class='ocrx_word' id='word_1_213' title='bbox 1051 1713 1084 1769; x_wconf 89' lang='lat' dir='ltr'><strong>et</strong></span> <span class='ocrx_word' id='word_1_214' title='bbox 1136 1723 1178 1765; x_wconf 89' lang='lat' dir='ltr'><strong>ex</strong></span> <span class='ocrx_word' id='word_1_215' title='bbox 1200 1702 1336 1785; x_wconf 89' lang='lat' dir='ltr'><strong>seipsis</strong></span> <span class='ocrx_word' id='word_1_216' title='bbox 1358 1704 1526 1780; x_wconf 90' lang='lat' dir='ltr'><strong>confictas,</strong></span> <span class='ocrx_word' id='word_1_217' title='bbox 1557 1701 1676 1785; x_wconf 92' lang='lat' dir='ltr'><strong>quibus</strong></span> <span class='ocrx_word' id='word_1_218' title='bbox 1697 1704 1859 1767; x_wconf 88' lang='lat' dir='ltr'><strong>abstinere</strong></span> <span class='ocrx_word' id='word_1_219' title='bbox 1887 1703 1989 1767; x_wconf 85' lang='lat' dir='ltr'><strong>satius</strong></span> <span class='ocrx_word' id='word_1_220' title='bbox 2017 1705 2109 1769; x_wconf 85' lang='lat' dir='ltr'><strong>foret</strong></span> 
     </span>
     <span class='ocr_line' id='line_1_17' title="bbox 110 1788 2112 1873; baseline 0.002 -22"><span class='ocrx_word' id='word_1_221' title='bbox 110 1789 164 1870; x_wconf 87' lang='lat' dir='ltr'><strong>qui</strong></span> <span class='ocrx_word' id='word_1_222' title='bbox 184 1811 252 1853; x_wconf 91' lang='lat' dir='ltr'><strong>non</strong></span> <span class='ocrx_word' id='word_1_223' title='bbox 273 1790 384 1853; x_wconf 91' lang='lat' dir='ltr'><strong>minus</strong></span> <span class='ocrx_word' id='word_1_224' title='bbox 405 1810 577 1871; x_wconf 86' lang='lat' dir='ltr'><strong>perperam</strong></span> <span class='ocrx_word' id='word_1_225' title='bbox 599 1810 637 1853; x_wconf 93' lang='lat' dir='ltr'><strong>eo</strong></span> <span class='ocrx_word' id='word_1_226' title='bbox 660 1788 885 1854; x_wconf 86' lang='lat' dir='ltr'><strong>abutebantur.</strong></span> <span class='ocrx_word' id='word_1_227' title='bbox 941 1796 945 1807; x_wconf 92' lang='grc'><strong><em>’</em></strong></span> <span class='ocrx_word' id='word_1_228' title='bbox 1135 1788 1188 1851; x_wconf 90' lang='lat' dir='ltr'><strong>De</strong></span> <span class='ocrx_word' id='word_1_229' title='bbox 1209 1809 1287 1852; x_wconf 89' lang='grc'><strong>1616</strong></span> <span class='ocrx_word' id='word_1_230' title='bbox 1305 1796 1415 1853; x_wconf 88' lang='grc'><strong>61116111</strong></span> <span class='ocrx_word' id='word_1_231' title='bbox 1436 1789 1586 1853; x_wconf 88' lang='lat' dir='ltr'><strong>examine</strong></span> <span class='ocrx_word' id='word_1_232' title='bbox 1610 1788 1776 1873; x_wconf 88' lang='lat' dir='ltr'><strong>(umbram</strong></span> <span class='ocrx_word' id='word_1_233' title='bbox 1794 1791 1881 1853; x_wconf 92' lang='lat' dir='ltr'><strong>enim</strong></span> <span class='ocrx_word' id='word_1_234' title='bbox 1902 1788 1993 1853; x_wconf 89' lang='lat' dir='ltr'><strong>illam</strong></span> <span class='ocrx_word' id='word_1_235' title='bbox 2013 1810 2112 1871; x_wconf 84' lang='lat' dir='ltr'><strong>quam</strong></span> 
     </span>
     <span class='ocr_line' id='line_1_18' title="bbox 196 1874 2111 1959; baseline 0.003 -23"><span class='ocrx_word' id='word_1_236' title='bbox 196 1880 225 1937; x_wconf 85' lang='grc'><strong>4.</strong></span> <span class='ocrx_word' id='word_1_237' title='bbox 270 1875 325 1938; x_wconf 88' lang='lat' dir='ltr'><strong>En</strong></span> <span class='ocrx_word' id='word_1_238' title='bbox 351 1876 519 1956; x_wconf 88' lang='lat' dir='ltr'><strong>praeclara</strong></span> <span class='ocrx_word' id='word_1_239' title='bbox 539 1876 681 1954; x_wconf 86' lang='lat' dir='ltr'><strong>vocatio,</strong></span> <span class='ocrx_word' id='word_1_240' title='bbox 705 1877 798 1940; x_wconf 91' lang='lat' dir='ltr'><strong>cuius</strong></span> <span class='ocrx_word' id='word_1_241' title='bbox 821 1897 920 1940; x_wconf 89' lang='lat' dir='ltr'><strong>causa</strong></span> <span class='ocrx_word' id='word_1_242' title='bbox 942 1876 1084 1959; x_wconf 89' lang='lat' dir='ltr'><strong>episcopi</strong></span> <span class='ocrx_word' id='word_1_243' title='bbox 1136 1874 1281 1938; x_wconf 89' lang='lat' dir='ltr'><strong>retinent</strong></span> <span class='ocrx_word' id='word_1_244' title='bbox 1302 1874 1386 1938; x_wconf 92' lang='lat' dir='ltr'><strong>nihil</strong></span> <span class='ocrx_word' id='word_1_245' title='bbox 1408 1876 1549 1959; x_wconf 86' lang='lat' dir='ltr'><strong>moror),</strong></span> <span class='ocrx_word' id='word_1_246' title='bbox 1578 1874 1618 1939; x_wconf 93' lang='lat' dir='ltr'><strong>de</strong></span> <span class='ocrx_word' id='word_1_247' title='bbox 1645 1875 1757 1957; x_wconf 92' lang='lat' dir='ltr'><strong>populi</strong></span> <span class='ocrx_word' id='word_1_248' title='bbox 1778 1896 1950 1951; x_wconf 89' lang='lat' dir='ltr'><strong>consensu,</strong></span> <span class='ocrx_word' id='word_1_249' title='bbox 1975 1875 2015 1938; x_wconf 90' lang='lat' dir='ltr'><strong>de</strong></span> <span class='ocrx_word' id='word_1_250' title='bbox 2036 1875 2111 1941; x_wconf 87' lang='lat' dir='ltr'><strong>aliis</strong></span> 
     </span>
     <span class='ocr_line' id='line_1_19' title="bbox 110 1959 2111 2046; baseline 0.001 -24"><span class='ocrx_word' id='word_1_251' title='bbox 110 1960 331 2041; x_wconf 88' lang='lat' dir='ltr'><strong>apostolorum</strong></span> <span class='ocrx_word' id='word_1_252' title='bbox 350 1981 550 2027; x_wconf 89' lang='lat' dir='ltr'><strong>successores</strong></span> <span class='ocrx_word' id='word_1_253' title='bbox 568 1982 603 2025; x_wconf 92' lang='lat' dir='ltr'><strong>se</strong></span> <span class='ocrx_word' id='word_1_254' title='bbox 621 1982 691 2026; x_wconf 91' lang='lat' dir='ltr'><strong>esse</strong></span> <span class='ocrx_word' id='word_1_255' title='bbox 709 1962 840 2026; x_wconf 86' lang='lat' dir='ltr'><strong>iactant.</strong></span> <span class='ocrx_word' id='word_1_256' title='bbox 868 1962 1084 2046; x_wconf 85' lang='lat' dir='ltr'><strong>Presbyteros</strong></span> <span class='ocrx_word' id='word_1_257' title='bbox 1135 1959 1233 2023; x_wconf 90' lang='lat' dir='ltr'><strong>rebus</strong></span> <span class='ocrx_word' id='word_1_258' title='bbox 1255 1960 1455 2038; x_wconf 86' lang='lat' dir='ltr'><strong>necessariis,</strong></span> <span class='ocrx_word' id='word_1_259' title='bbox 1478 1961 1572 2025; x_wconf 89' lang='lat' dir='ltr'><strong>nulla</strong></span> <span class='ocrx_word' id='word_1_260' title='bbox 1588 1961 1720 2026; x_wconf 91' lang='lat' dir='ltr'><strong>mentio.</strong></span> <span class='ocrx_word' id='word_1_261' title='bbox 1756 1961 1917 2026; x_wconf 84' lang='lat' dir='ltr'><strong>Umbram</strong></span> <span class='ocrx_word' id='word_1_262' title='bbox 1935 1959 2111 2025; x_wconf 76' lang='grc'><strong>166611111-</strong></span> 
     </span>
     <span class='ocr_line' id='line_1_20' title="bbox 110 2045 2111 2130; baseline 0.001 -21"><span class='ocrx_word' id='word_1_263' title='bbox 110 2055 221 2110; x_wconf 86' lang='lat' dir='ltr'><strong>autem</strong></span> <span class='ocrx_word' id='word_1_264' title='bbox 243 2045 374 2111; x_wconf 90' lang='lat' dir='ltr'><strong>creandi</strong></span> <span class='ocrx_word' id='word_1_265' title='bbox 397 2048 448 2112; x_wconf 91' lang='lat' dir='ltr'><strong>ius</strong></span> <span class='ocrx_word' id='word_1_266' title='bbox 469 2047 531 2111; x_wconf 90' lang='lat' dir='ltr'><strong>sibi</strong></span> <span class='ocrx_word' id='word_1_267' title='bbox 554 2048 631 2112; x_wconf 93' lang='lat' dir='ltr'><strong>solis</strong></span> <span class='ocrx_word' id='word_1_268' title='bbox 654 2055 836 2128; x_wconf 83' lang='lat' dir='ltr'><strong>competere</strong></span> <span class='ocrx_word' id='word_1_269' title='bbox 859 2047 991 2112; x_wconf 89' lang='lat' dir='ltr'><strong>dieunt..</strong></span> <span class='ocrx_word' id='word_1_270' title='bbox 1016 2046 1084 2113; x_wconf 77' lang='lat' dir='ltr'><strong>Sed</strong></span> <span class='ocrx_word' id='word_1_271' title='bbox 1136 2045 1226 2115; x_wconf 82' lang='lat' dir='ltr'><strong>aulas</strong></span> <span class='ocrx_word' id='word_1_272' title='bbox 1253 2046 1326 2109; x_wconf 92' lang='lat' dir='ltr'><strong>illas</strong></span> <span class='ocrx_word' id='word_1_273' title='bbox 1348 2046 1622 2128; x_wconf 83' lang='lat' dir='ltr'><strong>gesticulationes,</strong></span> <span class='ocrx_word' id='word_1_274' title='bbox 1652 2047 1694 2111; x_wconf 93' lang='lat' dir='ltr'><strong>ad</strong></span> <span class='ocrx_word' id='word_1_275' title='bbox 1719 2048 1864 2129; x_wconf 86' lang='lat' dir='ltr'><strong>ineptam</strong></span> <span class='ocrx_word' id='word_1_276' title='bbox 1890 2067 1928 2110; x_wconf 92' lang='lat' dir='ltr'><strong>ac</strong></span> <span class='ocrx_word' id='word_1_277' title='bbox 1956 2046 2111 2130; x_wconf 82' lang='lat' dir='ltr'><strong>frigidam</strong></span> 
     </span>
     <span class='ocr_line' id='line_1_21' title="bbox 109 2131 2110 2216; baseline 0 -21"><span class='ocrx_word' id='word_1_278' title='bbox 109 2133 145 2195; x_wconf 91' lang='lat' dir='ltr'><strong>in</strong></span> <span class='ocrx_word' id='word_1_279' title='bbox 169 2132 230 2197; x_wconf 92' lang='lat' dir='ltr'><strong>hoc</strong></span> <span class='ocrx_word' id='word_1_280' title='bbox 251 2133 391 2215; x_wconf 87' lang='lat' dir='ltr'><strong>pessime</strong></span> <span class='ocrx_word' id='word_1_281' title='bbox 413 2141 629 2215; x_wconf 89' lang='lat' dir='ltr'><strong>corrumpunt</strong></span> <span class='ocrx_word' id='word_1_282' title='bbox 650 2142 744 2198; x_wconf 90' lang='grc'><strong>161116</strong></span> <span class='ocrx_word' id='word_1_283' title='bbox 766 2134 969 2211; x_wconf 89' lang='lat' dir='ltr'><strong>institutum,</strong></span> <span class='ocrx_word' id='word_1_284' title='bbox 998 2132 1083 2216; x_wconf 91' lang='lat' dir='ltr'><strong>quod</strong></span> <span class='ocrx_word' id='word_1_285' title='bbox 1135 2132 1309 2196; x_wconf 83' lang='lat' dir='ltr'><strong>vetustatis</strong></span> <span class='ocrx_word' id='word_1_286' title='bbox 1331 2132 1548 2197; x_wconf 90' lang='lat' dir='ltr'><strong>imitationem</strong></span> <span class='ocrx_word' id='word_1_287' title='bbox 1570 2134 1772 2214; x_wconf 88' lang='lat' dir='ltr'><strong>compositas.</strong></span> <span class='ocrx_word' id='word_1_288' title='bbox 1809 2131 1945 2197; x_wconf 87' lang='lat' dir='ltr'><strong>Habent</strong></span> <span class='ocrx_word' id='word_1_289' title='bbox 1966 2133 2110 2216; x_wconf 89' lang='lat' dir='ltr'><strong>episcopi</strong></span> 
     </span>
     <span class='ocr_line' id='line_1_22' title="bbox 108 2217 2110 2302; baseline 0.001 -21"><span class='ocrx_word' id='word_1_290' title='bbox 108 2237 175 2282; x_wconf 93' lang='lat' dir='ltr'><strong>non</strong></span> <span class='ocrx_word' id='word_1_291' title='bbox 194 2219 401 2302; x_wconf 76' lang='lat' dir='ltr'><strong>presbyteros</strong></span> <span class='ocrx_word' id='word_1_292' title='bbox 420 2241 479 2284; x_wconf 91' lang='lat' dir='ltr'><strong>sua</strong></span> <span class='ocrx_word' id='word_1_293' title='bbox 497 2219 701 2284; x_wconf 91' lang='lat' dir='ltr'><strong>ordinatione</strong></span> <span class='ocrx_word' id='word_1_294' title='bbox 723 2229 836 2284; x_wconf 88' lang='lat' dir='ltr'><strong>creant</strong></span> <span class='ocrx_word' id='word_1_295' title='bbox 854 2221 909 2301; x_wconf 93' lang='lat' dir='ltr'><strong>qui</strong></span> <span class='ocrx_word' id='word_1_296' title='bbox 926 2221 1083 2301; x_wconf 94' lang='lat' dir='ltr'><strong>populum</strong></span> <span class='ocrx_word' id='word_1_297' title='bbox 1136 2239 1212 2282; x_wconf 90' lang='lat' dir='ltr'><strong>suos</strong></span> <span class='ocrx_word' id='word_1_298' title='bbox 1245 2217 1398 2295; x_wconf 88' lang='lat' dir='ltr'><strong>vicarios,</strong></span> <span class='ocrx_word' id='word_1_299' title='bbox 1432 2220 1489 2300; x_wconf 90' lang='lat' dir='ltr'><strong>qui</strong></span> <span class='ocrx_word' id='word_1_300' title='bbox 1518 2226 1594 2282; x_wconf 89' lang='lat' dir='ltr'><strong>ante</strong></span> <span class='ocrx_word' id='word_1_301' title='bbox 1624 2217 1863 2282; x_wconf 83' lang='lat' dir='ltr'><strong>ordinationem</strong></span> <span class='ocrx_word' id='word_1_302' title='bbox 1888 2218 1928 2282; x_wconf 90' lang='lat' dir='ltr'><strong>de</strong></span> <span class='ocrx_word' id='word_1_303' title='bbox 1960 2218 2110 2283; x_wconf 86' lang='lat' dir='ltr'><strong>doctrina</strong></span> 
     </span>
     <span class='ocr_line' id='line_1_23' title="bbox 109 2301 2107 2388; baseline 0.001 -20"><span class='ocrx_word' id='word_1_304' title='bbox 109 2312 226 2387; x_wconf 86' lang='lat' dir='ltr'><strong>regant</strong></span> <span class='ocrx_word' id='word_1_305' title='bbox 255 2326 291 2369; x_wconf 89' lang='lat' dir='ltr'><strong>ac</strong></span> <span class='ocrx_word' id='word_1_306' title='bbox 319 2314 470 2386; x_wconf 88' lang='lat' dir='ltr'><strong>pascant,</strong></span> <span class='ocrx_word' id='word_1_307' title='bbox 502 2305 561 2371; x_wconf 88' lang='lat' dir='ltr'><strong>sed</strong></span> <span class='ocrx_word' id='word_1_308' title='bbox 594 2304 775 2370; x_wconf 90' lang='lat' dir='ltr'><strong>sacerdotes</strong></span> <span class='ocrx_word' id='word_1_309' title='bbox 801 2305 856 2386; x_wconf 92' lang='lat' dir='ltr'><strong>qui</strong></span> <span class='ocrx_word' id='word_1_310' title='bbox 889 2306 1081 2371; x_wconf 88' lang='lat' dir='ltr'><strong>sacrificent.</strong></span> <span class='ocrx_word' id='word_1_311' title='bbox 1134 2304 1310 2385; x_wconf 90' lang='lat' dir='ltr'><strong>inquirant.</strong></span> <span class='ocrx_word' id='word_1_312' title='bbox 1356 2301 1423 2368; x_wconf 84' lang='lat' dir='ltr'><strong>Sed</strong></span> <span class='ocrx_word' id='word_1_313' title='bbox 1451 2304 1549 2386; x_wconf 83' lang='lat' dir='ltr'><strong>quid?</strong></span> <span class='ocrx_word' id='word_1_314' title='bbox 1579 2325 1622 2368; x_wconf 89' lang='lat' dir='ltr'><strong>an</strong></span> <span class='ocrx_word' id='word_1_315' title='bbox 1646 2304 1756 2388; x_wconf 89' lang='lat' dir='ltr'><strong>legere</strong></span> <span class='ocrx_word' id='word_1_316' title='bbox 1783 2325 1858 2367; x_wconf 89' lang='lat' dir='ltr'><strong>suas</strong></span> <span class='ocrx_word' id='word_1_317' title='bbox 1884 2305 2001 2369; x_wconf 88' lang='lat' dir='ltr'><strong>missas</strong></span> <span class='ocrx_word' id='word_1_318' title='bbox 2031 2325 2107 2387; x_wconf 92' lang='lat' dir='ltr'><strong>pos·</strong></span> 
     </span>
     <span class='ocr_line' id='line_1_24' title="bbox 110 2388 2106 2474; baseline 0.002 -21"><span class='ocrx_word' id='word_1_319' title='bbox 110 2388 280 2469; x_wconf 82' lang='lat' dir='ltr'><strong>Similiter,</strong></span> <span class='ocrx_word' id='word_1_320' title='bbox 292 2412 393 2473; x_wconf 91' lang='lat' dir='ltr'><strong>quum</strong></span> <span class='ocrx_word' id='word_1_321' title='bbox 417 2391 569 2456; x_wconf 91' lang='lat' dir='ltr'><strong>diaconos</strong></span> <span class='ocrx_word' id='word_1_322' title='bbox 590 2399 789 2467; x_wconf 87' lang='lat' dir='ltr'><strong>consecrant,</strong></span> <span class='ocrx_word' id='word_1_323' title='bbox 812 2390 896 2454; x_wconf 89' lang='lat' dir='ltr'><strong>mhil</strong></span> <span class='ocrx_word' id='word_1_324' title='bbox 919 2400 1025 2474; x_wconf 89' lang='lat' dir='ltr'><strong>agunt</strong></span> <span class='ocrx_word' id='word_1_325' title='bbox 1042 2392 1082 2456; x_wconf 92' lang='lat' dir='ltr'><strong>de</strong></span> <span class='ocrx_word' id='word_1_326' title='bbox 1134 2388 1223 2454; x_wconf 85' lang='lat' dir='ltr'><strong>sint?</strong></span> <span class='ocrx_word' id='word_1_327' title='bbox 1252 2411 1295 2453; x_wconf 91' lang='lat' dir='ltr'><strong>an</strong></span> <span class='ocrx_word' id='word_1_328' title='bbox 1321 2388 1458 2472; x_wconf 81' lang='lat' dir='ltr'><strong>vulgare</strong></span> <span class='ocrx_word' id='word_1_329' title='bbox 1487 2390 1616 2472; x_wconf 82' lang='lat' dir='ltr'><strong>aliquod</strong></span> <span class='ocrx_word' id='word_1_330' title='bbox 1638 2411 1771 2468; x_wconf 91' lang='lat' dir='ltr'><strong>nomen,</strong></span> <span class='ocrx_word' id='word_1_331' title='bbox 1794 2388 1882 2471; x_wconf 94' lang='lat' dir='ltr'><strong>quod</strong></span> <span class='ocrx_word' id='word_1_332' title='bbox 1903 2391 1938 2453; x_wconf 91' lang='lat' dir='ltr'><strong>in</strong></span> <span class='ocrx_word' id='word_1_333' title='bbox 1965 2390 2106 2456; x_wconf 88' lang='lat' dir='ltr'><strong>lectione</strong></span> 
     </span>
     <span class='ocr_line' id='line_1_25' title="bbox 111 2474 2106 2559; baseline 0.001 -20"><span class='ocrx_word' id='word_1_334' title='bbox 111 2496 189 2539; x_wconf 87' lang='lat' dir='ltr'><strong>vero</strong></span> <span class='ocrx_word' id='word_1_335' title='bbox 212 2496 249 2541; x_wconf 89' lang='lat' dir='ltr'><strong>ac</strong></span> <span class='ocrx_word' id='word_1_336' title='bbox 266 2478 396 2558; x_wconf 90' lang='lat' dir='ltr'><strong>proprio</strong></span> <span class='ocrx_word' id='word_1_337' title='bbox 417 2478 562 2559; x_wconf 89' lang='lat' dir='ltr'><strong>ipsorum</strong></span> <span class='ocrx_word' id='word_1_338' title='bbox 582 2477 702 2555; x_wconf 91' lang='lat' dir='ltr'><strong>officio;</strong></span> <span class='ocrx_word' id='word_1_339' title='bbox 725 2475 782 2540; x_wconf 91' lang='lat' dir='ltr'><strong>sed</strong></span> <span class='ocrx_word' id='word_1_340' title='bbox 801 2476 842 2540; x_wconf 89' lang='lat' dir='ltr'><strong>ad</strong></span> <span class='ocrx_word' id='word_1_341' title='bbox 862 2485 968 2543; x_wconf 84' lang='lat' dir='ltr'><strong>certas</strong></span> <span class='ocrx_word' id='word_1_342' title='bbox 985 2477 1082 2542; x_wconf 93' lang='lat' dir='ltr'><strong>modo</strong></span> <span class='ocrx_word' id='word_1_343' title='bbox 1134 2482 1298 2552; x_wconf 89' lang='lat' dir='ltr'><strong>occurret,</strong></span> <span class='ocrx_word' id='word_1_344' title='bbox 1340 2474 1536 2540; x_wconf 65' lang='lat' dir='ltr'><strong>declinaret*</strong></span> <span class='ocrx_word' id='word_1_345' title='bbox 1572 2498 1614 2539; x_wconf 91' lang='lat' dir='ltr'><strong>an</strong></span> <span class='ocrx_word' id='word_1_346' title='bbox 1647 2477 1823 2558; x_wconf 80' lang='lat' dir='ltr'><strong>coningere</strong></span> <span class='ocrx_word' id='word_1_347' title='bbox 1856 2474 2019 2540; x_wconf 79' lang='lat' dir='ltr'><strong>verbum?</strong></span> <span class='ocrx_word' id='word_1_348' title='bbox 2061 2497 2106 2540; x_wconf 89' lang='grc'><strong>611</strong></span> 
     </span>
     <span class='ocr_line' id='line_1_26' title="bbox 109 2560 2107 2643; baseline 0.001 -19"><span class='ocrx_word' id='word_1_349' title='bbox 109 2562 329 2626; x_wconf 87' lang='lat' dir='ltr'><strong>caeremonias</strong></span> <span class='ocrx_word' id='word_1_350' title='bbox 351 2564 437 2629; x_wconf 90' lang='lat' dir='ltr'><strong>circa</strong></span> <span class='ocrx_word' id='word_1_351' title='bbox 457 2564 592 2628; x_wconf 87' lang='lat' dir='ltr'><strong>calicem</strong></span> <span class='ocrx_word' id='word_1_352' title='bbox 614 2573 647 2627; x_wconf 90' lang='lat' dir='ltr'><strong>et</strong></span> <span class='ocrx_word' id='word_1_353' title='bbox 665 2563 810 2643; x_wconf 90' lang='lat' dir='ltr'><strong>patinam</strong></span> <span class='ocrx_word' id='word_1_354' title='bbox 832 2563 994 2627; x_wconf 85' lang='lat' dir='ltr'><strong>ordinant.</strong></span> <span class='ocrx_word' id='word_1_355' title='bbox 1035 2565 1082 2627; x_wconf 82' lang='lat' dir='ltr'><strong>At</strong></span> <span class='ocrx_word' id='word_1_356' title='bbox 1133 2561 1222 2627; x_wconf 87' lang='lat' dir='ltr'><strong>vocis</strong></span> <span class='ocrx_word' id='word_1_357' title='bbox 1250 2561 1349 2624; x_wconf 92' lang='lat' dir='ltr'><strong>unius</strong></span> <span class='ocrx_word' id='word_1_358' title='bbox 1380 2561 1649 2643; x_wconf 87' lang='lat' dir='ltr'><strong>significationem</strong></span> <span class='ocrx_word' id='word_1_359' title='bbox 1677 2560 1851 2627; x_wconf 80' lang='lat' dir='ltr'><strong>noverint?</strong></span> <span class='ocrx_word' id='word_1_360' title='bbox 1884 2583 1990 2643; x_wconf 90' lang='lat' dir='ltr'><strong>neque</strong></span> <span class='ocrx_word' id='word_1_361' title='bbox 2018 2563 2107 2626; x_wconf 90' lang='lat' dir='ltr'><strong>enim</strong></span> 
     </span>
     <span class='ocr_line' id='line_1_27' title="bbox 108 2647 2106 2733; baseline 0.002 -23"><span class='ocrx_word' id='word_1_362' title='bbox 108 2648 143 2710; x_wconf 93' lang='lat' dir='ltr'><strong>in</strong></span> <span class='ocrx_word' id='word_1_363' title='bbox 165 2647 289 2732; x_wconf 85' lang='lat' dir='ltr'><strong>synodo</strong></span> <span class='ocrx_word' id='word_1_364' title='bbox 312 2648 559 2714; x_wconf 85' lang='lat' dir='ltr'><strong>chalcedonensi</strong></span> <span class='ocrx_word' id='word_1_365' title='bbox 578 2648 603 2733; x_wconf 92' lang='lat'><strong>¹)</strong></span> <span class='ocrx_word' id='word_1_366' title='bbox 631 2653 735 2733; x_wconf 66' lang='lat' dir='ltr'><strong>eostre</strong></span> <span class='ocrx_word' id='word_1_367' title='bbox 761 2649 922 2712; x_wconf 89' lang='lat' dir='ltr'><strong>sancitum</strong></span> <span class='ocrx_word' id='word_1_368' title='bbox 951 2657 1016 2725; x_wconf 90' lang='lat' dir='ltr'><strong>est,</strong></span> <span class='ocrx_word' id='word_1_369' title='bbox 1040 2671 1082 2714; x_wconf 91' lang='lat' dir='ltr'><strong>ne</strong></span> <span class='ocrx_word' id='word_1_370' title='bbox 1134 2654 1267 2713; x_wconf 85' lang='lat' dir='ltr'><strong>necesse</strong></span> <span class='ocrx_word' id='word_1_371' title='bbox 1289 2656 1354 2724; x_wconf 91' lang='lat' dir='ltr'><strong>est,</strong></span> <span class='ocrx_word' id='word_1_372' title='bbox 1383 2656 1421 2709; x_wconf 91' lang='lat' dir='ltr'><strong>ut</strong></span> <span class='ocrx_word' id='word_1_373' title='bbox 1442 2647 1495 2711; x_wconf 91' lang='grc'><strong>161</strong></span> <span class='ocrx_word' id='word_1_374' title='bbox 1519 2648 1618 2711; x_wconf 89' lang='grc'><strong>11111116</strong></span> <span class='ocrx_word' id='word_1_375' title='bbox 1639 2647 1793 2711; x_wconf 87' lang='grc'><strong>1616161111</strong></span> <span class='ocrx_word' id='word_1_376' title='bbox 1814 2668 1948 2712; x_wconf 92' lang='lat' dir='ltr'><strong>sensum</strong></span> <span class='ocrx_word' id='word_1_377' title='bbox 1969 2647 2106 2713; x_wconf 88' lang='lat' dir='ltr'><strong>reddere</strong></span> 
     </span>
     <span class='ocr_line' id='line_1_28' title="bbox 109 2731 2108 2817; baseline 0.001 -21"><span class='ocrx_word' id='word_1_378' title='bbox 109 2734 191 2797; x_wconf 87' lang='lat' dir='ltr'><strong>fiant</strong></span> <span class='ocrx_word' id='word_1_379' title='bbox 223 2734 391 2799; x_wconf 87' lang='lat' dir='ltr'><strong>absolutae</strong></span> <span class='ocrx_word' id='word_1_380' title='bbox 423 2734 659 2812; x_wconf 87' lang='lat' dir='ltr'><strong>ordinationes,</strong></span> <span class='ocrx_word' id='word_1_381' title='bbox 694 2733 755 2798; x_wconf 89' lang='lat' dir='ltr'><strong>hec</strong></span> <span class='ocrx_word' id='word_1_382' title='bbox 782 2742 847 2812; x_wconf 91' lang='lat' dir='ltr'><strong>est,</strong></span> <span class='ocrx_word' id='word_1_383' title='bbox 880 2735 960 2817; x_wconf 91' lang='lat' dir='ltr'><strong>quin</strong></span> <span class='ocrx_word' id='word_1_384' title='bbox 992 2734 1082 2799; x_wconf 94' lang='lat' dir='ltr'><strong>locus</strong></span> <span class='ocrx_word' id='word_1_385' title='bbox 1135 2734 1246 2798; x_wconf 89' lang='lat' dir='ltr'><strong>sciant.</strong></span> <span class='ocrx_word' id='word_1_386' title='bbox 1292 2731 1407 2814; x_wconf 90' lang='lat' dir='ltr'><strong>Neque</strong></span> <span class='ocrx_word' id='word_1_387' title='bbox 1434 2739 1547 2796; x_wconf 89' lang='lat' dir='ltr'><strong>tamen</strong></span> <span class='ocrx_word' id='word_1_388' title='bbox 1570 2732 1676 2796; x_wconf 89' lang='lat' dir='ltr'><strong>adhue</strong></span> <span class='ocrx_word' id='word_1_389' title='bbox 1697 2731 1874 2798; x_wconf 86' lang='lat' dir='ltr'><strong>sacerdotio</strong></span> <span class='ocrx_word' id='word_1_390' title='bbox 1899 2733 2108 2814; x_wconf 90' lang='lat' dir='ltr'><strong>repelluntur</strong></span> 
     </span>
     <span class='ocr_line' id='line_1_29' title="bbox 109 2818 2105 2904; baseline 0 -22"><span class='ocrx_word' id='word_1_391' title='bbox 109 2819 205 2882; x_wconf 92' lang='lat' dir='ltr'><strong>simul</strong></span> <span class='ocrx_word' id='word_1_392' title='bbox 233 2820 419 2904; x_wconf 86' lang='lat' dir='ltr'><strong>assignetur</strong></span> <span class='ocrx_word' id='word_1_393' title='bbox 446 2820 602 2886; x_wconf 90' lang='lat' dir='ltr'><strong>ordinatis</strong></span> <span class='ocrx_word' id='word_1_394' title='bbox 630 2820 688 2885; x_wconf 89' lang='lat' dir='ltr'><strong>ubi</strong></span> <span class='ocrx_word' id='word_1_395' title='bbox 716 2841 835 2885; x_wconf 91' lang='lat' dir='ltr'><strong>munus</strong></span> <span class='ocrx_word' id='word_1_396' title='bbox 862 2842 959 2885; x_wconf 92' lang='lat' dir='ltr'><strong>suum</strong></span> <span class='ocrx_word' id='word_1_397' title='bbox 988 2841 1082 2886; x_wconf 89' lang='lat' dir='ltr'><strong>exer·</strong></span> <span class='ocrx_word' id='word_1_398' title='bbox 1135 2819 1190 2902; x_wconf 94' lang='lat' dir='ltr'><strong>qui</strong></span> <span class='ocrx_word' id='word_1_399' title='bbox 1216 2819 1252 2883; x_wconf 92' lang='lat' dir='ltr'><strong>in</strong></span> <span class='ocrx_word' id='word_1_400' title='bbox 1281 2818 1334 2882; x_wconf 89' lang='grc'><strong>1116</strong></span> <span class='ocrx_word' id='word_1_401' title='bbox 1361 2838 1488 2900; x_wconf 92' lang='lat' dir='ltr'><strong>quoque</strong></span> <span class='ocrx_word' id='word_1_402' title='bbox 1521 2818 1702 2901; x_wconf 88' lang='lat' dir='ltr'><strong>puerilibus</strong></span> <span class='ocrx_word' id='word_1_403' title='bbox 1735 2820 1904 2883; x_wconf 89' lang='lat' dir='ltr'><strong>elementis</strong></span> <span class='ocrx_word' id='word_1_404' title='bbox 1937 2818 2105 2898; x_wconf 85' lang='lat' dir='ltr'><strong>deliciunt,</strong></span> 
     </span>
     <span class='ocr_line' id='line_1_30' title="bbox 41 2903 2181 2990; baseline 0.001 -20"><span class='ocrx_word' id='word_1_405' title='bbox 41 2966 43 2970; x_wconf 63' lang='lat'><strong>.</strong></span> <span class='ocrx_word' id='word_1_406' title='bbox 107 2914 212 2969; x_wconf 89' lang='lat' dir='ltr'><strong>ceant.</strong></span> <span class='ocrx_word' id='word_1_407' title='bbox 262 2905 336 2971; x_wconf 91' lang='lat' dir='ltr'><strong>Hoc</strong></span> <span class='ocrx_word' id='word_1_408' title='bbox 363 2906 532 2973; x_wconf 90' lang='lat' dir='ltr'><strong>decretum</strong></span> <span class='ocrx_word' id='word_1_409' title='bbox 558 2906 682 2990; x_wconf 91' lang='lat' dir='ltr'><strong>duplici</strong></span> <span class='ocrx_word' id='word_1_410' title='bbox 708 2905 840 2970; x_wconf 89' lang='lat' dir='ltr'><strong>nomine</strong></span> <span class='ocrx_word' id='word_1_411' title='bbox 870 2906 1082 2971; x_wconf 89' lang='lat' dir='ltr'><strong>utilissimum</strong></span> <span class='ocrx_word' id='word_1_412' title='bbox 1134 2904 1230 2969; x_wconf 93' lang='lat' dir='ltr'><strong>modo</strong></span> <span class='ocrx_word' id='word_1_413' title='bbox 1248 2904 1391 2987; x_wconf 85' lang='lat' dir='ltr'><strong>aliquam</strong></span> <span class='ocrx_word' id='word_1_414' title='bbox 1406 2904 1563 2986; x_wconf 88' lang='lat' dir='ltr'><strong>pecuniae</strong></span> <span class='ocrx_word' id='word_1_415' title='bbox 1580 2904 1634 2969; x_wconf 88' lang='lat' dir='ltr'><strong>vel</strong></span> <span class='ocrx_word' id='word_1_416' title='bbox 1651 2904 1775 2988; x_wconf 71' lang='lat' dir='ltr'><strong>gratiam</strong></span> <span class='ocrx_word' id='word_1_417' title='bbox 1792 2903 2108 2969; x_wconf 88' lang='lat' dir='ltr'><strong>commendationem</strong></span> <span class='ocrx_word' id='word_1_418' title='bbox 2175 2960 2181 2972; x_wconf 88' lang='lat'><strong>.</strong></span> 
     </span>
     <span class='ocr_line' id='line_1_31' title="bbox 108 2988 2108 3075; baseline 0.001 -22"><span class='ocrx_word' id='word_1_419' title='bbox 108 2997 172 3053; x_wconf 91' lang='lat' dir='ltr'><strong>est:</strong></span> <span class='ocrx_word' id='word_1_420' title='bbox 200 3011 242 3053; x_wconf 91' lang='lat' dir='ltr'><strong>ne</strong></span> <span class='ocrx_word' id='word_1_421' title='bbox 269 3001 448 3056; x_wconf 89' lang='lat' dir='ltr'><strong>onerentur</strong></span> <span class='ocrx_word' id='word_1_422' title='bbox 473 2993 628 3058; x_wconf 89' lang='lat' dir='ltr'><strong>ecelesiae</strong></span> <span class='ocrx_word' id='word_1_423' title='bbox 650 3013 852 3075; x_wconf 88' lang='lat' dir='ltr'><strong>supervacuo</strong></span> <span class='ocrx_word' id='word_1_424' title='bbox 874 3001 1020 3074; x_wconf 91' lang='lat' dir='ltr'><strong>sumptu,</strong></span> <span class='ocrx_word' id='word_1_425' title='bbox 1049 3000 1082 3057; x_wconf 91' lang='lat' dir='ltr'><strong>et</strong></span> <span class='ocrx_word' id='word_1_426' title='bbox 1135 2991 1315 3056; x_wconf 87' lang='lat' dir='ltr'><strong>attulerint.</strong></span> <span class='ocrx_word' id='word_1_427' title='bbox 1359 2989 1519 3055; x_wconf 87' lang='lat' dir='ltr'><strong>Eiusdem</strong></span> <span class='ocrx_word' id='word_1_428' title='bbox 1540 2989 1665 3055; x_wconf 86' lang='lat' dir='ltr'><strong>farinae</strong></span> <span class='ocrx_word' id='word_1_429' title='bbox 1692 2990 1850 3073; x_wconf 91' lang='lat' dir='ltr'><strong>estquod</strong></span> <span class='ocrx_word' id='word_1_430' title='bbox 1871 3011 1973 3072; x_wconf 90' lang='lat' dir='ltr'><strong>quum</strong></span> <span class='ocrx_word' id='word_1_431' title='bbox 1995 2988 2037 3054; x_wconf 90' lang='lat' dir='ltr'><strong>ad</strong></span> <span class='ocrx_word' id='word_1_432' title='bbox 2059 2990 2108 3054; x_wconf 88' lang='lat' dir='ltr'><strong>al·</strong></span> 
     </span>
     <span class='ocr_line' id='line_1_32' title="bbox 108 3074 2108 3162; baseline 0.001 -24"><span class='ocrx_word' id='word_1_433' title='bbox 108 3076 145 3138; x_wconf 95' lang='lat' dir='ltr'><strong>in</strong></span> <span class='ocrx_word' id='word_1_434' title='bbox 166 3075 315 3142; x_wconf 89' lang='lat' dir='ltr'><strong>homines</strong></span> <span class='ocrx_word' id='word_1_435' title='bbox 336 3079 454 3144; x_wconf 90' lang='lat' dir='ltr'><strong>otiosos</strong></span> <span class='ocrx_word' id='word_1_436' title='bbox 476 3078 682 3162; x_wconf 87' lang='lat' dir='ltr'><strong>expendatur</strong></span> <span class='ocrx_word' id='word_1_437' title='bbox 702 3077 789 3161; x_wconf 92' lang='lat' dir='ltr'><strong>quod</strong></span> <span class='ocrx_word' id='word_1_438' title='bbox 811 3078 939 3161; x_wconf 83' lang='lat' dir='ltr'><strong>erogari</strong></span> <span class='ocrx_word' id='word_1_439' title='bbox 960 3099 1082 3161; x_wconf 89' lang='lat' dir='ltr'><strong>paupe-</strong></span> <span class='ocrx_word' id='word_1_440' title='bbox 1134 3084 1206 3142; x_wconf 86' lang='lat' dir='ltr'><strong>tare</strong></span> <span class='ocrx_word' id='word_1_441' title='bbox 1227 3076 1446 3141; x_wconf 87' lang='lat' dir='ltr'><strong>admoventur</strong></span> <span class='ocrx_word' id='word_1_442' title='bbox 1467 3074 1654 3155; x_wconf 87' lang='lat' dir='ltr'><strong>ordinandi,</strong></span> <span class='ocrx_word' id='word_1_443' title='bbox 1677 3078 1847 3159; x_wconf 90' lang='lat' dir='ltr'><strong>quaeritur</strong></span> <span class='ocrx_word' id='word_1_444' title='bbox 1867 3082 1919 3139; x_wconf 91' lang='lat' dir='ltr'><strong>ter</strong></span> <span class='ocrx_word' id='word_1_445' title='bbox 1940 3095 2018 3140; x_wconf 91' lang='grc'><strong>1666</strong></span> <span class='ocrx_word' id='word_1_446' title='bbox 2041 3097 2108 3140; x_wconf 91' lang='lat' dir='ltr'><strong>non</strong></span> 
     </span>
     <span class='ocr_line' id='line_1_33' title="bbox 109 3160 2108 3247; baseline 0.002 -24"><span class='ocrx_word' id='word_1_447' title='bbox 109 3161 200 3224; x_wconf 87' lang='lat' dir='ltr'><strong>ribus</strong></span> <span class='ocrx_word' id='word_1_448' title='bbox 222 3161 331 3241; x_wconf 90' lang='lat' dir='ltr'><strong>debet;</strong></span> <span class='ocrx_word' id='word_1_449' title='bbox 361 3162 477 3229; x_wconf 92' lang='lat' dir='ltr'><strong>deinde</strong></span> <span class='ocrx_word' id='word_1_450' title='bbox 506 3173 544 3228; x_wconf 90' lang='lat' dir='ltr'><strong>ut</strong></span> <span class='ocrx_word' id='word_1_451' title='bbox 568 3165 591 3227; x_wconf 90' lang='lat' dir='ltr'><strong>ii</strong></span> <span class='ocrx_word' id='word_1_452' title='bbox 618 3166 674 3247; x_wconf 93' lang='lat' dir='ltr'><strong>qui</strong></span> <span class='ocrx_word' id='word_1_453' title='bbox 701 3164 910 3242; x_wconf 91' lang='lat' dir='ltr'><strong>ordinantur,</strong></span> <span class='ocrx_word' id='word_1_454' title='bbox 938 3165 1082 3247; x_wconf 86' lang='lat' dir='ltr'><strong>cogitent</strong></span> <span class='ocrx_word' id='word_1_455' title='bbox 1133 3162 1315 3239; x_wconf 89' lang='lat' dir='ltr'><strong>intellecta,</strong></span> <span class='ocrx_word' id='word_1_456' title='bbox 1349 3161 1457 3226; x_wconf 90' lang='lat' dir='ltr'><strong>sintne</strong></span> <span class='ocrx_word' id='word_1_457' title='bbox 1489 3161 1581 3245; x_wconf 87' lang='lat' dir='ltr'><strong>digni</strong></span> <span class='ocrx_word' id='word_1_458' title='bbox 1614 3162 1746 3226; x_wconf 88' lang='lat' dir='ltr'><strong>honore.</strong></span> <span class='ocrx_word' id='word_1_459' title='bbox 1797 3160 1990 3243; x_wconf 85' lang='lat' dir='ltr'><strong>Respondet</strong></span> <span class='ocrx_word' id='word_1_460' title='bbox 2021 3181 2108 3226; x_wconf 86' lang='lat' dir='ltr'><strong>unus</strong></span> 
     </span>
     <span class='ocr_line' id='line_1_34' title="bbox 110 3245 2108 3333; baseline 0.001 -24"><span class='ocrx_word' id='word_1_461' title='bbox 110 3267 176 3309; x_wconf 90' lang='lat' dir='ltr'><strong>non</strong></span> <span class='ocrx_word' id='word_1_462' title='bbox 194 3268 227 3311; x_wconf 92' lang='lat' dir='ltr'><strong>se</strong></span> <span class='ocrx_word' id='word_1_463' title='bbox 246 3248 287 3311; x_wconf 90' lang='lat' dir='ltr'><strong>ad</strong></span> <span class='ocrx_word' id='word_1_464' title='bbox 305 3248 462 3313; x_wconf 91' lang='lat' dir='ltr'><strong>honorem</strong></span> <span class='ocrx_word' id='word_1_465' title='bbox 478 3251 671 3332; x_wconf 90' lang='lat' dir='ltr'><strong>promoveri,</strong></span> <span class='ocrx_word' id='word_1_466' title='bbox 694 3249 751 3316; x_wconf 90' lang='lat' dir='ltr'><strong>sed</strong></span> <span class='ocrx_word' id='word_1_467' title='bbox 768 3272 888 3315; x_wconf 91' lang='lat' dir='ltr'><strong>munus</strong></span> <span class='ocrx_word' id='word_1_468' title='bbox 906 3249 969 3315; x_wconf 91' lang='lat' dir='ltr'><strong>sibi</strong></span> <span class='ocrx_word' id='word_1_469' title='bbox 987 3271 1081 3314; x_wconf 87' lang='lat' dir='ltr'><strong>man·</strong></span> <span class='ocrx_word' id='word_1_470' title='bbox 1134 3248 1208 3333; x_wconf 88' lang='lat' dir='ltr'><strong>(qui</strong></span> <span class='ocrx_word' id='word_1_471' title='bbox 1229 3270 1284 3313; x_wconf 91' lang='lat' dir='ltr'><strong>eos</strong></span> <span class='ocrx_word' id='word_1_472' title='bbox 1300 3268 1470 3330; x_wconf 89' lang='lat' dir='ltr'><strong>nunquam</strong></span> <span class='ocrx_word' id='word_1_473' title='bbox 1490 3247 1583 3326; x_wconf 85' lang='lat' dir='ltr'><strong>vidit,</strong></span> <span class='ocrx_word' id='word_1_474' title='bbox 1606 3246 1663 3312; x_wconf 91' lang='lat' dir='ltr'><strong>sed</strong></span> <span class='ocrx_word' id='word_1_475' title='bbox 1680 3269 1721 3312; x_wconf 91' lang='lat' dir='ltr'><strong>ne</strong></span> <span class='ocrx_word' id='word_1_476' title='bbox 1740 3245 1819 3330; x_wconf 91' lang='lat' dir='ltr'><strong>quid</strong></span> <span class='ocrx_word' id='word_1_477' title='bbox 1836 3246 1996 3311; x_wconf 85' lang='lat' dir='ltr'><strong>formulae</strong></span> <span class='ocrx_word' id='word_1_478' title='bbox 2014 3245 2108 3325; x_wconf 90' lang='lat' dir='ltr'><strong>desit,</strong></span> 
     </span>
     <span class='ocr_line' id='line_1_35' title="bbox 111 3330 2110 3417; baseline 0.002 -23"><span class='ocrx_word' id='word_1_479' title='bbox 111 3331 182 3395; x_wconf 90' lang='lat' dir='ltr'><strong>dari</strong></span> <span class='ocrx_word' id='word_1_480' title='bbox 210 3330 251 3395; x_wconf 91' lang='lat' dir='ltr'><strong>ad</strong></span> <span class='ocrx_word' id='word_1_481' title='bbox 277 3332 364 3415; x_wconf 92' lang='lat' dir='ltr'><strong>quod</strong></span> <span class='ocrx_word' id='word_1_482' title='bbox 390 3335 578 3400; x_wconf 90' lang='lat' dir='ltr'><strong>obeundum</strong></span> <span class='ocrx_word' id='word_1_483' title='bbox 600 3337 728 3401; x_wconf 91' lang='lat' dir='ltr'><strong>solenni</strong></span> <span class='ocrx_word' id='word_1_484' title='bbox 754 3337 980 3401; x_wconf 86' lang='lat' dir='ltr'><strong>testificatione</strong></span> <span class='ocrx_word' id='word_1_485' title='bbox 1001 3335 1081 3399; x_wconf 91' lang='lat' dir='ltr'><strong>obli·</strong></span> <span class='ocrx_word' id='word_1_486' title='bbox 1135 3335 1196 3399; x_wconf 89' lang='lat' dir='ltr'><strong>has</strong></span> <span class='ocrx_word' id='word_1_487' title='bbox 1217 3342 1327 3417; x_wconf 89' lang='lat' dir='ltr'><strong>partes</strong></span> <span class='ocrx_word' id='word_1_488' title='bbox 1355 3333 1455 3399; x_wconf 89' lang='lat' dir='ltr'><strong>habet</strong></span> <span class='ocrx_word' id='word_1_489' title='bbox 1476 3335 1511 3397; x_wconf 94' lang='lat' dir='ltr'><strong>in</strong></span> <span class='ocrx_word' id='word_1_490' title='bbox 1541 3332 1679 3417; x_wconf 84' lang='lat' dir='ltr'><strong>fabula):</strong></span> <span class='ocrx_word' id='word_1_491' title='bbox 1710 3332 1800 3416; x_wconf 88' lang='lat' dir='ltr'><strong>digni</strong></span> <span class='ocrx_word' id='word_1_492' title='bbox 1830 3340 1916 3397; x_wconf 89' lang='lat' dir='ltr'><strong>sunt.</strong></span> <span class='ocrx_word' id='word_1_493' title='bbox 1962 3330 2051 3413; x_wconf 81' lang='lat' dir='ltr'><strong>Quid</strong></span> <span class='ocrx_word' id='word_1_494' title='bbox 2073 3333 2110 3397; x_wconf 92' lang='lat' dir='ltr'><strong>in</strong></span> 
     </span>
     <span class='ocr_line' id='line_1_36' title="bbox 110 3417 2109 3506; baseline 0.002 -27"><span class='ocrx_word' id='word_1_495' title='bbox 110 3424 239 3499; x_wconf 88' lang='lat' dir='ltr'><strong>gentur.</strong></span> <span class='ocrx_word' id='word_1_496' title='bbox 283 3420 330 3482; x_wconf 88' lang='lat' dir='ltr'><strong>At</strong></span> <span class='ocrx_word' id='word_1_497' title='bbox 350 3443 561 3487; x_wconf 89' lang='lat' dir='ltr'><strong>romanenses</strong></span> <span class='ocrx_word' id='word_1_498' title='bbox 581 3422 746 3506; x_wconf 89' lang='lat' dir='ltr'><strong>magistri,</strong></span> <span class='ocrx_word' id='word_1_499' title='bbox 775 3423 830 3504; x_wconf 91' lang='lat' dir='ltr'><strong>qui</strong></span> <span class='ocrx_word' id='word_1_500' title='bbox 858 3422 942 3486; x_wconf 92' lang='grc'><strong>1111111</strong></span> <span class='ocrx_word' id='word_1_501' title='bbox 969 3424 1003 3486; x_wconf 95' lang='grc'><strong>111</strong></span> <span class='ocrx_word' id='word_1_502' title='bbox 1030 3444 1082 3486; x_wconf 91' lang='grc'><strong>16-</strong></span> <span class='ocrx_word' id='word_1_503' title='bbox 1134 3420 1330 3485; x_wconf 88' lang='lat' dir='ltr'><strong>venerandis</strong></span> <span class='ocrx_word' id='word_1_504' title='bbox 1351 3419 1423 3484; x_wconf 90' lang='lat' dir='ltr'><strong>istis</strong></span> <span class='ocrx_word' id='word_1_505' title='bbox 1444 3419 1593 3501; x_wconf 88' lang='lat' dir='ltr'><strong>patribus</strong></span> <span class='ocrx_word' id='word_1_506' title='bbox 1616 3440 1762 3495; x_wconf 89' lang='lat' dir='ltr'><strong>accuses,</strong></span> <span class='ocrx_word' id='word_1_507' title='bbox 1786 3419 1851 3482; x_wconf 93' lang='lat' dir='ltr'><strong>nisi</strong></span> <span class='ocrx_word' id='word_1_508' title='bbox 1872 3417 1957 3501; x_wconf 93' lang='lat' dir='ltr'><strong>quod</strong></span> <span class='ocrx_word' id='word_1_509' title='bbox 1981 3418 2018 3481; x_wconf 91' lang='lat' dir='ltr'><strong>in</strong></span> <span class='ocrx_word' id='word_1_510' title='bbox 2039 3427 2109 3482; x_wconf 89' lang='lat' dir='ltr'><strong>tam</strong></span> 
     </span>
     <span class='ocr_line' id='line_1_37' title="bbox 109 3502 2110 3591; baseline 0.002 -26"><span class='ocrx_word' id='word_1_511' title='bbox 109 3502 231 3585; x_wconf 88' lang='lat' dir='ltr'><strong>ligione</strong></span> <span class='ocrx_word' id='word_1_512' title='bbox 259 3505 440 3570; x_wconf 90' lang='lat' dir='ltr'><strong>curandum</strong></span> <span class='ocrx_word' id='word_1_513' title='bbox 471 3514 589 3590; x_wconf 90' lang='lat' dir='ltr'><strong>putant</strong></span> <span class='ocrx_word' id='word_1_514' title='bbox 615 3515 746 3590; x_wconf 85' lang='lat' dir='ltr'><strong>praeter</strong></span> <span class='ocrx_word' id='word_1_515' title='bbox 778 3516 944 3586; x_wconf 87' lang='lat' dir='ltr'><strong>ventrem,</strong></span> <span class='ocrx_word' id='word_1_516' title='bbox 976 3508 1083 3591; x_wconf 90' lang='lat' dir='ltr'><strong>primo</strong></span> <span class='ocrx_word' id='word_1_517' title='bbox 1134 3507 1257 3588; x_wconf 88' lang='lat' dir='ltr'><strong>apertis</strong></span> <span class='ocrx_word' id='word_1_518' title='bbox 1279 3505 1457 3588; x_wconf 86' lang='lat' dir='ltr'><strong>sacrilegiis</strong></span> <span class='ocrx_word' id='word_1_519' title='bbox 1484 3504 1626 3571; x_wconf 92' lang='lat' dir='ltr'><strong>ludendo</strong></span> <span class='ocrx_word' id='word_1_520' title='bbox 1647 3504 1759 3570; x_wconf 90' lang='lat' dir='ltr'><strong>Deum</strong></span> <span class='ocrx_word' id='word_1_521' title='bbox 1786 3514 1820 3569; x_wconf 92' lang='lat' dir='ltr'><strong>et</strong></span> <span class='ocrx_word' id='word_1_522' title='bbox 1846 3504 1996 3569; x_wconf 90' lang='lat' dir='ltr'><strong>homines</strong></span> <span class='ocrx_word' id='word_1_523' title='bbox 2019 3503 2110 3570; x_wconf 92' lang='lat' dir='ltr'><strong>nullo</strong></span> 
     </span>
     <span class='ocr_line' id='line_1_38' title="bbox 110 3588 2110 3681; baseline 0.002 -30"><span class='ocrx_word' id='word_1_524' title='bbox 110 3588 244 3652; x_wconf 89' lang='lat' dir='ltr'><strong>titulum</strong></span> <span class='ocrx_word' id='word_1_525' title='bbox 274 3590 533 3675; x_wconf 91' lang='lat' dir='ltr'><strong>interpretantur</strong></span> <span class='ocrx_word' id='word_1_526' title='bbox 562 3594 709 3681; x_wconf 68' lang='lat' dir='ltr'><strong>peditum</strong></span> <span class='ocrx_word' id='word_1_527' title='bbox 737 3594 793 3676; x_wconf 94' lang='lat' dir='ltr'><strong>qui</strong></span> <span class='ocrx_word' id='word_1_528' title='bbox 820 3592 861 3656; x_wconf 91' lang='lat' dir='ltr'><strong>ad</strong></span> <span class='ocrx_word' id='word_1_529' title='bbox 895 3594 1083 3658; x_wconf 88' lang='lat' dir='ltr'><strong>alimoniam</strong></span> <span class='ocrx_word' id='word_1_530' title='bbox 1135 3592 1259 3675; x_wconf 90' lang='lat' dir='ltr'><strong>pudore</strong></span> <span class='ocrx_word' id='word_1_531' title='bbox 1281 3591 1410 3656; x_wconf 90' lang='lat' dir='ltr'><strong>rident?</strong></span> <span class='ocrx_word' id='word_1_532' title='bbox 1446 3592 1491 3655; x_wconf 83' lang='lat' dir='ltr'><strong>At</strong></span> <span class='ocrx_word' id='word_1_533' title='bbox 1519 3591 1595 3674; x_wconf 91' lang='lat' dir='ltr'><strong>quia</strong></span> <span class='ocrx_word' id='word_1_534' title='bbox 1625 3591 1661 3654; x_wconf 92' lang='lat' dir='ltr'><strong>in</strong></span> <span class='ocrx_word' id='word_1_535' title='bbox 1689 3590 1846 3655; x_wconf 90' lang='lat' dir='ltr'><strong>diuturna</strong></span> <span class='ocrx_word' id='word_1_536' title='bbox 1873 3590 1944 3656; x_wconf 92' lang='lat' dir='ltr'><strong>eius</strong></span> <span class='ocrx_word' id='word_1_537' title='bbox 1966 3589 2014 3654; x_wconf 91' lang='lat' dir='ltr'><strong>rei</strong></span> <span class='ocrx_word' id='word_1_538' title='bbox 2035 3610 2110 3671; x_wconf 93' lang='lat' dir='ltr'><strong>pos-</strong></span> 
     </span>
     <span class='ocr_line' id='line_1_39' title="bbox 110 3674 2110 3761; baseline 0 -22"><span class='ocrx_word' id='word_1_539' title='bbox 110 3675 260 3752; x_wconf 89' lang='lat' dir='ltr'><strong>sufficiat,</strong></span> <span class='ocrx_word' id='word_1_540' title='bbox 284 3676 352 3740; x_wconf 83' lang='lat' dir='ltr'><strong>sire</strong></span> <span class='ocrx_word' id='word_1_541' title='bbox 374 3700 415 3743; x_wconf 90' lang='lat' dir='ltr'><strong>ex</strong></span> <span class='ocrx_word' id='word_1_542' title='bbox 437 3681 632 3761; x_wconf 89' lang='lat' dir='ltr'><strong>patrimonio</strong></span> <span class='ocrx_word' id='word_1_543' title='bbox 654 3682 710 3757; x_wconf 91' lang='lat' dir='ltr'><strong>sit,</strong></span> <span class='ocrx_word' id='word_1_544' title='bbox 734 3681 802 3745; x_wconf 88' lang='grc'><strong>6116</strong></span> <span class='ocrx_word' id='word_1_545' title='bbox 830 3700 871 3743; x_wconf 90' lang='lat' dir='ltr'><strong>ex</strong></span> <span class='ocrx_word' id='word_1_546' title='bbox 893 3679 1082 3744; x_wconf 88' lang='lat' dir='ltr'><strong>sacerdotio.</strong></span> <span class='ocrx_word' id='word_1_547' title='bbox 1135 3677 1280 3742; x_wconf 88' lang='lat' dir='ltr'><strong>sessione</strong></span> <span class='ocrx_word' id='word_1_548' title='bbox 1302 3684 1393 3752; x_wconf 91' lang='lat' dir='ltr'><strong>sunt,</strong></span> <span class='ocrx_word' id='word_1_549' title='bbox 1416 3686 1537 3759; x_wconf 87' lang='lat' dir='ltr'><strong>putant</strong></span> <span class='ocrx_word' id='word_1_550' title='bbox 1557 3677 1591 3741; x_wconf 94' lang='lat' dir='ltr'><strong>id</strong></span> <span class='ocrx_word' id='word_1_551' title='bbox 1614 3676 1676 3742; x_wconf 91' lang='lat' dir='ltr'><strong>sibi</strong></span> <span class='ocrx_word' id='word_1_552' title='bbox 1705 3678 1771 3741; x_wconf 90' lang='lat' dir='ltr'><strong>iam</strong></span> <span class='ocrx_word' id='word_1_553' title='bbox 1799 3675 1905 3741; x_wconf 89' lang='lat' dir='ltr'><strong>licere.</strong></span> <span class='ocrx_word' id='word_1_554' title='bbox 1952 3674 2110 3756; x_wconf 82' lang='lat' dir='ltr'><strong>Quisquis</strong></span> 
     </span>
     <span class='ocr_line' id='line_1_40' title="bbox 109 3759 2111 3850; baseline -0.002 -25"><span class='ocrx_word' id='word_1_555' title='bbox 109 3761 235 3843; x_wconf 87' lang='lat' dir='ltr'><strong>Itaque,</strong></span> <span class='ocrx_word' id='word_1_556' title='bbox 264 3783 364 3843; x_wconf 91' lang='lat' dir='ltr'><strong>quum</strong></span> <span class='ocrx_word' id='word_1_557' title='bbox 386 3764 557 3830; x_wconf 88' lang='lat' dir='ltr'><strong>diaconum</strong></span> <span class='ocrx_word' id='word_1_558' title='bbox 585 3766 637 3831; x_wconf 93' lang='grc'><strong>161</strong></span> <span class='ocrx_word' id='word_1_559' title='bbox 664 3767 893 3850; x_wconf 80' lang='lat' dir='ltr'><strong>presbyterum</strong></span> <span class='ocrx_word' id='word_1_560' title='bbox 920 3764 1082 3844; x_wconf 89' lang='lat' dir='ltr'><strong>ordinant,</strong></span> <span class='ocrx_word' id='word_1_561' title='bbox 1135 3765 1225 3829; x_wconf 90' lang='lat' dir='ltr'><strong>enim</strong></span> <span class='ocrx_word' id='word_1_562' title='bbox 1248 3773 1361 3827; x_wconf 88' lang='lat' dir='ltr'><strong>contra</strong></span> <span class='ocrx_word' id='word_1_563' title='bbox 1376 3763 1458 3828; x_wconf 89' lang='lat' dir='ltr'><strong>haec</strong></span> <span class='ocrx_word' id='word_1_564' title='bbox 1480 3769 1547 3827; x_wconf 90' lang='lat' dir='ltr'><strong>tam</strong></span> <span class='ocrx_word' id='word_1_565' title='bbox 1568 3763 1657 3826; x_wconf 89' lang='lat' dir='ltr'><strong>clara</strong></span> <span class='ocrx_word' id='word_1_566' title='bbox 1679 3772 1811 3844; x_wconf 89' lang='lat' dir='ltr'><strong>tamque</strong></span> <span class='ocrx_word' id='word_1_567' title='bbox 1840 3760 1962 3826; x_wconf 89' lang='lat' dir='ltr'><strong>atrocia</strong></span> <span class='ocrx_word' id='word_1_568' title='bbox 1985 3759 2111 3841; x_wconf 83' lang='lat' dir='ltr'><strong>flagitia</strong></span> 
     </span>
     <span class='ocr_line' id='line_1_41' title="bbox 109 3846 2110 3939; baseline -0.003 -27"><span class='ocrx_word' id='word_1_569' title='bbox 109 3846 196 3912; x_wconf 88' lang='lat' dir='ltr'><strong>nihil</strong></span> <span class='ocrx_word' id='word_1_570' title='bbox 222 3848 353 3913; x_wconf 90' lang='lat' dir='ltr'><strong>solliciti</strong></span> <span class='ocrx_word' id='word_1_571' title='bbox 379 3851 435 3915; x_wconf 87' lang='lat' dir='ltr'><strong>ubi</strong></span> <span class='ocrx_word' id='word_1_572' title='bbox 461 3851 600 3916; x_wconf 88' lang='lat' dir='ltr'><strong>debeant</strong></span> <span class='ocrx_word' id='word_1_573' title='bbox 620 3853 822 3929; x_wconf 88' lang='lat' dir='ltr'><strong>ministrare,</strong></span> <span class='ocrx_word' id='word_1_574' title='bbox 849 3850 997 3915; x_wconf 88' lang='lat' dir='ltr'><strong>ordinem</strong></span> <span class='ocrx_word' id='word_1_575' title='bbox 1018 3851 1084 3917; x_wconf 88' lang='lat' dir='ltr'><strong>illis</strong></span> <span class='ocrx_word' id='word_1_576' title='bbox 1136 3850 1263 3914; x_wconf 87' lang='lat' dir='ltr'><strong>hiscere</strong></span> <span class='ocrx_word' id='word_1_577' title='bbox 1285 3848 1398 3927; x_wconf 91' lang='lat' dir='ltr'><strong>audet,</strong></span> <span class='ocrx_word' id='word_1_578' title='bbox 1426 3849 1522 3930; x_wconf 91' lang='lat' dir='ltr'><strong>quasi</strong></span> <span class='ocrx_word' id='word_1_579' title='bbox 1547 3850 1602 3931; x_wconf 92' lang='lat' dir='ltr'><strong>qui</strong></span> <span class='ocrx_word' id='word_1_580' title='bbox 1631 3869 1724 3913; x_wconf 91' lang='lat' dir='ltr'><strong>sacra</strong></span> <span class='ocrx_word' id='word_1_581' title='bbox 1746 3846 1876 3912; x_wconf 76' lang='lat' dir='ltr'><strong>Cereris</strong></span> <span class='ocrx_word' id='word_1_582' title='bbox 1903 3847 1938 3908; x_wconf 94' lang='grc'><strong>111</strong></span> <span class='ocrx_word' id='word_1_583' title='bbox 1960 3858 2110 3939; x_wconf 83' lang='lat' dir='ltr'><strong>apertum</strong></span> 
     </span>
     <span class='ocr_line' id='line_1_42' title="bbox 110 3930 2110 4018; baseline -0.002 -21"><span class='ocrx_word' id='word_1_584' title='bbox 110 3935 296 4013; x_wconf 86' lang='lat' dir='ltr'><strong>conferunt,</strong></span> <span class='ocrx_word' id='word_1_585' title='bbox 321 3936 348 3998; x_wconf 95' lang='lat' dir='ltr'><strong>si</strong></span> <span class='ocrx_word' id='word_1_586' title='bbox 371 3936 465 3999; x_wconf 91' lang='lat' dir='ltr'><strong>modo</strong></span> <span class='ocrx_word' id='word_1_587' title='bbox 487 3938 566 4001; x_wconf 90' lang='lat' dir='ltr'><strong>satis</strong></span> <span class='ocrx_word' id='word_1_588' title='bbox 588 3937 712 4002; x_wconf 87' lang='lat' dir='ltr'><strong>divites</strong></span> <span class='ocrx_word' id='word_1_589' title='bbox 729 3940 795 4003; x_wconf 89' lang='lat' dir='ltr'><strong>sint</strong></span> <span class='ocrx_word' id='word_1_590' title='bbox 816 3936 858 4002; x_wconf 90' lang='lat' dir='ltr'><strong>ad</strong></span> <span class='ocrx_word' id='word_1_591' title='bbox 880 3957 916 4002; x_wconf 92' lang='lat' dir='ltr'><strong>se</strong></span> <span class='ocrx_word' id='word_1_592' title='bbox 940 3935 1082 4002; x_wconf 90' lang='lat' dir='ltr'><strong>alendos.</strong></span> <span class='ocrx_word' id='word_1_593' title='bbox 1136 3935 1214 4000; x_wconf 93' lang='lat' dir='ltr'><strong>olim</strong></span> <span class='ocrx_word' id='word_1_594' title='bbox 1239 3935 1435 4018; x_wconf 88' lang='lat' dir='ltr'><strong>protulerat,</strong></span> <span class='ocrx_word' id='word_1_595' title='bbox 1464 3934 1506 3997; x_wconf 89' lang='lat' dir='ltr'><strong>ad</strong></span> <span class='ocrx_word' id='word_1_596' title='bbox 1532 3933 1671 4018; x_wconf 89' lang='lat' dir='ltr'><strong>capitale</strong></span> <span class='ocrx_word' id='word_1_597' title='bbox 1700 3932 1859 3996; x_wconf 90' lang='lat' dir='ltr'><strong>iudicium</strong></span> <span class='ocrx_word' id='word_1_598' title='bbox 1886 3931 1927 3994; x_wconf 86' lang='lat' dir='ltr'><strong>ab</strong></span> <span class='ocrx_word' id='word_1_599' title='bbox 1953 3930 2033 4010; x_wconf 80' lang='lat' dir='ltr'><strong>ipsis</strong></span> <span class='ocrx_word' id='word_1_600' title='bbox 2056 3949 2110 3993; x_wconf 90' lang='lat' dir='ltr'><strong>ra·</strong></span> 
     </span>
     <span class='ocr_line' id='line_1_43' title="bbox 109 4018 2111 4106; baseline 0 -25"><span class='ocrx_word' id='word_1_601' title='bbox 109 4018 237 4083; x_wconf 86' lang='lat' dir='ltr'><strong>Verum</strong></span> <span class='ocrx_word' id='word_1_602' title='bbox 259 4021 331 4103; x_wconf 93' lang='lat' dir='ltr'><strong>quis</strong></span> <span class='ocrx_word' id='word_1_603' title='bbox 352 4022 522 4085; x_wconf 91' lang='lat' dir='ltr'><strong>hominum</strong></span> <span class='ocrx_word' id='word_1_604' title='bbox 544 4023 605 4087; x_wconf 90' lang='lat' dir='ltr'><strong>hoc</strong></span> <span class='ocrx_word' id='word_1_605' title='bbox 625 4024 769 4106; x_wconf 89' lang='lat' dir='ltr'><strong>recipiat,</strong></span> <span class='ocrx_word' id='word_1_606' title='bbox 792 4031 830 4088; x_wconf 93' lang='lat' dir='ltr'><strong>ut</strong></span> <span class='ocrx_word' id='word_1_607' title='bbox 850 4023 966 4088; x_wconf 91' lang='lat' dir='ltr'><strong>titulus</strong></span> <span class='ocrx_word' id='word_1_608' title='bbox 986 4044 1083 4105; x_wconf 90' lang='lat' dir='ltr'><strong>quem</strong></span> <span class='ocrx_word' id='word_1_609' title='bbox 1114 4023 1233 4105; x_wconf 83' lang='lat' dir='ltr'><strong>pitur.</strong></span> <span class='ocrx_word' id='word_1_610' title='bbox 1287 4022 1343 4084; x_wconf 84' lang='lat' dir='ltr'><strong>An</strong></span> <span class='ocrx_word' id='word_1_611' title='bbox 1375 4020 1437 4084; x_wconf 94' lang='lat' dir='ltr'><strong>hoc</strong></span> <span class='ocrx_word' id='word_1_612' title='bbox 1476 4019 1621 4084; x_wconf 88' lang='lat' dir='ltr'><strong>facerent</strong></span> <span class='ocrx_word' id='word_1_613' title='bbox 1654 4019 1681 4083; x_wconf 90' lang='lat' dir='ltr'><strong>si</strong></span> <span class='ocrx_word' id='word_1_614' title='bbox 1720 4038 1817 4099; x_wconf 89' lang='lat' dir='ltr'><strong>quem</strong></span> <span class='ocrx_word' id='word_1_615' title='bbox 1852 4022 2009 4098; x_wconf 89' lang='lat' dir='ltr'><strong>putarent</strong></span> <span class='ocrx_word' id='word_1_616' title='bbox 2039 4036 2111 4081; x_wconf 89' lang='lat' dir='ltr'><strong>esso</strong></span> 
     </span>
     <span class='ocr_line' id='line_1_44' title="bbox 110 4106 1270 4191; baseline 0.003 -25"><span class='ocrx_word' id='word_1_617' title='bbox 110 4106 248 4188; x_wconf 89' lang='lat' dir='ltr'><strong>requirit</strong></span> <span class='ocrx_word' id='word_1_618' title='bbox 269 4106 398 4171; x_wconf 88' lang='lat' dir='ltr'><strong>concilii</strong></span> <span class='ocrx_word' id='word_1_619' title='bbox 420 4106 599 4186; x_wconf 87' lang='lat' dir='ltr'><strong>decretum,</strong></span> <span class='ocrx_word' id='word_1_620' title='bbox 628 4109 670 4173; x_wconf 94' lang='lat' dir='ltr'><strong>sit</strong></span> <span class='ocrx_word' id='word_1_621' title='bbox 691 4131 819 4174; x_wconf 90' lang='lat' dir='ltr'><strong>annuus</strong></span> <span class='ocrx_word' id='word_1_622' title='bbox 839 4115 1015 4191; x_wconf 83' lang='lat' dir='ltr'><strong>proventus</strong></span> <span class='ocrx_word' id='word_1_623' title='bbox 1041 4108 1084 4173; x_wconf 86' lang='lat' dir='ltr'><strong>ad</strong></span> <span class='ocrx_word' id='word_1_624' title='bbox 1135 4106 1270 4172; x_wconf 77' lang='lat' dir='ltr'><strong>Deum?</strong></span> 
     </span>
     <span class='ocr_line' id='line_1_45' title="bbox 111 4187 2110 4277; baseline -0.001 -24"><span class='ocrx_word' id='word_1_625' title='bbox 111 4190 320 4256; x_wconf 85' lang='lat' dir='ltr'><strong>alimoniam?</strong></span> <span class='ocrx_word' id='word_1_626' title='bbox 350 4192 422 4258; x_wconf 92' lang='lat' dir='ltr'><strong>Iam</strong></span> <span class='ocrx_word' id='word_1_627' title='bbox 440 4215 518 4258; x_wconf 89' lang='grc'><strong>1616</strong></span> <span class='ocrx_word' id='word_1_628' title='bbox 535 4195 611 4276; x_wconf 90' lang='lat' dir='ltr'><strong>quia</strong></span> <span class='ocrx_word' id='word_1_629' title='bbox 627 4195 824 4259; x_wconf 86' lang='lat' dir='ltr'><strong>recentiores</strong></span> <span class='ocrx_word' id='word_1_630' title='bbox 842 4217 981 4260; x_wconf 89' lang='lat' dir='ltr'><strong>canones</strong></span> <span class='ocrx_word' id='word_1_631' title='bbox 998 4195 1083 4277; x_wconf 90' lang='lat' dir='ltr'><strong>epis·</strong></span> <span class='ocrx_word' id='word_1_632' title='bbox 1223 4197 1250 4257; x_wconf 89' lang='lat'><strong>6.</strong></span> <span class='ocrx_word' id='word_1_633' title='bbox 1295 4192 1367 4255; x_wconf 91' lang='lat' dir='ltr'><strong>Iam</strong></span> <span class='ocrx_word' id='word_1_634' title='bbox 1388 4189 1673 4253; x_wconf 90' lang='lat' dir='ltr'><strong>inbeneficiorum</strong></span> <span class='ocrx_word' id='word_1_635' title='bbox 1695 4187 1922 4253; x_wconf 90' lang='lat' dir='ltr'><strong>collationibus</strong></span> <span class='ocrx_word' id='word_1_636' title='bbox 1941 4187 2110 4272; x_wconf 87' lang='lat' dir='ltr'><strong>(quaeres</strong></span> 
     </span>
     <span class='ocr_line' id='line_1_46' title="bbox 110 4274 2111 4364; baseline -0.002 -24"><span class='ocrx_word' id='word_1_637' title='bbox 110 4297 208 4358; x_wconf 89' lang='lat' dir='ltr'><strong>copes</strong></span> <span class='ocrx_word' id='word_1_638' title='bbox 230 4277 432 4343; x_wconf 87' lang='lat' dir='ltr'><strong>damnabant</strong></span> <span class='ocrx_word' id='word_1_639' title='bbox 454 4301 567 4344; x_wconf 90' lang='lat' dir='ltr'><strong>eorum</strong></span> <span class='ocrx_word' id='word_1_640' title='bbox 588 4280 750 4360; x_wconf 89' lang='lat' dir='ltr'><strong>alimonia,</strong></span> <span class='ocrx_word' id='word_1_641' title='bbox 773 4301 855 4364; x_wconf 89' lang='lat' dir='ltr'><strong>quos</strong></span> <span class='ocrx_word' id='word_1_642' title='bbox 876 4283 948 4346; x_wconf 92' lang='lat' dir='ltr'><strong>sine</strong></span> <span class='ocrx_word' id='word_1_643' title='bbox 968 4281 1083 4345; x_wconf 90' lang='lat' dir='ltr'><strong>idoneo</strong></span> <span class='ocrx_word' id='word_1_644' title='bbox 1135 4279 1213 4343; x_wconf 91' lang='lat' dir='ltr'><strong>olim</strong></span> <span class='ocrx_word' id='word_1_645' title='bbox 1237 4278 1412 4342; x_wconf 89' lang='lat' dir='ltr'><strong>coniuncta</strong></span> <span class='ocrx_word' id='word_1_646' title='bbox 1433 4284 1505 4339; x_wconf 90' lang='lat' dir='ltr'><strong>erat</strong></span> <span class='ocrx_word' id='word_1_647' title='bbox 1526 4296 1602 4339; x_wconf 90' lang='lat' dir='ltr'><strong>cum</strong></span> <span class='ocrx_word' id='word_1_648' title='bbox 1623 4274 1842 4351; x_wconf 89' lang='lat' dir='ltr'><strong>ordinatione,</strong></span> <span class='ocrx_word' id='word_1_649' title='bbox 1866 4293 1954 4337; x_wconf 91' lang='lat' dir='ltr'><strong>nune</strong></span> <span class='ocrx_word' id='word_1_650' title='bbox 1976 4292 2111 4354; x_wconf 90' lang='lat' dir='ltr'><strong>prorsus</strong></span> 
     </span>
     <span class='ocr_line' id='line_1_47' title="bbox 111 4359 2111 4456; baseline -0.002 -32"><span class='ocrx_word' id='word_1_651' title='bbox 111 4362 207 4426; x_wconf 90' lang='lat' dir='ltr'><strong>titulo</strong></span> <span class='ocrx_word' id='word_1_652' title='bbox 230 4363 444 4444; x_wconf 90' lang='lat' dir='ltr'><strong>ordinassent,</strong></span> <span class='ocrx_word' id='word_1_653' title='bbox 468 4387 531 4447; x_wconf 90' lang='lat' dir='ltr'><strong>quo</strong></span> <span class='ocrx_word' id='word_1_654' title='bbox 558 4366 604 4431; x_wconf 92' lang='lat' dir='ltr'><strong>sic</strong></span> <span class='ocrx_word' id='word_1_655' title='bbox 625 4367 842 4448; x_wconf 90' lang='lat' dir='ltr'><strong>reprimerent</strong></span> <span class='ocrx_word' id='word_1_656' title='bbox 867 4367 1003 4432; x_wconf 90' lang='lat' dir='ltr'><strong>nimiam</strong></span> <span class='ocrx_word' id='word_1_657' title='bbox 1030 4387 1083 4431; x_wconf 90' lang='lat' dir='ltr'><strong>eo-</strong></span> <span class='ocrx_word' id='word_1_658' title='bbox 1136 4373 1187 4430; x_wconf 93' lang='lat' dir='ltr'><strong>est</strong></span> <span class='ocrx_word' id='word_1_659' title='bbox 1207 4363 1371 4447; x_wconf 90' lang='lat' dir='ltr'><strong>separata)</strong></span> <span class='ocrx_word' id='word_1_660' title='bbox 1393 4370 1515 4443; x_wconf 84' lang='lat' dir='ltr'><strong>quante</strong></span> <span class='ocrx_word' id='word_1_661' title='bbox 1537 4360 1656 4425; x_wconf 92' lang='lat' dir='ltr'><strong>melius</strong></span> <span class='ocrx_word' id='word_1_662' title='bbox 1678 4382 1712 4426; x_wconf 93' lang='lat' dir='ltr'><strong>se</strong></span> <span class='ocrx_word' id='word_1_663' title='bbox 1733 4359 1875 4444; x_wconf 84' lang='lat' dir='ltr'><strong>gerunt?</strong></span> <span class='ocrx_word' id='word_1_664' title='bbox 1909 4360 1972 4456; x_wconf 81' lang='lat' dir='ltr'><strong>Est</strong></span> <span class='ocrx_word' id='word_1_665' title='bbox 1999 4370 2111 4456; x_wconf 79' lang='lat' dir='ltr'><strong>autem</strong></span> 
     </span>
     <span class='ocr_line' id='line_1_48' title="bbox 112 4445 2113 4535; baseline -0.002 -24"><span class='ocrx_word' id='word_1_666' title='bbox 112 4470 187 4511; x_wconf 92' lang='lat' dir='ltr'><strong>rum</strong></span> <span class='ocrx_word' id='word_1_667' title='bbox 205 4450 403 4530; x_wconf 89' lang='lat' dir='ltr'><strong>facilitatem,</strong></span> <span class='ocrx_word' id='word_1_668' title='bbox 426 4453 525 4516; x_wconf 90' lang='lat' dir='ltr'><strong>etiam</strong></span> <span class='ocrx_word' id='word_1_669' title='bbox 544 4451 651 4516; x_wconf 90' lang='lat' dir='ltr'><strong>cautio</strong></span> <span class='ocrx_word' id='word_1_670' title='bbox 669 4452 850 4534; x_wconf 85' lang='lat' dir='ltr'><strong>excogitata</strong></span> <span class='ocrx_word' id='word_1_671' title='bbox 867 4461 917 4517; x_wconf 90' lang='lat' dir='ltr'><strong>est</strong></span> <span class='ocrx_word' id='word_1_672' title='bbox 932 4474 997 4535; x_wconf 90' lang='lat' dir='ltr'><strong>qua</strong></span> <span class='ocrx_word' id='word_1_673' title='bbox 1015 4452 1083 4516; x_wconf 88' lang='grc'><strong>6111-</strong></span> <span class='ocrx_word' id='word_1_674' title='bbox 1136 4448 1223 4533; x_wconf 90' lang='lat' dir='ltr'><strong>apud</strong></span> <span class='ocrx_word' id='word_1_675' title='bbox 1244 4470 1299 4514; x_wconf 92' lang='lat' dir='ltr'><strong>eos</strong></span> <span class='ocrx_word' id='word_1_676' title='bbox 1321 4446 1493 4530; x_wconf 86' lang='lat' dir='ltr'><strong>multiplex</strong></span> <span class='ocrx_word' id='word_1_677' title='bbox 1515 4447 1607 4513; x_wconf 86' lang='lat' dir='ltr'><strong>ratio.</strong></span> <span class='ocrx_word' id='word_1_678' title='bbox 1644 4447 1759 4529; x_wconf 91' lang='lat' dir='ltr'><strong>Neque</strong></span> <span class='ocrx_word' id='word_1_679' title='bbox 1782 4448 1870 4512; x_wconf 91' lang='lat' dir='ltr'><strong>enim</strong></span> <span class='ocrx_word' id='word_1_680' title='bbox 1887 4445 1947 4510; x_wconf 89' lang='lat' dir='ltr'><strong>soh</strong></span> <span class='ocrx_word' id='word_1_681' title='bbox 1970 4462 2113 4526; x_wconf 82' lang='lat' dir='ltr'><strong>eptseopr</strong></span> 
     </span>
     <span class='ocr_line' id='line_1_49' title="bbox 113 4532 2112 4622; baseline -0.003 -26"><span class='ocrx_word' id='word_1_682' title='bbox 113 4532 229 4598; x_wconf 88' lang='lat' dir='ltr'><strong>derent</strong></span> <span class='ocrx_word' id='word_1_683' title='bbox 248 4557 395 4618; x_wconf 88' lang='lat' dir='ltr'><strong>poenam.</strong></span> <span class='ocrx_word' id='word_1_684' title='bbox 431 4538 519 4601; x_wconf 86' lang='lat' dir='ltr'><strong>Nam</strong></span> <span class='ocrx_word' id='word_1_685' title='bbox 540 4538 597 4622; x_wconf 89' lang='lat' dir='ltr'><strong>qui</strong></span> <span class='ocrx_word' id='word_1_686' title='bbox 618 4534 795 4615; x_wconf 87' lang='lat' dir='ltr'><strong>ordinatur,</strong></span> <span class='ocrx_word' id='word_1_687' title='bbox 816 4539 983 4602; x_wconf 90' lang='lat' dir='ltr'><strong>nominato</strong></span> <span class='ocrx_word' id='word_1_688' title='bbox 1005 4558 1084 4619; x_wconf 86' lang='lat' dir='ltr'><strong>qua·</strong></span> <span class='ocrx_word' id='word_1_689' title='bbox 1138 4536 1311 4601; x_wconf 88' lang='lat' dir='ltr'><strong>conferunt</strong></span> <span class='ocrx_word' id='word_1_690' title='bbox 1339 4534 1534 4613; x_wconf 88' lang='lat' dir='ltr'><strong>sacerdotia,</strong></span> <span class='ocrx_word' id='word_1_691' title='bbox 1564 4543 1598 4597; x_wconf 92' lang='lat' dir='ltr'><strong>et</strong></span> <span class='ocrx_word' id='word_1_692' title='bbox 1624 4533 1661 4596; x_wconf 91' lang='lat' dir='ltr'><strong>in</strong></span> <span class='ocrx_word' id='word_1_693' title='bbox 1690 4532 1742 4597; x_wconf 91' lang='lat' dir='ltr'><strong>his</strong></span> <span class='ocrx_word' id='word_1_694' title='bbox 1763 4534 1863 4597; x_wconf 90' lang='lat' dir='ltr'><strong>etiam</strong></span> <span class='ocrx_word' id='word_1_695' title='bbox 1892 4550 2033 4612; x_wconf 92' lang='lat' dir='ltr'><strong>quorum</strong></span> <span class='ocrx_word' id='word_1_696' title='bbox 2054 4549 2112 4592; x_wconf 93' lang='grc'><strong>16-</strong></span> 
     </span>
     <span class='ocr_line' id='line_1_50' title="bbox 114 4614 2111 4707; baseline -0.003 -25"><span class='ocrx_word' id='word_1_697' title='bbox 114 4619 265 4703; x_wconf 87' lang='lat' dir='ltr'><strong>lieunque</strong></span> <span class='ocrx_word' id='word_1_698' title='bbox 287 4624 381 4689; x_wconf 92' lang='lat' dir='ltr'><strong>titulo</strong></span> <span class='ocrx_word' id='word_1_699' title='bbox 402 4625 563 4707; x_wconf 89' lang='lat' dir='ltr'><strong>promittit</strong></span> <span class='ocrx_word' id='word_1_700' title='bbox 584 4644 623 4688; x_wconf 90' lang='grc'><strong>66</strong></span> <span class='ocrx_word' id='word_1_701' title='bbox 645 4644 681 4688; x_wconf 91' lang='grc'><strong>66</strong></span> <span class='ocrx_word' id='word_1_702' title='bbox 702 4623 770 4686; x_wconf 84' lang='grc'><strong>1616</strong></span> <span class='ocrx_word' id='word_1_703' title='bbox 792 4628 991 4687; x_wconf 89' lang='lat' dir='ltr'><strong>contentum.</strong></span> <span class='ocrx_word' id='word_1_704' title='bbox 1035 4623 1085 4686; x_wconf 81' lang='lat' dir='ltr'><strong>llo</strong></span> <span class='ocrx_word' id='word_1_705' title='bbox 1137 4629 1257 4688; x_wconf 89' lang='lat' dir='ltr'><strong>cantur</strong></span> <span class='ocrx_word' id='word_1_706' title='bbox 1279 4620 1465 4697; x_wconf 88' lang='lat' dir='ltr'><strong>collatores,</strong></span> <span class='ocrx_word' id='word_1_707' title='bbox 1493 4641 1561 4686; x_wconf 89' lang='lat' dir='ltr'><strong>non</strong></span> <span class='ocrx_word' id='word_1_708' title='bbox 1582 4640 1711 4701; x_wconf 91' lang='lat' dir='ltr'><strong>semper</strong></span> <span class='ocrx_word' id='word_1_709' title='bbox 1730 4618 1863 4701; x_wconf 91' lang='lat' dir='ltr'><strong>plenum</strong></span> <span class='ocrx_word' id='word_1_710' title='bbox 1892 4617 1944 4680; x_wconf 92' lang='lat' dir='ltr'><strong>ius</strong></span> <span class='ocrx_word' id='word_1_711' title='bbox 1974 4614 2111 4692; x_wconf 91' lang='lat' dir='ltr'><strong>habent;</strong></span> 
     </span>
     <span class='ocr_line' id='line_1_51' title="bbox 113 4699 2112 4790; baseline -0.003 -20"><span class='ocrx_word' id='word_1_712' title='bbox 113 4713 208 4786; x_wconf 88' lang='lat' dir='ltr'><strong>pacto</strong></span> <span class='ocrx_word' id='word_1_713' title='bbox 240 4706 281 4771; x_wconf 93' lang='lat' dir='ltr'><strong>ab</strong></span> <span class='ocrx_word' id='word_1_714' title='bbox 318 4709 547 4774; x_wconf 88' lang='lat' dir='ltr'><strong>alimentorum</strong></span> <span class='ocrx_word' id='word_1_715' title='bbox 580 4709 707 4774; x_wconf 88' lang='lat' dir='ltr'><strong>actione</strong></span> <span class='ocrx_word' id='word_1_716' title='bbox 745 4706 926 4790; x_wconf 90' lang='lat' dir='ltr'><strong>depellitur.</strong></span> <span class='ocrx_word' id='word_1_717' title='bbox 982 4710 1086 4774; x_wconf 79' lang='lat' dir='ltr'><strong>Taceo</strong></span> <span class='ocrx_word' id='word_1_718' title='bbox 1139 4707 1274 4772; x_wconf 85' lang='lat' dir='ltr'><strong>sedulii</strong></span> <span class='ocrx_word' id='word_1_719' title='bbox 1302 4705 1599 4789; x_wconf 88' lang='lat' dir='ltr'><strong>praesentationem</strong></span> <span class='ocrx_word' id='word_1_720' title='bbox 1621 4704 1757 4782; x_wconf 88' lang='lat' dir='ltr'><strong>habent,</strong></span> <span class='ocrx_word' id='word_1_721' title='bbox 1784 4704 1846 4786; x_wconf 92' lang='lat' dir='ltr'><strong>ipsi</strong></span> <span class='ocrx_word' id='word_1_722' title='bbox 1875 4711 1985 4767; x_wconf 87' lang='lat' dir='ltr'><strong>autem</strong></span> <span class='ocrx_word' id='word_1_723' title='bbox 2013 4699 2112 4765; x_wconf 86' lang='lat' dir='ltr'><strong>colla-</strong></span> 
     </span>
     <span class='ocr_line' id='line_1_52' title="bbox 114 4785 2114 4878; baseline -0.001 -26"><span class='ocrx_word' id='word_1_724' title='bbox 114 4789 204 4854; x_wconf 90' lang='lat' dir='ltr'><strong>mille</strong></span> <span class='ocrx_word' id='word_1_725' title='bbox 225 4791 356 4859; x_wconf 84' lang='lat' dir='ltr'><strong>fraudes</strong></span> <span class='ocrx_word' id='word_1_726' title='bbox 375 4817 458 4878; x_wconf 88' lang='lat' dir='ltr'><strong>quae</strong></span> <span class='ocrx_word' id='word_1_727' title='bbox 480 4796 535 4860; x_wconf 93' lang='lat' dir='ltr'><strong>hio</strong></span> <span class='ocrx_word' id='word_1_728' title='bbox 556 4798 648 4860; x_wconf 87' lang='lat' dir='ltr'><strong>fiunt</strong></span> <span class='ocrx_word' id='word_1_729' title='bbox 693 4792 742 4859; x_wconf 89' lang='lat' dir='ltr'><strong>Ut</strong></span> <span class='ocrx_word' id='word_1_730' title='bbox 762 4814 863 4875; x_wconf 92' lang='lat' dir='ltr'><strong>quum</strong></span> <span class='ocrx_word' id='word_1_731' title='bbox 890 4792 946 4858; x_wconf 91' lang='lat' dir='ltr'><strong>alii</strong></span> <span class='ocrx_word' id='word_1_732' title='bbox 972 4794 1087 4859; x_wconf 89' lang='lat' dir='ltr'><strong>inanes</strong></span> <span class='ocrx_word' id='word_1_733' title='bbox 1142 4793 1239 4859; x_wconf 91' lang='lat' dir='ltr'><strong>tionis</strong></span> <span class='ocrx_word' id='word_1_734' title='bbox 1269 4792 1407 4856; x_wconf 90' lang='lat' dir='ltr'><strong>titulum</strong></span> <span class='ocrx_word' id='word_1_735' title='bbox 1431 4791 1588 4867; x_wconf 86' lang='lat' dir='ltr'><strong>retinent,</strong></span> <span class='ocrx_word' id='word_1_736' title='bbox 1624 4791 1757 4854; x_wconf 87' lang='lat' dir='ltr'><strong>honoris</strong></span> <span class='ocrx_word' id='word_1_737' title='bbox 1784 4809 1891 4854; x_wconf 90' lang='lat' dir='ltr'><strong>causa</strong></span> <span class='ocrx_word' id='word_1_738' title='bbox 1941 4785 2114 4852; x_wconf 83' lang='lat' dir='ltr'><strong>Accedunt</strong></span> 
     </span>
     <span class='ocr_line' id='line_1_53' title="bbox 114 4871 2112 4968; baseline -0.003 -27"><span class='ocrx_word' id='word_1_739' title='bbox 114 4876 368 4945; x_wconf 88' lang='lat' dir='ltr'><strong>sacerdotiorum</strong></span> <span class='ocrx_word' id='word_1_740' title='bbox 383 4882 495 4947; x_wconf 90' lang='lat' dir='ltr'><strong>titulos</strong></span> <span class='ocrx_word' id='word_1_741' title='bbox 512 4882 726 4957; x_wconf 91' lang='lat' dir='ltr'><strong>mentiuntur,</strong></span> <span class='ocrx_word' id='word_1_742' title='bbox 744 4879 832 4944; x_wconf 92' lang='lat' dir='ltr'><strong>unde</strong></span> <span class='ocrx_word' id='word_1_743' title='bbox 847 4879 1088 4962; x_wconf 89' lang='lat' dir='ltr'><strong>quinqueasses</strong></span> <span class='ocrx_word' id='word_1_744' title='bbox 1141 4880 1242 4943; x_wconf 89' lang='lat' dir='ltr'><strong>etiam</strong></span> <span class='ocrx_word' id='word_1_745' title='bbox 1273 4877 1513 4943; x_wconf 87' lang='lat' dir='ltr'><strong>nominationes</strong></span> <span class='ocrx_word' id='word_1_746' title='bbox 1542 4899 1584 4940; x_wconf 89' lang='lat' dir='ltr'><strong>ex</strong></span> <span class='ocrx_word' id='word_1_747' title='bbox 1616 4875 1750 4954; x_wconf 88' lang='lat' dir='ltr'><strong>scholis,</strong></span> <span class='ocrx_word' id='word_1_748' title='bbox 1784 4875 2034 4958; x_wconf 87' lang='lat' dir='ltr'><strong>resignationes,</strong></span> <span class='ocrx_word' id='word_1_749' title='bbox 2047 4871 2112 4968; x_wconf 85' lang='grc' dir='ltr'><strong>Ι161</strong></span> 
     </span>
     <span class='ocr_line' id='line_1_54' title="bbox 116 4961 2114 5052; baseline -0.003 -25"><span class='ocrx_word' id='word_1_750' title='bbox 116 4965 287 5028; x_wconf 89' lang='lat' dir='ltr'><strong>annuatim</strong></span> <span class='ocrx_word' id='word_1_751' title='bbox 309 4968 465 5035; x_wconf 89' lang='lat' dir='ltr'><strong>conficere</strong></span> <span class='ocrx_word' id='word_1_752' title='bbox 488 4975 664 5052; x_wconf 89' lang='lat' dir='ltr'><strong>nequeant;</strong></span> <span class='ocrx_word' id='word_1_753' title='bbox 688 4966 743 5030; x_wconf 90' lang='lat' dir='ltr'><strong>alii</strong></span> <span class='ocrx_word' id='word_1_754' title='bbox 766 4964 825 5031; x_wconf 91' lang='lat' dir='ltr'><strong>sub</strong></span> <span class='ocrx_word' id='word_1_755' title='bbox 848 4986 968 5030; x_wconf 90' lang='lat' dir='ltr'><strong>arcana</strong></span> <span class='ocrx_word' id='word_1_756' title='bbox 985 4967 1088 5049; x_wconf 91' lang='lat' dir='ltr'><strong>stipu-</strong></span> <span class='ocrx_word' id='word_1_757' title='bbox 1141 4965 1314 5046; x_wconf 88' lang='lat' dir='ltr'><strong>simplices,</strong></span> <span class='ocrx_word' id='word_1_758' title='bbox 1335 4963 1388 5028; x_wconf 87' lang='lat' dir='ltr'><strong>vel</strong></span> <span class='ocrx_word' id='word_1_759' title='bbox 1411 4961 1660 5044; x_wconf 89' lang='lat' dir='ltr'><strong>permutationis</strong></span> <span class='ocrx_word' id='word_1_760' title='bbox 1686 4982 1785 5026; x_wconf 89' lang='lat' dir='ltr'><strong>causa</strong></span> <span class='ocrx_word' id='word_1_761' title='bbox 1806 4962 1925 5039; x_wconf 84' lang='lat' dir='ltr'><strong>factae,</strong></span> <span class='ocrx_word' id='word_1_762' title='bbox 1954 4965 2114 5041; x_wconf 80' lang='lat' dir='ltr'><strong>rescripta</strong></span> 
     </span>
     <span class='ocr_line' id='line_1_55' title="bbox 1142 5044 2112 5131; baseline -0.008 -16"><span class='ocrx_word' id='word_1_763' title='bbox 1142 5049 1421 5125; x_wconf 89' lang='lat' dir='ltr'><strong>commendatitia,</strong></span> <span class='ocrx_word' id='word_1_764' title='bbox 1450 5048 1700 5131; x_wconf 81' lang='lat' dir='ltr'><strong>praeventiones</strong></span> <span class='ocrx_word' id='word_1_765' title='bbox 1729 5053 1763 5111; x_wconf 90' lang='lat' dir='ltr'><strong>et</strong></span> <span class='ocrx_word' id='word_1_766' title='bbox 1788 5045 1945 5131; x_wconf 92' lang='lat' dir='ltr'><strong>quidquid</strong></span> <span class='ocrx_word' id='word_1_767' title='bbox 1967 5044 2032 5108; x_wconf 89' lang='lat' dir='ltr'><strong>tale</strong></span> <span class='ocrx_word' id='word_1_768' title='bbox 2053 5050 2112 5108; x_wconf 88' lang='lat' dir='ltr'><strong>est</strong></span> 
     </span>
     <span class='ocr_line' id='line_1_56' title="bbox 1142 5130 2115 5214; baseline -0.008 -13"><span class='ocrx_word' id='word_1_769' title='bbox 1142 5137 1272 5201; x_wconf 87' lang='lat' dir='ltr'><strong>Verum</strong></span> <span class='ocrx_word' id='word_1_770' title='bbox 1293 5137 1340 5199; x_wconf 88' lang='lat' dir='ltr'><strong>ita</strong></span> <span class='ocrx_word' id='word_1_771' title='bbox 1356 5156 1391 5199; x_wconf 90' lang='lat' dir='ltr'><strong>se</strong></span> <span class='ocrx_word' id='word_1_772' title='bbox 1414 5155 1527 5198; x_wconf 91' lang='lat' dir='ltr'><strong>omnes</strong></span> <span class='ocrx_word' id='word_1_773' title='bbox 1567 5145 1674 5212; x_wconf 88' lang='lat' dir='ltr'><strong>erunt,</strong></span> <span class='ocrx_word' id='word_1_774' title='bbox 1697 5142 1734 5196; x_wconf 91' lang='lat' dir='ltr'><strong>ut</strong></span> <span class='ocrx_word' id='word_1_775' title='bbox 1751 5133 1863 5198; x_wconf 92' lang='lat' dir='ltr'><strong>nullus</strong></span> <span class='ocrx_word' id='word_1_776' title='bbox 1880 5153 1993 5197; x_wconf 89' lang='lat' dir='ltr'><strong>eorum</strong></span> <span class='ocrx_word' id='word_1_777' title='bbox 2010 5130 2115 5214; x_wconf 91' lang='lat' dir='ltr'><strong>possit</strong></span> 
     </span>
     <span class='ocr_line' id='line_1_57' title="bbox 186 5155 2116 5309; baseline -0.006 -17"><span class='ocrx_word' id='word_1_778' title='bbox 186 5240 216 5309; x_wconf 90' lang='lat'><strong>1)</strong></span> <span class='ocrx_word' id='word_1_779' title='bbox 234 5241 301 5296; x_wconf 74' lang='lat' dir='ltr'><strong>Dat</strong></span> <span class='ocrx_word' id='word_1_780' title='bbox 322 5239 403 5295; x_wconf 73' lang='grc'><strong>161.</strong></span> <span class='ocrx_word' id='word_1_781' title='bbox 423 5240 447 5294; x_wconf 86' lang='lat'><strong>1.</strong></span> <span class='ocrx_word' id='word_1_782' title='bbox 1143 5221 1240 5287; x_wconf 85' lang='grc'><strong>611611</strong></span> <span class='ocrx_word' id='word_1_783' title='bbox 1256 5221 1424 5306; x_wconf 89' lang='lat' dir='ltr'><strong>quidpiam</strong></span> <span class='ocrx_word' id='word_1_784' title='bbox 1446 5155 1651 5304; x_wconf 71' lang='lat' dir='ltr'><strong>exprobrare.</strong></span> <span class='ocrx_word' id='word_1_785' title='bbox 1686 5216 1743 5284; x_wconf 85' lang='lat' dir='ltr'><strong>Sic</strong></span> <span class='ocrx_word' id='word_1_786' title='bbox 1764 5219 1940 5285; x_wconf 90' lang='lat' dir='ltr'><strong>contendo:</strong></span> <span class='ocrx_word' id='word_1_787' title='bbox 1962 5216 2022 5282; x_wconf 86' lang='grc'><strong>1111</strong></span> <span class='ocrx_word' id='word_1_788' title='bbox 2038 5237 2116 5282; x_wconf 90' lang='grc'><strong>6611-</strong></span> 
     </span>
    </p>
   </div>
   <div class='ocr_carea' id='block_1_3' title="bbox 146 5321 1910 5396">
    <p class='ocr_par' dir='ltr' id='par_1_3' title="bbox 146 5321 1910 5396">
     <span class='ocr_line' id='line_1_58' title="bbox 146 5321 1910 5396; baseline -0.004 -15"><span class='ocrx_word' id='word_1_789' title='bbox 146 5330 149 5335; x_wconf 85' lang='grc'><strong>“</strong></span> <span class='ocrx_word' id='word_1_790' title='bbox 223 5326 333 5382; x_wconf 73' lang='grc'><strong>0616161</strong></span> <span class='ocrx_word' id='word_1_791' title='bbox 345 5343 436 5396; x_wconf 79' lang='lat' dir='ltr'><strong>opera</strong></span> <span class='ocrx_word' id='word_1_792' title='bbox 478 5325 534 5380; x_wconf 82' lang='lat' dir='ltr'><strong>Vol.</strong></span> <span class='ocrx_word' id='word_1_793' title='bbox 554 5324 595 5377; x_wconf 87' lang='lat'><strong>11.</strong></span> <span class='ocrx_word' id='word_1_794' title='bbox 1875 5321 1910 5376; x_wconf 77' lang='lat'><strong>51</strong></span> 
     </span>
    </p>
   </div>
   <div class='ocr_carea' id='block_1_4' title="bbox 188 5140 321 5148">
    <p class='ocr_par' dir='ltr' id='par_1_4' title="bbox 188 5140 321 5148">
     <span class='ocr_line' id='line_1_59' title="bbox 188 5140 321 5148; baseline 0.03 -4"><span class='ocrx_word' id='word_1_795' title='bbox 188 5140 321 5148; x_wconf 76' lang='lat'>-.—-—-</span> 
     </span>
    </p>
   </div>
   <div class='ocr_carea' id='block_1_5' title="bbox 0 0 2342 5842">
    <p class='ocr_par' dir='ltr' id='par_1_5' title="bbox 0 0 2342 5842">
     <span class='ocr_line' id='line_1_60' title="bbox 0 0 2342 5842; baseline 0 0"><span class='ocrx_word' id='word_1_796' title='bbox 0 0 2342 5842; x_wconf 95' lang='lat' dir='ltr'><strong> </strong></span> 
     </span>
    </p>
   </div>
  </div>
 </body>
</html>
