4672 5842
300 311 390 377 LIB.
413 312 476 376 111.
521 311 585 376 DE
608 311 745 378 MODO
767 312 1117 378 PEROIPIENDAE
1139 311 1328 424 Olaurum
1351 314 1570 411 carrlia.
1616 314 1715 380 OAP.
1738 315 1799 379 vl.
1821 316 1901 382 VII.

95 316 156 377 505
2044 322 2104 382 506

94 510 160 578 est,
195 510 234 564 ιιι
255 522 296 565 ex
319 502 359 564 iis
382 521 464 582 quae
492 501 552 564 tibi
581 502 651 565 eius
678 502 778 566 verbo
809 502 1078 582 praescribuntur
1101 517 1104 607 p
1131 501 1319 584 dirigendae
1341 503 1409 566 sint
1429 504 1517 567 vitae
1535 510 1665 567 nostrae
1684 504 1828 568 actiones
1847 505 2027 585 universae,
2051 529 2108 589 ap-

93 596 224 671 partem
256 587 430 668 suscipias,
465 596 592 668 partem
625 587 760 651 arbitrio
791 596 848 650 tuo
880 596 1075 669 praetereas.
1129 598 1230 670 paret
1271 589 1383 652 Nostri
1406 611 1471 653 non
1494 609 1619 653 sumus:
1642 610 1719 672 ergo
1741 611 1782 653 ne
1807 589 1858 655 vel
1881 592 1964 655 ratio
1986 601 2107 670 nostru,

94 674 207 738 Primo
230 673 320 737 enim
342 672 411 736 loco
431 672 664 756 integritatem,
687 683 845 754 tanquam
866 674 1078 755 praecipuam
1129 674 1183 738 vel
1205 673 1357 738 voluntas
1379 675 1414 738 in
1437 674 1580 739 consiliis
1601 675 1723 739 nostris
1741 675 2106 757 factisqnedominetur.

95 760 201 825 cultus
224 760 275 824 sui
299 768 440 840 partem,
465 759 583 840 ubique
605 759 825 837 commendat;
855 780 918 839 quo
945 759 1077 823 nomine
1130 761 1241 824 Nostri
1269 781 1336 823 non
1364 782 1491 824 sumus:
1528 782 1605 844 ergo
1634 783 1675 825 ne
1697 769 1881 826 statuamus
1903 763 1997 827 nobis
2019 764 2108 830 hunc

94 847 257 911 sinceram
287 845 388 908 animi
418 845 658 927 simplicitatem
687 844 855 928 intelligit,
890 866 974 926 quae
1003 845 1076 910 fuco
1129 847 1247 921 finem,
1271 854 1308 908 ut
1330 866 1526 927 quaeramus
1549 844 1634 928 quod
1657 846 1751 912 nobis
1774 848 1955 912 secundum
1975 870 2108 914 carnem

95 941 129 996 et
150 932 282 996 fictione
304 938 428 1007 careat,
459 932 511 995 oui
540 952 594 995 cor
623 929 744 1011 duplex
766 931 957 1012 opponitur;
988 951 1025 994 ac
1046 932 1077 995 si
1129 929 1289 1013 expediat.
1334 932 1447 995 Nostri
1469 953 1535 995 non
1558 954 1685 997 smnus:
1715 954 1793 1015 ergo
1820 933 1927 1015 quoad
1955 935 2030 999 licet
2052 937 2109 1001 ob·

94 1019 249 1083 diceretur
269 1017 436 1098 spirituale
459 1037 524 1080 esse
545 1022 623 1082 recte
644 1016 769 1080 vioeudu?
785 1017 999 1098 prirrct'pr'uru,
1022 1016 1076 1080 ubt'
1129 1017 1321 1081 liviscamur
1349 1019 1565 1100 nosmetipsos
1593 1039 1630 1082 ac
1652 1029 1765 1083 nostra
1786 1020 1905 1083 omnia.
1950 1020 2106 1099 Rursum,

96 1105 229 1168 interior
256 1104 358 1167 auiuu'
387 1104 514 1182 aldedus
542 1105 610 1167 sure
629 1103 751 1182 ridicae
773 1102 815 1167 od
836 1103 1077 1166 suuddutcmct
1129 1104 1195 1168 Dei
1221 1124 1350 1167 sumus:
1385 1103 1433 1166 illi
1463 1124 1540 1186 ergo
1570 1104 1719 1168 vivamus
1748 1126 1785 1168 ac
1811 1106 1998 1170 moriamur.
2044 1108 2107 1171 Dei
2165 1179 2169 1187 ,

96 1190 253 1254 iustitiam
273 1189 431 1254 reundum
454 1188 522 1253 Deo
544 1189 709 1253 addicitur.
754 1186 821 1253 Sed
844 1190 996 1269 quoniam
1019 1209 1076 1252 ne·
1130 1210 1257 1253 sumus:
1294 1189 1420 1254 cunctis
1452 1210 1529 1272 ergo
1563 1190 1699 1254 nostris
1715 1191 1897 1255 actionibus
1925 1193 2109 1273 praesideat

96 1275 178 1339 mini
207 1284 337 1340 tantum
365 1276 508 1357 suppetit
535 1276 570 1337 in
598 1284 728 1338 terreno
756 1274 817 1339 hoc
840 1275 982 1356 corporis
1004 1295 1076 1338 car·
1131 1275 1291 1357 sapientia
1318 1276 1387 1338 eius
1416 1282 1448 1338 et
1476 1274 1638 1340 voluntas.
1690 1273 1754 1339 Dei
1782 1298 1910 1341 sumus:
1945 1277 1987 1341 ad
2015 1279 2109 1342 illum

96 1383 171 1427 cere
193 1361 328 1439 roboris,
354 1369 391 1424 ut
410 1362 496 1424 iusta
518 1360 821 1425 cursusalacritate
843 1361 982 1436 festinet,
1006 1381 1077 1424 ma·
1129 1362 1240 1444 igitur,
1264 1374 1421 1442 tanquam
1444 1359 1550 1424 solum
1571 1360 1754 1443 legitimum
1776 1362 1885 1438 finem,
1910 1365 2109 1428 contendant

96 1450 201 1512 iorem
233 1470 312 1512 vero
345 1468 520 1511 numerum
554 1457 646 1510 tanta
684 1447 804 1527 premit
836 1444 1001 1523 debilitas,
1041 1453 1079 1510 ut
1130 1468 1242 1511 omnes
1270 1447 1358 1512 vitae
1387 1454 1516 1511 nostrae
1544 1457 1662 1528 partes.
1709 1444 1920 1528 Oquantum
1948 1449 2003 1512 ille
2032 1471 2108 1532 pro-

96 1533 280 1599 vaoillando
303 1542 337 1598 et
354 1532 575 1609 claudicando,
594 1533 687 1596 humi
704 1533 803 1596 etiam
822 1530 990 1613 reptando,
1008 1553 1077 1596 mo-
1129 1534 1219 1610 fecit,
1247 1533 1305 1614 qui
1332 1554 1366 1596 se
1393 1554 1459 1595 non
1488 1553 1585 1597 suum
1612 1554 1682 1596 esse
1695 1530 1720 1617 ¹)
1746 1533 1893 1609 edoctus,
1927 1534 2109 1600 dominium

97 1620 167 1686 dice
199 1630 429 1703 promoveant,
463 1641 575 1683 camus
608 1619 746 1700 quisque
777 1639 836 1700 pro
870 1618 1078 1683 facultatulae
1130 1619 1340 1701 regimenque
1368 1619 1419 1682 sui
1446 1619 1595 1699 propriae
1623 1619 1742 1683 rationi
1765 1619 1951 1702 abrogavit,
1980 1630 2016 1684 ut
2037 1623 2109 1687 Deo

96 1726 176 1772 suae
197 1705 308 1785 modo,
338 1714 371 1771 et
392 1706 580 1788 incoeptum
600 1705 664 1769 iter
685 1724 929 1787 prosequamur.
973 1703 1078 1768 Nemo
1130 1704 1270 1768 asserat!
1314 1704 1402 1768 Nam
1430 1712 1466 1767 ut
1493 1704 1575 1768 haec
1601 1704 1641 1767 ad
1664 1703 1846 1785 perdendos
1869 1705 2016 1770 homines
2038 1708 2108 1771 effi-

95 1803 165 1857 tam
186 1792 361 1858 infeliciter
382 1792 520 1868 incedet,
543 1791 623 1874 quin
641 1790 848 1873 aliquantum
865 1791 982 1854 saltem
1005 1791 1078 1855 viae
1129 1791 1300 1866 cacissima
1321 1797 1372 1854 est
1393 1791 1508 1872 postis,
1531 1789 1586 1853 ubi
1610 1789 1771 1872 sibiipsis
1793 1791 2033 1874 obtemperant,
2062 1794 2110 1858 ita

96 1879 241 1961 quotidie
259 1878 441 1943 emetiatur.
476 1878 550 1941 Hoc
573 1897 609 1941 er
632 1899 651 1940 o
674 1898 772 1959 agere
792 1896 860 1949 non
878 1874 1076 1955 desinamus,
1129 1878 1246 1941 unicus
1268 1883 1319 1940 cst
1338 1876 1451 1941 salutis
1469 1884 1591 1957 portus,
1611 1875 1696 1940 nihil
1718 1899 1778 1941 nec
1796 1899 1918 1959 sapere,
1941 1900 2002 1942 nec
2023 1878 2108 1945 velle

96 1972 134 2028 ut
163 1962 285 2047 aliquid
315 1964 445 2029 assidue
470 1965 505 2027 in
526 1963 581 2028 via
638 1964 738 2026 omini
761 1963 985 2044 proficiamus;
1019 1984 1077 2026 ne·
1130 1963 1390 2044 perseipsum,
1421 1961 1479 2027 sed
1499 1960 1681 2026 Dominum
1707 1970 1921 2045 praeeuntem
1948 1962 2109 2030 duntaxat

96 2071 161 2134 que
195 2072 361 2116 successus
400 2051 594 2114 tenuitatem
629 2046 846 2130 desperemus.
901 2048 1077 2129 Utcunque

96 2139 186 2201 enim
217 2154 384 2203 successus
416 2145 491 2200 voto
524 2158 590 2199 non
622 2133 830 2216 respondeat,
864 2155 931 2198 non
965 2142 1077 2198 tamen

96 2223 226 2305 perdita
257 2229 306 2287 est
337 2243 450 2305 opera,
491 2222 547 2286 ubi
580 2219 758 2285 hodiernus
792 2219 860 2284 dies
887 2221 1078 2285 hesternum

96 2310 213 2374 vincit:
238 2311 365 2375 sincera
387 2308 484 2372 modo
497 2307 706 2389 simplicitate
726 2307 763 2369 in
776 2327 910 2388 scopum
927 2315 1077 2371 nostrum

98 2396 324 2477 respiciamus,
353 2405 386 2458 et
407 2394 449 2459 ad
471 2403 592 2459 metam
615 2395 814 2475 aspiremus,
843 2414 909 2456 non
932 2400 1076 2457 assenta-

97 2482 182 2544 torie
203 2480 408 2545 blandientes
430 2480 523 2545 nobis
544 2481 639 2562 ipsis,
667 2500 727 2543 nec
755 2478 851 2542 malis
879 2478 1000 2543 nostris
1026 2477 1077 2542 in-

98 2566 278 2650 dulgentes,
301 2566 358 2632 scd
380 2574 536 2649 perpetuo
558 2572 676 2630 conatu
698 2566 733 2628 in
755 2564 817 2627 hoc
839 2564 1076 2641 incumbentes,

97 2661 138 2716 ut
155 2654 305 2718 meliores
333 2652 530 2734 nobisipsis
552 2651 744 2727 evadamus,
772 2649 874 2714 donec
902 2649 944 2714 ad
972 2651 1077 2731 ipsam

97 2749 292 2822 perventum
313 2739 615 2816 fueritbonitatem;
637 2758 736 2819 quam
757 2734 891 2818 quidem
909 2746 976 2800 toto
990 2736 1077 2800 vitae

98 2826 201 2907 spatio
223 2826 411 2907 quaerimus
434 2845 471 2889 ac
494 2826 675 2906 sequimur,
699 2832 771 2886 tum
793 2819 1077 2905 apprehendemus

98 2932 199 2994 quum
231 2932 290 2976 nos
323 2912 432 2976 carnis
460 2911 651 2974 infirmitate
673 2909 763 2973 exuti
792 2907 827 2972 in
849 2909 985 2990 plenum
1007 2908 1076 2971 eius

98 2998 295 3062 consortium
318 2997 440 3079 recepti
462 2998 629 3061 frienmus.

459 3303 611 3370 cAPUr
636 3304 714 3368 VII.

130 3465 307 3548 Summa
336 3465 447 3546 vitae
480 3463 751 3571 christianae3
782 3463 857 3545 ubi
887 3461 940 3544 de
972 3463 1045 3544 ab·

180 3578 183 3583 ’
386 3584 612 3694 negatione
643 3584 788 3667 nostri.

190 3775 215 3833 l.
261 3767 336 3832 Etsi
358 3769 513 3850 optimam
541 3778 574 3833 et
595 3768 762 3851 aptissime
785 3766 977 3850 dispositam
999 3787 1075 3830 oon-

100 3854 284 3922 stituendae
313 3854 401 3919 vitae
427 3854 617 3919 methodum
645 3855 745 3919 habet
768 3854 823 3918 lex
845 3853 996 3929 Domini,
1026 3853 1075 3918 vi·

101 3964 174 4009 sum
196 3950 308 4006 tamen
330 3955 381 4005 est
401 3939 532 4005 coelesti
551 3941 715 4022 magistro,
738 3939 939 4005 accuratiore
961 3940 1076 4002 etiam·

101 4049 181 4093 num
202 4029 329 4092 ratione
353 4026 394 4091 ad
414 4027 528 4108 ipsam,
553 4048 650 4109 quam
667 4027 702 4090 in
719 4025 791 4108 lege
812 4026 1074 4108 praescripserat,

100 4115 249 4197 regulam
274 4135 351 4178 suos
374 4114 523 4176 formare.
569 4113 679 4193 Atque
701 4112 799 4176 huius
822 4110 954 4195 quidem
977 4113 1075 4176 ratio-

100 4202 153 4265 nis
176 4195 371 4282 prineipium
393 4199 455 4262 hoc
478 4207 540 4262 est:
568 4197 654 4280 quod
678 4197 824 4262 fidebam
847 4198 992 4262 officium
1014 4204 1073 4276 est,

100 4287 255 4369 praebere
276 4287 348 4350 Deo
372 4306 432 4349 sua
453 4305 588 4366 corpora
610 4283 751 4348 hostiam
772 4285 952 4362 viventem,
981 4305 1075 4349 sane-

1130 2049 1230 2130 sequi.
1277 2044 1330 2112 Sit
1359 2048 1412 2113 bio
1438 2049 1549 2128 itaque
1577 2049 1702 2130 primus
1730 2049 1866 2131 gradus,
1896 2049 2063 2115 hominem
2089 2073 2109 2116 a

1130 2156 1165 2199 so
1191 2135 1262 2215 ipso
1292 2133 1472 2212 discedere,
1507 2155 1570 2215 quo
1599 2142 1701 2199 totam
1729 2134 1854 2217 ingenii
1875 2137 1943 2201 vim
1970 2138 2109 2218 applicet

1130 2220 1171 2285 ad
1193 2219 1330 2284 Domini
1352 2220 1550 2301 obsequium.
1597 2218 1799 2301 Obsequium
1818 2220 1898 2299 dieo,
1921 2244 1988 2286 non
2012 2220 2108 2288 modo

1129 2305 1216 2389 quod
1244 2306 1279 2369 in
1300 2305 1392 2371 verbi
1414 2304 1597 2370 obediontia
1624 2305 1722 2384 iacet,
1751 2305 1808 2371 scd
1835 2327 1899 2390 quo
1927 2329 2020 2372 mens
2049 2309 2108 2372 ho·

1128 2392 1244 2468 minis,
1272 2393 1404 2474 proprio
1433 2393 1539 2456 carnis
1569 2412 1667 2457 sensu
1697 2414 1815 2469 vacua,
1849 2415 1883 2458 se
1910 2392 1951 2457 ad
1973 2395 2108 2476 spiritus

1129 2479 1193 2542 Dei
1213 2486 1331 2541 nutum
1354 2484 1423 2542 tota
1445 2479 1613 2543 convertit.
1658 2478 1755 2542 Hanc
1777 2481 2106 2560 transformationem,

1128 2584 1227 2647 quam
1254 2564 1501 2628 renovationem
1532 2565 1663 2634 mentis,
1679 2564 1805 2628 Paulus
1838 2565 1981 2647 appellat
2004 2564 2105 2649 (Eph.

1129 2657 1159 2728 4,
1180 2648 1251 2732 23),
1275 2671 1375 2732 quum
1397 2651 1525 2732 primus
1547 2652 1589 2714 sit
1611 2648 1653 2712 ad
1669 2651 1772 2714 vitam
1793 2652 1977 2734 ingressus,
2000 2651 2107 2733 pbilo-

1129 2735 1224 2817 sophi
1245 2756 1358 2800 omnes
1380 2737 1583 2819 ignorarunt.
1621 2733 1735 2800 Solam
1757 2738 1842 2800 enim
1866 2738 2024 2801 rationem
2048 2737 2106 2802 ho-

1127 2822 1211 2884 mini
1233 2820 1483 2887 moderatricem
1504 2822 1714 2904 praeficiunt,
1744 2823 1830 2888 hanc
1858 2822 1962 2888 solam
1988 2830 2107 2905 putant

1129 2905 1341 2984 audiendam,
1366 2908 1443 2973 huic
1464 2906 1603 2989 denique
1625 2909 1682 2972 uni
1703 2929 1835 2972 morum
1854 2910 2028 2991 imperium
2050 2907 2107 2974 de·

1127 2994 1239 3056 ferunt
1261 3014 1298 3057 ac
1311 2995 1519 3075 permittunt;
1542 3003 1577 3057 at
1598 2994 1777 3058 christiana
1793 2995 1999 3077 philosophia
2014 2995 2107 3060 illam
2148 2999 2149 3002 ’

1128 3079 1197 3144 loco
1220 3076 1349 3156 cedere,
1378 3080 1507 3164 spiritui
1534 3091 1647 3145 sancto
1672 3081 1786 3144 subiici
1808 3102 1845 3145 ac
1867 3079 2035 3164 subiugari
2056 3082 2106 3145 iu-

1128 3164 1198 3242 bet;
1221 3173 1259 3227 ut
1281 3164 1378 3229 homo
1400 3167 1466 3228 iam
1487 3186 1554 3228 non
1576 3166 1646 3248 ipse
1667 3166 1772 3241 vivat,
1795 3166 1854 3230 sed
1876 3165 2050 3231 Christum
2070 3167 2106 3231 in

1129 3271 1164 3315 se
1186 3250 1270 3314 ferat
1292 3252 1458 3316 viventem
1481 3271 1519 3315 ao
1539 3260 1733 3335 regnantem
1756 3251 1846 3335 (Gal.
1867 3257 1896 3330 2,
1916 3254 1980 3334 20).

1216 3340 1243 3400 2.
1288 3336 1371 3402 Inde
1402 3338 1613 3421 consequitur
1645 3345 1679 3402 et
1706 3337 1788 3402 illud
1814 3339 1967 3417 alterum,
2001 3346 2038 3402 ut
2064 3360 2107 3404 ne

1128 3443 1324 3504 quaeramus
1352 3445 1434 3505 quae
1461 3430 1576 3487 nostra
1602 3432 1694 3501 sunt,
1724 3424 1781 3489 sed
1809 3446 1891 3506 quae
1919 3436 1952 3489 et
1973 3446 2015 3488 ex
2036 3423 2106 3489 Do-

1128 3508 1210 3572 mini
1232 3509 1300 3572 sint
1320 3510 1495 3587 voluntate,
1519 3516 1552 3574 et
1572 3509 1695 3575 faciant
1715 3507 1757 3572 ad
1779 3510 1918 3594 gloriam
1940 3513 2011 3576 eius
2032 3531 2106 3592 pro-

1127 3592 1332 3658 movendam.
1361 3595 1478 3678 Magni
1500 3604 1533 3661 et
1552 3596 1612 3661 hoc
1630 3597 1801 3678 profectus,
1826 3603 1863 3660 ut
1881 3598 1985 3662 nostri
2002 3618 2106 3679 paene

1127 3679 1234 3755 obliti,
1263 3688 1350 3746 certe
1377 3681 1504 3745 ratione
1527 3683 1629 3747 nostri
1653 3681 1851 3764 posthabita,
1877 3684 1949 3747 Deo
1972 3684 2105 3763 eiusque

1127 3764 1291 3830 mandatis
1312 3766 1453 3831 fideliter
1479 3767 1625 3832 studium
1647 3778 1796 3832 nostrum
1818 3768 2000 3849 impendere
2021 3787 2105 3830 coac

1126 3873 1206 3916 mur.
1251 3850 1364 3932 Quum
1397 3853 1485 3917 enim
1517 3875 1576 3918 uos
1609 3854 1771 3935 privatam
1805 3855 1908 3917 nostri
1941 3853 2103 3917 rationem

1128 3938 1277 4002 omittere
1299 3938 1389 4002 iubet
1410 3939 1586 4021 scriptura,
1610 3959 1676 4002 non
1697 3939 1793 4002 modo
1817 3937 1956 4002 habendi
1978 3937 2104 4020 cupidi-

1128 4031 1239 4103 tatem,
1260 4024 1424 4107 potentiae
1437 4025 1684 4100 affectationem,
1704 4023 1875 4087 hominum
1893 4023 2042 4107 gratiam,
2061 4046 2103 4089 ex

1128 4111 1246 4174 animis
1278 4111 1398 4175 nostris
1431 4110 1551 4188 eradit,
1585 4109 1643 4173 sed
1672 4109 1884 4175 ambitionem
1911 4132 2038 4193 quoque
2072 4119 2105 4175 ot

1127 4218 1257 4261 omnem
1280 4196 1403 4280 gloriae
1426 4197 1590 4260 humanae
1612 4192 1807 4277 appetitum,
1831 4196 1976 4279 aliasque
1998 4217 2104 4261 secre-

1127 4283 1224 4347 tiores
1246 4291 1355 4366 pestes
1377 4281 1528 4348 eradicat.
1563 4283 1617 4347 Ita
1637 4302 1717 4346 sane
1734 4284 1950 4364 compositum
1968 4291 2001 4347 et
2017 4303 2104 4346 com-

99 4385 184 4450 tam,
213 4381 247 4436 et
267 4373 316 4436 illi
335 4381 515 4453 acceptam,
546 4379 645 4453 atque
668 4370 703 4432 in
725 4391 762 4433 eo
784 4370 884 4434 situm
902 4391 972 4434 osse
994 4370 1074 4453 legi-
1127 4374 1279 4450 paratum
1311 4390 1382 4433 csse
1413 4369 1565 4434 convenit
1600 4369 1768 4432 hominem
1802 4369 2033 4442 christianum,
2067 4374 2105 4430 ut

97 4460 216 4531 timum
239 4460 309 4524 eius
331 4458 455 4523 cultum
479 4457 589 4540 (Rom.
614 4460 660 4525 12.
684 4454 724 4540 l).
758 4455 855 4520 Unde
877 4455 1074 4519 exhortandi
1126 4453 1189 4519 sibi
1213 4455 1250 4517 in
1278 4463 1348 4519 tota
1374 4455 1443 4519 vita
1467 4456 1635 4538 negotium
1668 4476 1742 4519 cum
1764 4455 1836 4520 Deo
1866 4476 1935 4519 esse
1964 4459 2102 4536 reputet

97 4557 329 4627 argumentum
353 4543 497 4621 ducitur,
527 4565 569 4607 ne
595 4563 630 4606 se
653 4541 898 4607 accommodent
925 4540 968 4604 ad
989 4541 1073 4623 figu-
1125 4539 1199 4605 Hac
1220 4541 1363 4617 ratione,
1390 4547 1428 4605 ut
1455 4541 1564 4605 omnia
1586 4562 1645 4605 sua
1667 4539 1709 4604 ad
1731 4539 1904 4605 arbitrium
1925 4537 2102 4604 calculum-

96 4652 166 4694 ram
189 4630 310 4695 sacculi
333 4631 445 4707 huius,
477 4628 534 4694 sod
561 4627 836 4692 transformentur
862 4627 1073 4692 renovatione
1125 4647 1189 4709 que
1220 4627 1289 4691 eius
1318 4628 1496 4705 revocabit,
1531 4626 1578 4692 ita
1607 4635 1712 4691 totam
1738 4628 1857 4690 mentis
1886 4626 2102 4688 intentionem

95 4717 215 4780 mentis
237 4737 324 4793 suae,
346 4724 385 4780 ut
406 4717 545 4797 probent
562 4736 645 4796 quae
663 4708 706 4779 sit
721 4713 874 4777 voluntas
886 4710 960 4776 Dei.
1000 4712 1074 4776 Iam
1124 4712 1275 4797 religiose
1305 4712 1346 4776 ad
1369 4734 1443 4777 oum
1466 4714 1594 4777 referet.
1638 4713 1725 4777 Nam
1747 4711 1804 4794 qui
1825 4713 1934 4776 Deum
1956 4712 1992 4774 in
2014 4710 2102 4774 omni

95 4801 157 4865 hoc
182 4824 340 4886 magnum
368 4809 432 4880 est,
461 4823 521 4866 nos
548 4821 619 4866 esse
638 4803 710 4865 Deo
733 4804 936 4864 consecratos
958 4819 995 4863 ac
1017 4796 1073 4862 de·
1124 4820 1160 4862 re
1182 4798 1311 4882 agenda
1337 4800 1457 4864 intueri
1487 4798 1615 4877 didicit,
1645 4797 1743 4863 simul
1765 4797 1806 4860 ab
1827 4797 1918 4860 omni
1939 4817 2026 4862 vana
2048 4816 2101 4860 oo-

96 4886 229 4966 dicatos,
251 4911 293 4952 ne
315 4887 393 4971 quid
414 4888 551 4970 posthae
573 4888 768 4970 cogitemus,
792 4886 980 4967 loquamur,
1003 4905 1072 4949 me·
1123 4886 1281 4967 gitatione
1303 4886 1471 4951 avertitur.
1516 4885 1609 4949 Haec
1636 4883 1694 4947 illa
1720 4890 1770 4947 est
1792 4884 1895 4949 nostri
1918 4882 2099 4967 abnegatio,

96 4972 251 5053 ditemur,
285 4994 436 5058 agamus,
470 4974 536 5038 nisi
567 4975 604 5037 in
635 4974 706 5038 eius
739 4972 886 5056 gloriam.
933 4968 1073 5036 Sacrum
1125 4993 1223 5052 quam
1245 4970 1411 5054 discipulis
1433 4971 1501 5034 suis
1522 4971 1664 5052 aprime
1687 4969 1835 5035 tirocinio
1858 4969 1992 5034 mandat
2009 4976 2102 5034 tanta

95 5059 184 5123 enim
211 5081 279 5124 non
306 5060 376 5124 sine
404 5059 525 5142 insigni
552 5060 588 5124 in
615 5080 691 5124 eum
713 5059 835 5123 iniuria
857 5057 898 5122 ad
921 5058 1072 5139 profanos

95 5167 175 5210 usus
207 5146 394 5229 applicatur.
447 5143 545 5225 Quod
573 5147 601 5210 si
627 5146 731 5211 nostri
757 5167 823 5210 non
850 5165 980 5221 sumus,
1015 5141 1072 5207 sed
1126 5146 1328 5152 ''—‘''

94 5232 243 5309 Domini,
278 5239 312 5297 et
343 5232 416 5315 quis
442 5251 537 5299 error
563 5232 607 5297 sit
630 5231 822 5316 fugiendus,
856 5240 890 5295 et
916 5249 1072 5314 quorsum
1196 5246 1222 5310 1)
1244 5246 1318 5298 aaa.
1336 5246 1483 5298 mutuare
1507 5251 1604 5299 omrrr:
1629 5244 2099 5315 eu0(1cor.1orr.1eer.1act).

1196 5332 1200 5345 1
