4672 5842
210 311 231 375 s
709 272 720 291 ’
863 305 1071 375 IOANNRS
1094 303 1330 373 ernustus
1353 303 1566 373 unororu.
2208 317 2228 375 4

210 522 305 567 mum
334 520 490 583 quaerere
518 500 553 563 in
580 498 757 581 scripturo,
786 505 820 561 ot
851 518 947 579 quem
973 496 1008 559 in
1032 515 1164 576 scopum
1187 492 1345 577 quidquid
1366 495 1401 559 in
1424 516 1463 559 eo
1484 495 1674 561 eontinetur
1701 497 1823 561 referre
1844 497 1968 562 debent.
2014 500 2141 583 Itaque,
2166 502 2227 566 hoo

211 613 319 679 veluti
339 619 444 677 strata
468 612 529 687 iia,
555 609 584 675 si
600 628 681 692 quus
702 608 839 690 posthae
863 608 1043 689 scripturae
1065 606 1290 671 enarrationes
1312 605 1452 683 edidero,
1475 608 1552 688 quio
1573 628 1640 670 non
1662 628 1793 673 neeesse
1817 609 1940 676 habebo
1963 611 2003 675 do
2025 612 2230 696 dogmatibus

216 724 335 811 longus
355 722 593 805 disputationes
615 722 805 800 instituere,
829 728 862 785 et·
884 722 920 782 in
940 719 1027 783 loeos
1047 736 1237 783 communes
1259 720 1406 801 evagari,
1431 738 1486 782 eas
1509 718 1699 801 oornpendio
1722 741 1850 803 semper
1871 724 2059 807 astringam.
2106 725 2156 788 Ea
2178 746 2229 788 re-

216 836 305 901 tione
326 854 450 918 mogus
472 833 621 898 molestia
638 841 672 897 et
692 832 821 897 fastidio
846 832 921 913 pius
943 830 1045 895 leotor
1066 828 1305 895 sublevabitur:
1335 829 1432 893 modo
1452 831 1636 912 praesentis
1660 832 1767 914 operis
1789 835 1981 917 eognitione,
2004 838 2097 918 quasi
2119 857 2229 901 neees-

216 947 304 1013 sorio
325 946 557 1023 instrumento,
578 945 805 1027 praemunitus
829 941 969 1007 nooedet.
1007 938 1075 1006 Sed
1097 941 1175 1021 quia
1197 940 1295 1005 huius
1314 941 1458 1005 instituti
1480 942 1562 1005 ratio
1584 943 1619 1006 in
1645 951 1693 1006 tot
1714 944 1796 1009 meis
1819 948 2060 1011 commentariis
2081 950 2172 1030 quusi
2195 949 2229 1012 in

216 1058 359 1143 speculis
381 1057 468 1122 olere
493 1070 636 1139 apparot,
660 1078 695 1119 ro
718 1057 788 1139 ipsa
811 1055 897 1119 molo
922 1052 1087 1117 declarare
1110 1052 1206 1133 ‹luaie
1228 1053 1279 1129 sit,
1302 1074 1400 1134 quum
1422 1052 1530 1118 vorbis
1553 1053 1749 1135 praedicare.
1784 1056 1868 1119 vale
1892 1058 1994 1121 amieo
2016 1058 2125 1137 lector,
2148 1070 2181 1123 et
2202 1061 2228 1124 si

217 1190 317 1253 quern
339 1191 381 1233 ex
402 1170 484 1232 mois
506 1168 670 1233 laboribus
692 1168 837 1231 fructum
858 1167 1007 1249 percipis,
1030 1184 1083 1226 mo
1105 1164 1255 1245 preoibus
1277 1165 1342 1229 tuis
1363 1164 1450 1246 apud
1468 1165 1578 1229 Deum
1599 1176 1726 1248 putrem
1744 1176 1893 1232 nostrum
1912 1168 2040 1234 adiuva.
2075 1170 2230 1235 Genetes

218 1279 355 1347 Cnlend,
382 1282 521 1363 August.
547 1280 644 1343 Anno
665 1278 831 1343 MDLIX.

821 1486 904 1567 Quos
925 1485 1053 1547 animus
1073 1482 1177 1563 fuerat
1197 1483 1282 1546 tenui
1304 1502 1450 1547 exerceare
1472 1482 1579 1562 libello,

814 1594 967 1661 Dissendi
988 1595 1092 1660 studio
1113 1613 1263 1677 ineptum
1282 1592 1381 1675 fecere
1401 1593 1551 1658 volurnen.

1051 1799 1219 1868 Augustinus
1237 1799 1361 1869 Epistola
1379 1796 1403 1850 7.

526 1896 585 1965 Ego
602 1913 635 1949 ox
654 1913 747 1949 eorum
766 1912 878 1948 numero
897 1912 939 1947 nro
959 1912 1017 1947 osse
1035 1895 1166 1963 profiteor
1185 1894 1231 1961 qui
1249 1894 1370 1946 scribunt
1389 1892 1562 1960 profluendo,
1582 1906 1610 1948 et
1629 1897 1770 1950 scribendo
1788 1898 1939 1967 proficiunt.
