<?xml version="1.0" encoding="UTF-8"?>
<!DOCTYPE html PUBLIC "-//W3C//DTD XHTML 1.0 Transitional//EN"
    "http://www.w3.org/TR/xhtml1/DTD/xhtml1-transitional.dtd">
<html xmlns="http://www.w3.org/1999/xhtml" xml:lang="en" lang="en">
 <head>
  <title>
</title>
<meta http-equiv="Content-Type" content="text/html;charset=utf-8" />
  <meta name='ocr-system' content='tesseract 3.04.00' />
  <meta name='ocr-capabilities' content='ocr_page ocr_carea ocr_par ocr_line ocrx_word'/>
</head>
<body>
  <div class='ocr_page' id='page_1' title='image "./ioanniscalvinii00cunigoog_0121.png"; bbox 0 0 4672 5842; ppageno 0'>
   <div class='ocr_carea' id='block_1_1' title="bbox 235 280 2240 385">
    <p class='ocr_par' dir='ltr' id='par_1_1' title="bbox 235 280 2240 385">
     <span class='ocr_line' id='line_1_1' title="bbox 235 280 2240 385; baseline -0.004 -1"><span class='ocrx_word' id='word_1_1' title='bbox 235 324 297 385; x_wconf 83' lang='lat'>219</span> <span class='ocrx_word' id='word_1_2' title='bbox 880 313 1595 382; x_wconf 75' lang='grc'>1166111611611161.61111161.1116.</span> <span class='ocrx_word' id='word_1_3' title='bbox 1749 280 1761 293; x_wconf 73' lang='grc'><strong>’</strong></span> <span class='ocrx_word' id='word_1_4' title='bbox 2177 311 2240 376; x_wconf 83' lang='grc'>116</span> 
     </span>
    </p>
   </div>
   <div class='ocr_carea' id='block_1_2' title="bbox 222 501 2252 5332">
    <p class='ocr_par' dir='ltr' id='par_1_2' title="bbox 222 501 2252 5047">
     <span class='ocr_line' id='line_1_2' title="bbox 235 501 2240 593; baseline -0.003 -20"><span class='ocrx_word' id='word_1_5' title='bbox 235 510 312 593; x_wconf 88' lang='lat' dir='ltr'>quia</span> <span class='ocrx_word' id='word_1_6' title='bbox 344 510 413 572; x_wconf 89' lang='lat' dir='ltr'>sine</span> <span class='ocrx_word' id='word_1_7' title='bbox 443 527 497 569; x_wconf 91' lang='lat' dir='ltr'>me</span> <span class='ocrx_word' id='word_1_8' title='bbox 530 505 614 568; x_wconf 87' lang='lat' dir='ltr'>nihil</span> <span class='ocrx_word' id='word_1_9' title='bbox 642 508 779 589; x_wconf 87' lang='lat' dir='ltr'>potestis</span> <span class='ocrx_word' id='word_1_10' title='bbox 808 505 921 568; x_wconf 88' lang='lat' dir='ltr'>facere.</span> <span class='ocrx_word' id='word_1_11' title='bbox 969 503 1006 569; x_wconf 76' lang='lat' dir='ltr'>si</span> <span class='ocrx_word' id='word_1_12' title='bbox 1028 525 1094 567; x_wconf 93' lang='lat' dir='ltr'>non</span> <span class='ocrx_word' id='word_1_13' title='bbox 1116 504 1238 581; x_wconf 60' lang='lat' dir='ltr'>aliter}</span> <span class='ocrx_word' id='word_1_14' title='bbox 1354 508 1399 566; x_wconf 88' lang='lat'>10.</span> <span class='ocrx_word' id='word_1_15' title='bbox 1445 505 1494 569; x_wconf 85' lang='lat' dir='ltr'>Aa</span> <span class='ocrx_word' id='word_1_16' title='bbox 1516 504 1719 567; x_wconf 81' lang='lat' dir='ltr'>voluntatem</span> <span class='ocrx_word' id='word_1_17' title='bbox 1736 508 1853 578; x_wconf 89' lang='lat' dir='ltr'>movet,</span> <span class='ocrx_word' id='word_1_18' title='bbox 1877 522 1944 564; x_wconf 92' lang='lat' dir='ltr'>non</span> <span class='ocrx_word' id='word_1_19' title='bbox 1966 501 2106 582; x_wconf 87' lang='lat' dir='ltr'>qualiter</span> <span class='ocrx_word' id='word_1_20' title='bbox 2127 501 2240 567; x_wconf 83' lang='lat' dir='ltr'>multia</span> 
     </span>
     <span class='ocr_line' id='line_1_3' title="bbox 234 587 2241 678; baseline -0.003 -20"><span class='ocrx_word' id='word_1_21' title='bbox 234 617 294 678; x_wconf 91' lang='lat' dir='ltr'>per</span> <span class='ocrx_word' id='word_1_22' title='bbox 316 615 374 657; x_wconf 90' lang='lat' dir='ltr'>nos</span> <span class='ocrx_word' id='word_1_23' title='bbox 395 591 645 667; x_wconf 84' lang='lat' dir='ltr'>fructificamus,</span> <span class='ocrx_word' id='word_1_24' title='bbox 674 613 772 673; x_wconf 86' lang='lat' dir='ltr'>quam</span> <span class='ocrx_word' id='word_1_25' title='bbox 801 592 949 655; x_wconf 89' lang='lat' dir='ltr'>revulsus</span> <span class='ocrx_word' id='word_1_26' title='bbox 977 613 997 653; x_wconf 90' lang='lat' dir='ltr'>a</span> <span class='ocrx_word' id='word_1_27' title='bbox 1025 600 1113 654; x_wconf 88' lang='lat' dir='ltr'>terra</span> <span class='ocrx_word' id='word_1_28' title='bbox 1140 590 1210 671; x_wconf 88' lang='lat' dir='ltr'>pal·</span> <span class='ocrx_word' id='word_1_29' title='bbox 1235 588 1238 617; x_wconf 84' lang='lat'>&#39;</span> <span class='ocrx_word' id='word_1_30' title='bbox 1264 589 1401 654; x_wconf 88' lang='lat' dir='ltr'>saeculis</span> <span class='ocrx_word' id='word_1_31' title='bbox 1423 590 1581 653; x_wconf 87' lang='lat' dir='ltr'>traditum</span> <span class='ocrx_word' id='word_1_32' title='bbox 1602 597 1653 653; x_wconf 91' lang='lat' dir='ltr'>est</span> <span class='ocrx_word' id='word_1_33' title='bbox 1674 597 1707 651; x_wconf 89' lang='lat' dir='ltr'>et</span> <span class='ocrx_word' id='word_1_34' title='bbox 1728 587 1896 665; x_wconf 90' lang='lat' dir='ltr'>creditum,</span> <span class='ocrx_word' id='word_1_35' title='bbox 1919 595 1958 650; x_wconf 92' lang='lat' dir='ltr'>ut</span> <span class='ocrx_word' id='word_1_36' title='bbox 1974 595 2104 651; x_wconf 88' lang='lat' dir='ltr'>nostrae</span> <span class='ocrx_word' id='word_1_37' title='bbox 2128 594 2241 669; x_wconf 84' lang='lat' dir='ltr'>postea</span> 
     </span>
     <span class='ocr_line' id='line_1_4' title="bbox 234 672 2240 759; baseline -0.003 -15"><span class='ocrx_word' id='word_1_38' title='bbox 234 703 303 744; x_wconf 89' lang='lat' dir='ltr'>mes</span> <span class='ocrx_word' id='word_1_39' title='bbox 336 688 368 742; x_wconf 93' lang='lat' dir='ltr'>et</span> <span class='ocrx_word' id='word_1_40' title='bbox 400 677 536 741; x_wconf 92' lang='lat' dir='ltr'>humore</span> <span class='ocrx_word' id='word_1_41' title='bbox 568 678 715 759; x_wconf 79' lang='lat' dir='ltr'>privatus</span> <span class='ocrx_word' id='word_1_42' title='bbox 749 679 925 759; x_wconf 80' lang='lat' dir='ltr'>germinat,</span> <span class='ocrx_word' id='word_1_43' title='bbox 961 697 1025 739; x_wconf 90' lang='lat' dir='ltr'>non</span> <span class='ocrx_word' id='word_1_44' title='bbox 1059 684 1110 740; x_wconf 89' lang='lat' dir='ltr'>est</span> <span class='ocrx_word' id='word_1_45' title='bbox 1142 698 1211 739; x_wconf 91' lang='lat' dir='ltr'>am·</span> <span class='ocrx_word' id='word_1_46' title='bbox 1264 677 1307 738; x_wconf 87' lang='lat' dir='ltr'>sit</span> <span class='ocrx_word' id='word_1_47' title='bbox 1324 676 1496 752; x_wconf 78' lang='lat' dir='ltr'>electionis,</span> <span class='ocrx_word' id='word_1_48' title='bbox 1520 676 1653 739; x_wconf 90' lang='lat' dir='ltr'>motioni</span> <span class='ocrx_word' id='word_1_49' title='bbox 1672 680 1729 737; x_wconf 87' lang='lat' dir='ltr'>aut</span> <span class='ocrx_word' id='word_1_50' title='bbox 1746 673 1970 754; x_wconf 89' lang='lat' dir='ltr'>obtemperare</span> <span class='ocrx_word' id='word_1_51' title='bbox 1989 680 2047 736; x_wconf 92' lang='lat' dir='ltr'>aut</span> <span class='ocrx_word' id='word_1_52' title='bbox 2065 672 2240 757; x_wconf 75' lang='lat' dir='ltr'>refragari3</span> 
     </span>
     <span class='ocr_line' id='line_1_5' title="bbox 233 758 2242 850; baseline -0.001 -21"><span class='ocrx_word' id='word_1_53' title='bbox 233 765 319 850; x_wconf 91' lang='lat' dir='ltr'>plius</span> <span class='ocrx_word' id='word_1_54' title='bbox 339 763 579 846; x_wconf 88' lang='lat' dir='ltr'>quaerendum,</span> <span class='ocrx_word' id='word_1_55' title='bbox 608 764 754 845; x_wconf 89' lang='lat' dir='ltr'>quaesit</span> <span class='ocrx_word' id='word_1_56' title='bbox 781 771 917 826; x_wconf 88' lang='lat' dir='ltr'>naturae</span> <span class='ocrx_word' id='word_1_57' title='bbox 939 771 1069 826; x_wconf 86' lang='lat' dir='ltr'>nostrae</span> <span class='ocrx_word' id='word_1_58' title='bbox 1092 761 1133 825; x_wconf 90' lang='lat' dir='ltr'>ad</span> <span class='ocrx_word' id='word_1_59' title='bbox 1154 763 1211 826; x_wconf 93' lang='lat' dir='ltr'>bo·</span> <span class='ocrx_word' id='word_1_60' title='bbox 1236 804 1239 847; x_wconf 84' lang='lat'><strong>;</strong></span> <span class='ocrx_word' id='word_1_61' title='bbox 1264 760 1320 825; x_wconf 87' lang='lat' dir='ltr'>sed</span> <span class='ocrx_word' id='word_1_62' title='bbox 1347 761 1438 824; x_wconf 89' lang='lat' dir='ltr'>illam</span> <span class='ocrx_word' id='word_1_63' title='bbox 1465 762 1639 826; x_wconf 86' lang='lat' dir='ltr'>efficaciter</span> <span class='ocrx_word' id='word_1_64' title='bbox 1666 759 1846 825; x_wconf 87' lang='lat' dir='ltr'>afficiendo.</span> <span class='ocrx_word' id='word_1_65' title='bbox 1892 758 1979 822; x_wconf 89' lang='lat' dir='ltr'>lllud</span> <span class='ocrx_word' id='word_1_66' title='bbox 2001 780 2079 841; x_wconf 91' lang='lat' dir='ltr'>ergo</span> <span class='ocrx_word' id='word_1_67' title='bbox 2101 760 2198 825; x_wconf 85' lang='lat' dir='ltr'>toties</span> <span class='ocrx_word' id='word_1_68' title='bbox 2218 778 2242 826; x_wconf 73' lang='lat' dir='ltr'>a</span> 
     </span>
     <span class='ocr_line' id='line_1_6' title="bbox 233 843 2243 932; baseline -0.002 -16"><span class='ocrx_word' id='word_1_69' title='bbox 233 873 313 916; x_wconf 90' lang='lat' dir='ltr'>num</span> <span class='ocrx_word' id='word_1_70' title='bbox 335 848 490 932; x_wconf 90' lang='lat' dir='ltr'>aptitudo.</span> <span class='ocrx_word' id='word_1_71' title='bbox 526 849 595 913; x_wconf 92' lang='lat' dir='ltr'>Nec</span> <span class='ocrx_word' id='word_1_72' title='bbox 617 849 771 930; x_wconf 89' lang='lat' dir='ltr'>ambigua</span> <span class='ocrx_word' id='word_1_73' title='bbox 792 855 841 912; x_wconf 90' lang='lat' dir='ltr'>cst</span> <span class='ocrx_word' id='word_1_74' title='bbox 857 849 921 912; x_wconf 88' lang='lat' dir='ltr'>ista</span> <span class='ocrx_word' id='word_1_75' title='bbox 939 848 1116 912; x_wconf 78' lang='lat' dir='ltr'>conclusio:</span> <span class='ocrx_word' id='word_1_76' title='bbox 1140 848 1211 910; x_wconf 92' lang='lat' dir='ltr'>sine</span> <span class='ocrx_word' id='word_1_77' title='bbox 1236 853 1239 905; x_wconf 85' lang='lat' dir='ltr'>t</span> <span class='ocrx_word' id='word_1_78' title='bbox 1264 845 1499 929; x_wconf 79' lang='lat' dir='ltr'>Chrysostomo</span> <span class='ocrx_word' id='word_1_79' title='bbox 1519 849 1693 929; x_wconf 90' lang='lat' dir='ltr'>repetitum</span> <span class='ocrx_word' id='word_1_80' title='bbox 1714 843 1879 927; x_wconf 86' lang='lat' dir='ltr'>repudiari</span> <span class='ocrx_word' id='word_1_81' title='bbox 1900 865 2033 909; x_wconf 87' lang='lat' dir='ltr'>necesse</span> <span class='ocrx_word' id='word_1_82' title='bbox 2055 853 2118 909; x_wconf 88' lang='lat' dir='ltr'>est:</span> <span class='ocrx_word' id='word_1_83' title='bbox 2143 864 2243 927; x_wconf 82' lang='lat' dir='ltr'>quem</span> 
     </span>
     <span class='ocr_line' id='line_1_7' title="bbox 233 929 2242 1017; baseline -0.003 -16"><span class='ocrx_word' id='word_1_84' title='bbox 233 958 286 1001; x_wconf 92' lang='lat' dir='ltr'>me</span> <span class='ocrx_word' id='word_1_85' title='bbox 314 936 397 999; x_wconf 89' lang='lat' dir='ltr'>nihil</span> <span class='ocrx_word' id='word_1_86' title='bbox 425 936 560 1017; x_wconf 86' lang='lat' dir='ltr'>potestis</span> <span class='ocrx_word' id='word_1_87' title='bbox 587 936 700 998; x_wconf 87' lang='lat' dir='ltr'>facere.</span> <span class='ocrx_word' id='word_1_88' title='bbox 746 935 820 997; x_wconf 90' lang='lat' dir='ltr'>Non</span> <span class='ocrx_word' id='word_1_89' title='bbox 849 933 926 998; x_wconf 92' lang='lat' dir='ltr'>dicit</span> <span class='ocrx_word' id='word_1_90' title='bbox 947 956 1005 998; x_wconf 91' lang='lat' dir='ltr'>nos</span> <span class='ocrx_word' id='word_1_91' title='bbox 1028 955 1097 996; x_wconf 83' lang='lat' dir='ltr'>esse</span> <span class='ocrx_word' id='word_1_92' title='bbox 1119 935 1210 996; x_wconf 87' lang='lat' dir='ltr'>iufir—</span> <span class='ocrx_word' id='word_1_93' title='bbox 1263 932 1382 1009; x_wconf 88' lang='lat' dir='ltr'>trahit,</span> <span class='ocrx_word' id='word_1_94' title='bbox 1419 932 1580 996; x_wconf 80' lang='lat' dir='ltr'>volentem</span> <span class='ocrx_word' id='word_1_95' title='bbox 1612 932 1724 996; x_wconf 85' lang='lat' dir='ltr'>trahit.</span> <span class='ocrx_word' id='word_1_96' title='bbox 1777 929 1851 1011; x_wconf 83' lang='lat' dir='ltr'>Quo</span> <span class='ocrx_word' id='word_1_97' title='bbox 1883 931 2029 995; x_wconf 88' lang='lat' dir='ltr'>insinuat</span> <span class='ocrx_word' id='word_1_98' title='bbox 2060 931 2242 995; x_wconf 91' lang='lat' dir='ltr'>Dominum</span> 
     </span>
     <span class='ocr_line' id='line_1_8' title="bbox 234 1017 2241 1103; baseline -0.002 -17"><span class='ocrx_word' id='word_1_99' title='bbox 234 1024 352 1087; x_wconf 88' lang='lat' dir='ltr'>micres</span> <span class='ocrx_word' id='word_1_100' title='bbox 375 1042 472 1103; x_wconf 92' lang='lat' dir='ltr'>quam</span> <span class='ocrx_word' id='word_1_101' title='bbox 493 1022 547 1101; x_wconf 92' lang='lat' dir='ltr'>qui</span> <span class='ocrx_word' id='word_1_102' title='bbox 565 1021 658 1084; x_wconf 86' lang='lat' dir='ltr'>nobis</span> <span class='ocrx_word' id='word_1_103' title='bbox 676 1020 875 1084; x_wconf 89' lang='lat' dir='ltr'>sufficiamus</span> <span class='ocrx_word' id='word_1_104' title='bbox 882 1043 889 1097; x_wconf 93' lang='lat'>;</span> <span class='ocrx_word' id='word_1_105' title='bbox 913 1018 969 1083; x_wconf 90' lang='lat' dir='ltr'>sed</span> <span class='ocrx_word' id='word_1_106' title='bbox 988 1042 1047 1083; x_wconf 91' lang='lat' dir='ltr'>nos</span> <span class='ocrx_word' id='word_1_107' title='bbox 1065 1019 1105 1082; x_wconf 89' lang='lat' dir='ltr'>ad</span> <span class='ocrx_word' id='word_1_108' title='bbox 1125 1019 1211 1082; x_wconf 90' lang='lat' dir='ltr'>nihi·</span> <span class='ocrx_word' id='word_1_109' title='bbox 1263 1025 1412 1101; x_wconf 88' lang='lat' dir='ltr'>porrecta</span> <span class='ocrx_word' id='word_1_110' title='bbox 1433 1026 1561 1082; x_wconf 89' lang='lat' dir='ltr'>tantum</span> <span class='ocrx_word' id='word_1_111' title='bbox 1593 1039 1694 1081; x_wconf 90' lang='lat' dir='ltr'>manu</span> <span class='ocrx_word' id='word_1_112' title='bbox 1727 1024 1929 1099; x_wconf 82' lang='lat' dir='ltr'>exspectare,</span> <span class='ocrx_word' id='word_1_113' title='bbox 1965 1039 2006 1080; x_wconf 90' lang='lat' dir='ltr'>au</span> <span class='ocrx_word' id='word_1_114' title='bbox 2037 1038 2095 1080; x_wconf 91' lang='lat' dir='ltr'>suo</span> <span class='ocrx_word' id='word_1_115' title='bbox 2118 1017 2241 1082; x_wconf 83' lang='lat' dir='ltr'>auxilio</span> 
     </span>
     <span class='ocr_line' id='line_1_9' title="bbox 234 1101 2241 1190; baseline -0.002 -18"><span class='ocrx_word' id='word_1_116' title='bbox 234 1109 305 1172; x_wconf 91' lang='lat' dir='ltr'>lum</span> <span class='ocrx_word' id='word_1_117' title='bbox 326 1106 503 1190; x_wconf 89' lang='lat' dir='ltr'>redigendo</span> <span class='ocrx_word' id='word_1_118' title='bbox 526 1127 656 1169; x_wconf 91' lang='lat' dir='ltr'>amnem</span> <span class='ocrx_word' id='word_1_119' title='bbox 678 1106 729 1169; x_wconf 84' lang='lat' dir='ltr'>vel</span> <span class='ocrx_word' id='word_1_120' title='bbox 753 1107 890 1188; x_wconf 77' lang='lat' dir='ltr'>exiguae</span> <span class='ocrx_word' id='word_1_121' title='bbox 912 1105 1122 1169; x_wconf 77' lang='lat' dir='ltr'>facultatulae</span> <span class='ocrx_word' id='word_1_122' title='bbox 1143 1106 1211 1185; x_wconf 92' lang='lat' dir='ltr'>opi·</span> <span class='ocrx_word' id='word_1_123' title='bbox 1264 1105 1370 1168; x_wconf 80' lang='lat' dir='ltr'>iuvari</span> <span class='ocrx_word' id='word_1_124' title='bbox 1400 1105 1490 1169; x_wconf 87' lang='lat' dir='ltr'>nobis</span> <span class='ocrx_word' id='word_1_125' title='bbox 1519 1103 1713 1168; x_wconf 80' lang='lat' dir='ltr'>adlubescet.</span> <span class='ocrx_word' id='word_1_126' title='bbox 1759 1102 1872 1166; x_wconf 79' lang='lat' dir='ltr'>Talem</span> <span class='ocrx_word' id='word_1_127' title='bbox 1892 1103 1991 1166; x_wconf 86' lang='lat' dir='ltr'>fuisse</span> <span class='ocrx_word' id='word_1_128' title='bbox 2020 1101 2161 1166; x_wconf 88' lang='lat' dir='ltr'>hominis</span> <span class='ocrx_word' id='word_1_129' title='bbox 2183 1102 2241 1167; x_wconf 89' lang='lat' dir='ltr'>ad-</span> 
     </span>
     <span class='ocr_line' id='line_1_10' title="bbox 234 1188 2242 1270; baseline -0.002 -12"><span class='ocrx_word' id='word_1_130' title='bbox 234 1195 368 1259; x_wconf 90' lang='lat' dir='ltr'>nionem</span> <span class='ocrx_word' id='word_1_131' title='bbox 391 1192 543 1257; x_wconf 87' lang='lat' dir='ltr'>excludit.</span> <span class='ocrx_word' id='word_1_132' title='bbox 589 1189 626 1255; x_wconf 81' lang='lat' dir='ltr'>Si</span> <span class='ocrx_word' id='word_1_133' title='bbox 648 1193 683 1254; x_wconf 91' lang='lat' dir='ltr'>in</span> <span class='ocrx_word' id='word_1_134' title='bbox 705 1191 838 1256; x_wconf 79' lang='lat' dir='ltr'>Christo</span> <span class='ocrx_word' id='word_1_135' title='bbox 866 1193 954 1255; x_wconf 90' lang='lat' dir='ltr'>insiti</span> <span class='ocrx_word' id='word_1_136' title='bbox 977 1191 1211 1255; x_wconf 88' lang='lat' dir='ltr'>fructificamus</span> <span class='ocrx_word' id='word_1_137' title='bbox 1264 1190 1328 1253; x_wconf 92' lang='lat' dir='ltr'>huc</span> <span class='ocrx_word' id='word_1_138' title='bbox 1351 1190 1467 1254; x_wconf 79' lang='lat' dir='ltr'>stantis</span> <span class='ocrx_word' id='word_1_139' title='bbox 1489 1189 1707 1254; x_wconf 92' lang='lat' dir='ltr'>conditionem</span> <span class='ocrx_word' id='word_1_140' title='bbox 1729 1188 1950 1266; x_wconf 79' lang='lat' dir='ltr'>concedimus,</span> <span class='ocrx_word' id='word_1_141' title='bbox 1975 1195 2012 1252; x_wconf 90' lang='lat' dir='ltr'>ut</span> <span class='ocrx_word' id='word_1_142' title='bbox 2035 1190 2177 1270; x_wconf 88' lang='lat' dir='ltr'>potuerit</span> <span class='ocrx_word' id='word_1_143' title='bbox 2199 1188 2242 1253; x_wconf 87' lang='lat' dir='ltr'>ad</span> 
     </span>
     <span class='ocr_line' id='line_1_11' title="bbox 235 1272 2242 1360; baseline -0.003 -16"><span class='ocrx_word' id='word_1_144' title='bbox 235 1281 341 1344; x_wconf 85' lang='lat' dir='ltr'>instar</span> <span class='ocrx_word' id='word_1_145' title='bbox 361 1279 447 1355; x_wconf 80' lang='lat' dir='ltr'>vitia,</span> <span class='ocrx_word' id='word_1_146' title='bbox 471 1297 552 1360; x_wconf 85' lang='lat' dir='ltr'>quae</span> <span class='ocrx_word' id='word_1_147' title='bbox 575 1285 646 1339; x_wconf 91' lang='lat' dir='ltr'>tum</span> <span class='ocrx_word' id='word_1_148' title='bbox 667 1299 687 1340; x_wconf 91' lang='lat' dir='ltr'>a</span> <span class='ocrx_word' id='word_1_149' title='bbox 709 1285 814 1340; x_wconf 89' lang='lat' dir='ltr'>terrac</span> <span class='ocrx_word' id='word_1_150' title='bbox 839 1277 984 1355; x_wconf 91' lang='lat' dir='ltr'>humore,</span> <span class='ocrx_word' id='word_1_151' title='bbox 1004 1285 1074 1339; x_wconf 87' lang='lat' dir='ltr'>tum</span> <span class='ocrx_word' id='word_1_152' title='bbox 1098 1298 1117 1340; x_wconf 92' lang='lat' dir='ltr'>a</span> <span class='ocrx_word' id='word_1_153' title='bbox 1139 1297 1211 1339; x_wconf 91' lang='lat' dir='ltr'>rore</span> <span class='ocrx_word' id='word_1_154' title='bbox 1264 1276 1455 1340; x_wconf 85' lang='lat' dir='ltr'>alterutram</span> <span class='ocrx_word' id='word_1_155' title='bbox 1478 1284 1604 1357; x_wconf 87' lang='lat' dir='ltr'>partem</span> <span class='ocrx_word' id='word_1_156' title='bbox 1622 1275 1795 1354; x_wconf 86' lang='lat' dir='ltr'>inclinaro;</span> <span class='ocrx_word' id='word_1_157' title='bbox 1819 1272 1876 1337; x_wconf 89' lang='lat' dir='ltr'>sed</span> <span class='ocrx_word' id='word_1_158' title='bbox 1896 1296 1997 1355; x_wconf 90' lang='lat' dir='ltr'>quum</span> <span class='ocrx_word' id='word_1_159' title='bbox 2014 1295 2073 1338; x_wconf 90' lang='lat' dir='ltr'>suo</span> <span class='ocrx_word' id='word_1_160' title='bbox 2091 1274 2242 1357; x_wconf 86' lang='lat' dir='ltr'>exemplo</span> 
     </span>
     <span class='ocr_line' id='line_1_12' title="bbox 236 1358 2243 1446; baseline -0.003 -15"><span class='ocrx_word' id='word_1_161' title='bbox 236 1365 375 1443; x_wconf 89' lang='lat' dir='ltr'>coelesti,</span> <span class='ocrx_word' id='word_1_162' title='bbox 397 1373 469 1426; x_wconf 91' lang='lat' dir='ltr'>tum</span> <span class='ocrx_word' id='word_1_163' title='bbox 487 1384 507 1426; x_wconf 89' lang='lat' dir='ltr'>a</span> <span class='ocrx_word' id='word_1_164' title='bbox 524 1362 600 1426; x_wconf 91' lang='lat' dir='ltr'>solis</span> <span class='ocrx_word' id='word_1_165' title='bbox 619 1363 761 1426; x_wconf 89' lang='lat' dir='ltr'>fomento</span> <span class='ocrx_word' id='word_1_166' title='bbox 780 1364 994 1446; x_wconf 80' lang='lat' dir='ltr'>vegetationis</span> <span class='ocrx_word' id='word_1_167' title='bbox 1012 1362 1101 1426; x_wconf 91' lang='lat' dir='ltr'>ducit</span> <span class='ocrx_word' id='word_1_168' title='bbox 1117 1383 1211 1425; x_wconf 88' lang='lat' dir='ltr'>euer-</span> <span class='ocrx_word' id='word_1_169' title='bbox 1264 1360 1423 1438; x_wconf 88' lang='lat' dir='ltr'>doeuerit,</span> <span class='ocrx_word' id='word_1_170' title='bbox 1447 1382 1546 1443; x_wconf 91' lang='lat' dir='ltr'>quam</span> <span class='ocrx_word' id='word_1_171' title='bbox 1568 1362 1724 1425; x_wconf 89' lang='lat' dir='ltr'>miserum</span> <span class='ocrx_word' id='word_1_172' title='bbox 1746 1362 1790 1425; x_wconf 88' lang='lat' dir='ltr'>sit</span> <span class='ocrx_word' id='word_1_173' title='bbox 1810 1358 1950 1423; x_wconf 88' lang='lat' dir='ltr'>liberum</span> <span class='ocrx_word' id='word_1_174' title='bbox 1972 1359 2157 1438; x_wconf 87' lang='lat' dir='ltr'>arbitrium,</span> <span class='ocrx_word' id='word_1_175' title='bbox 2179 1361 2243 1425; x_wconf 88' lang='lat' dir='ltr'>uisi</span> 
     </span>
     <span class='ocr_line' id='line_1_13' title="bbox 236 1445 2241 1535; baseline -0.002 -21"><span class='ocrx_word' id='word_1_176' title='bbox 236 1452 339 1535; x_wconf 71' lang='lat' dir='ltr'>giam</span> <span class='ocrx_word' id='word_1_177' title='bbox 373 1449 456 1521; x_wconf 87' lang='lat' dir='ltr'>nihil</span> <span class='ocrx_word' id='word_1_178' title='bbox 485 1449 521 1512; x_wconf 92' lang='lat' dir='ltr'>in</span> <span class='ocrx_word' id='word_1_179' title='bbox 549 1448 634 1511; x_wconf 91' lang='lat' dir='ltr'>bono</span> <span class='ocrx_word' id='word_1_180' title='bbox 661 1470 757 1530; x_wconf 90' lang='lat' dir='ltr'>opere</span> <span class='ocrx_word' id='word_1_181' title='bbox 780 1457 903 1512; x_wconf 88' lang='lat' dir='ltr'>restare</span> <span class='ocrx_word' id='word_1_182' title='bbox 925 1449 1018 1513; x_wconf 91' lang='lat' dir='ltr'>nobis</span> <span class='ocrx_word' id='word_1_183' title='bbox 1038 1446 1147 1523; x_wconf 83' lang='lat' dir='ltr'>video,</span> <span class='ocrx_word' id='word_1_184' title='bbox 1183 1448 1209 1511; x_wconf 84' lang='lat' dir='ltr'>si</span> <span class='ocrx_word' id='word_1_185' title='bbox 1264 1447 1355 1511; x_wconf 91' lang='lat' dir='ltr'>Deus</span> <span class='ocrx_word' id='word_1_186' title='bbox 1382 1448 1417 1509; x_wconf 91' lang='lat' dir='ltr'>in</span> <span class='ocrx_word' id='word_1_187' title='bbox 1439 1448 1532 1510; x_wconf 91' lang='lat' dir='ltr'>nobis</span> <span class='ocrx_word' id='word_1_188' title='bbox 1552 1454 1584 1510; x_wconf 88' lang='lat' dir='ltr'>ct</span> <span class='ocrx_word' id='word_1_189' title='bbox 1606 1447 1685 1511; x_wconf 78' lang='lat' dir='ltr'>velit</span> <span class='ocrx_word' id='word_1_190' title='bbox 1707 1453 1740 1509; x_wconf 91' lang='lat' dir='ltr'>et</span> <span class='ocrx_word' id='word_1_191' title='bbox 1760 1446 1876 1528; x_wconf 86' lang='lat' dir='ltr'>possit,</span> <span class='ocrx_word' id='word_1_192' title='bbox 1906 1445 1983 1527; x_wconf 94' lang='lat' dir='ltr'>quid</span> <span class='ocrx_word' id='word_1_193' title='bbox 2011 1447 2068 1510; x_wconf 89' lang='lat' dir='ltr'>fiet</span> <span class='ocrx_word' id='word_1_194' title='bbox 2089 1447 2183 1511; x_wconf 88' lang='lat' dir='ltr'>nobis</span> <span class='ocrx_word' id='word_1_195' title='bbox 2213 1449 2241 1510; x_wconf 88' lang='lat' dir='ltr'>si</span> 
     </span>
     <span class='ocr_line' id='line_1_14' title="bbox 235 1531 2239 1615; baseline -0.004 -13"><span class='ocrx_word' id='word_1_196' title='bbox 235 1537 307 1602; x_wconf 90' lang='lat' dir='ltr'>Deo</span> <span class='ocrx_word' id='word_1_197' title='bbox 334 1535 494 1598; x_wconf 89' lang='lat' dir='ltr'>illibatum</span> <span class='ocrx_word' id='word_1_198' title='bbox 524 1555 692 1598; x_wconf 83' lang='lat' dir='ltr'>servamus</span> <span class='ocrx_word' id='word_1_199' title='bbox 719 1534 804 1615; x_wconf 92' lang='lat' dir='ltr'>quod</span> <span class='ocrx_word' id='word_1_200' title='bbox 833 1556 928 1598; x_wconf 93' lang='lat' dir='ltr'>suum</span> <span class='ocrx_word' id='word_1_201' title='bbox 958 1542 1015 1598; x_wconf 86' lang='lat' dir='ltr'>cst</span> <span class='ocrx_word' id='word_1_202' title='bbox 1073 1533 1213 1613; x_wconf 78' lang='lat' dir='ltr'>Ncquid-</span> <span class='ocrx_word' id='word_1_203' title='bbox 1265 1533 1306 1596; x_wconf 88' lang='lat' dir='ltr'>ad</span> <span class='ocrx_word' id='word_1_204' title='bbox 1335 1554 1410 1596; x_wconf 92' lang='lat' dir='ltr'>eum</span> <span class='ocrx_word' id='word_1_205' title='bbox 1439 1532 1608 1597; x_wconf 93' lang='lat' dir='ltr'>modulum</span> <span class='ocrx_word' id='word_1_206' title='bbox 1635 1554 1730 1597; x_wconf 89' lang='lat' dir='ltr'>suam</span> <span class='ocrx_word' id='word_1_207' title='bbox 1751 1535 1892 1615; x_wconf 83' lang='lat' dir='ltr'>gratiam</span> <span class='ocrx_word' id='word_1_208' title='bbox 1915 1533 2008 1596; x_wconf 87' lang='lat' dir='ltr'>nobis</span> <span class='ocrx_word' id='word_1_209' title='bbox 2030 1531 2239 1613; x_wconf 77' lang='lat' dir='ltr'>impertitur?</span> 
     </span>
     <span class='ocr_line' id='line_1_15' title="bbox 236 1618 2242 1704; baseline -0.001 -20"><span class='ocrx_word' id='word_1_210' title='bbox 236 1643 330 1704; x_wconf 76' lang='lat' dir='ltr'>qrrarn</span> <span class='ocrx_word' id='word_1_211' title='bbox 352 1620 525 1685; x_wconf 83' lang='lat' dir='ltr'>obtenditur</span> <span class='ocrx_word' id='word_1_212' title='bbox 544 1619 660 1700; x_wconf 79' lang='lat' dir='ltr'>frivola</span> <span class='ocrx_word' id='word_1_213' title='bbox 678 1621 812 1702; x_wconf 70' lang='lat' dir='ltr'>crotalia,</span> <span class='ocrx_word' id='word_1_214' title='bbox 834 1640 955 1683; x_wconf 80' lang='grc'>31161616</span> <span class='ocrx_word' id='word_1_215' title='bbox 974 1622 1039 1683; x_wconf 81' lang='lat' dir='ltr'>iani</span> <span class='ocrx_word' id='word_1_216' title='bbox 1057 1621 1212 1684; x_wconf 82' lang='lat' dir='ltr'>inclnsnrn</span> <span class='ocrx_word' id='word_1_217' title='bbox 1264 1618 1336 1681; x_wconf 89' lang='lat' dir='ltr'>Ima</span> <span class='ocrx_word' id='word_1_218' title='bbox 1359 1640 1418 1682; x_wconf 90' lang='lat' dir='ltr'>nos</span> <span class='ocrx_word' id='word_1_219' title='bbox 1439 1619 1501 1700; x_wconf 91' lang='lat' dir='ltr'>ipsi</span> <span class='ocrx_word' id='word_1_220' title='bbox 1525 1640 1598 1682; x_wconf 88' lang='lat' dir='ltr'>eam</span> <span class='ocrx_word' id='word_1_221' title='bbox 1615 1619 1826 1683; x_wconf 85' lang='lat' dir='ltr'>obscuramus</span> <span class='ocrx_word' id='word_1_222' title='bbox 1844 1625 1877 1680; x_wconf 90' lang='lat' dir='ltr'>et</span> <span class='ocrx_word' id='word_1_223' title='bbox 1894 1625 2110 1681; x_wconf 84' lang='lat' dir='ltr'>extenuamus</span> <span class='ocrx_word' id='word_1_224' title='bbox 2128 1625 2242 1683; x_wconf 87' lang='lat' dir='ltr'>nostra</span> 
     </span>
     <span class='ocr_line' id='line_1_16' title="bbox 235 1703 2242 1787; baseline -0.002 -15"><span class='ocrx_word' id='word_1_225' title='bbox 235 1708 356 1772; x_wconf 77' lang='grc'>6666111</span> <span class='ocrx_word' id='word_1_226' title='bbox 371 1705 511 1786; x_wconf 81' lang='lat' dir='ltr'>palmite,</span> <span class='ocrx_word' id='word_1_227' title='bbox 533 1711 561 1768; x_wconf 80' lang='lat' dir='ltr'>et</span> <span class='ocrx_word' id='word_1_228' title='bbox 577 1706 641 1768; x_wconf 82' lang='grc'>6161</span> <span class='ocrx_word' id='word_1_229' title='bbox 656 1706 839 1786; x_wconf 78' lang='lat' dir='ltr'>proferenti</span> <span class='ocrx_word' id='word_1_230' title='bbox 854 1707 984 1786; x_wconf 65' lang='lat' dir='ltr'>semeis,</span> <span class='ocrx_word' id='word_1_231' title='bbox 1006 1706 1132 1785; x_wconf 81' lang='lat' dir='ltr'>ideoque</span> <span class='ocrx_word' id='word_1_232' title='bbox 1152 1725 1213 1768; x_wconf 85' lang='lat' dir='ltr'>non</span> <span class='ocrx_word' id='word_1_233' title='bbox 1264 1704 1510 1787; x_wconf 86' lang='lat' dir='ltr'>ingratitudine.</span> <span class='ocrx_word' id='word_1_234' title='bbox 1567 1705 1640 1768; x_wconf 84' lang='lat' dir='ltr'>Non</span> <span class='ocrx_word' id='word_1_235' title='bbox 1672 1705 1759 1768; x_wconf 91' lang='lat' dir='ltr'>enim</span> <span class='ocrx_word' id='word_1_236' title='bbox 1792 1703 1884 1768; x_wconf 90' lang='lat' dir='ltr'>docet</span> <span class='ocrx_word' id='word_1_237' title='bbox 1916 1703 2094 1785; x_wconf 87' lang='lat' dir='ltr'>apostolus,</span> <span class='ocrx_word' id='word_1_238' title='bbox 2130 1704 2242 1768; x_wconf 85' lang='lat' dir='ltr'>offerri</span> 
     </span>
     <span class='ocr_line' id='line_1_17' title="bbox 236 1790 2243 1873; baseline -0.001 -15"><span class='ocrx_word' id='word_1_239' title='bbox 236 1793 341 1860; x_wconf 76' lang='lat' dir='ltr'>cornia</span> <span class='ocrx_word' id='word_1_240' title='bbox 362 1812 483 1855; x_wconf 77' lang='grc'>6661616</span> <span class='ocrx_word' id='word_1_241' title='bbox 505 1812 526 1854; x_wconf 85' lang='grc'>6</span> <span class='ocrx_word' id='word_1_242' title='bbox 543 1796 627 1855; x_wconf 85' lang='lat' dir='ltr'>terra</span> <span class='ocrx_word' id='word_1_243' title='bbox 644 1793 692 1855; x_wconf 83' lang='grc'>661</span> <span class='ocrx_word' id='word_1_244' title='bbox 709 1814 729 1855; x_wconf 87' lang='grc'>6</span> <span class='ocrx_word' id='word_1_245' title='bbox 746 1792 856 1873; x_wconf 66' lang='lat' dir='ltr'>perrea</span> <span class='ocrx_word' id='word_1_246' title='bbox 873 1793 978 1855; x_wconf 82' lang='lat' dir='ltr'>radice</span> <span class='ocrx_word' id='word_1_247' title='bbox 995 1793 1070 1873; x_wconf 82' lang='lat' dir='ltr'>qaia</span> <span class='ocrx_word' id='word_1_248' title='bbox 1088 1792 1213 1872; x_wconf 78' lang='lat' dir='ltr'>aliqrnd</span> <span class='ocrx_word' id='word_1_249' title='bbox 1264 1790 1357 1855; x_wconf 92' lang='lat' dir='ltr'>nobis</span> <span class='ocrx_word' id='word_1_250' title='bbox 1384 1791 1487 1854; x_wconf 89' lang='lat' dir='ltr'>bonae</span> <span class='ocrx_word' id='word_1_251' title='bbox 1515 1790 1695 1854; x_wconf 82' lang='lat' dir='ltr'>voluntatis</span> <span class='ocrx_word' id='word_1_252' title='bbox 1723 1791 1863 1873; x_wconf 86' lang='lat' dir='ltr'>gratiam</span> <span class='ocrx_word' id='word_1_253' title='bbox 1885 1790 1913 1853; x_wconf 90' lang='lat' dir='ltr'>si</span> <span class='ocrx_word' id='word_1_254' title='bbox 1936 1798 2155 1871; x_wconf 87' lang='lat' dir='ltr'>acceptemus,</span> <span class='ocrx_word' id='word_1_255' title='bbox 2184 1790 2243 1855; x_wconf 89' lang='lat' dir='ltr'>sed</span> 
     </span>
     <span class='ocr_line' id='line_1_18' title="bbox 235 1873 2243 1958; baseline -0.001 -16"><span class='ocrx_word' id='word_1_256' title='bbox 235 1898 329 1944; x_wconf 77' lang='grc'>66616</span> <span class='ocrx_word' id='word_1_257' title='bbox 361 1878 505 1958; x_wconf 62' lang='lat' dir='ltr'>moleret.</span> <span class='ocrx_word' id='word_1_258' title='bbox 567 1876 675 1957; x_wconf 78' lang='lat' dir='ltr'>Neque</span> <span class='ocrx_word' id='word_1_259' title='bbox 716 1879 798 1941; x_wconf 84' lang='lat' dir='ltr'>enim</span> <span class='ocrx_word' id='word_1_260' title='bbox 839 1878 929 1941; x_wconf 86' lang='lat' dir='ltr'>alind</span> <span class='ocrx_word' id='word_1_261' title='bbox 964 1878 1029 1940; x_wconf 81' lang='grc'>6611</span> <span class='ocrx_word' id='word_1_262' title='bbox 1062 1875 1212 1953; x_wconf 74' lang='lat' dir='ltr'>Christos,</span> <span class='ocrx_word' id='word_1_263' title='bbox 1265 1877 1372 1958; x_wconf 90' lang='lat' dir='ltr'>ipsum</span> <span class='ocrx_word' id='word_1_264' title='bbox 1393 1876 1477 1940; x_wconf 89' lang='lat' dir='ltr'>velle</span> <span class='ocrx_word' id='word_1_265' title='bbox 1499 1878 1534 1938; x_wconf 89' lang='lat' dir='ltr'>in</span> <span class='ocrx_word' id='word_1_266' title='bbox 1556 1877 1648 1941; x_wconf 89' lang='lat' dir='ltr'>nobis</span> <span class='ocrx_word' id='word_1_267' title='bbox 1670 1877 1812 1940; x_wconf 86' lang='lat' dir='ltr'>efficere:</span> <span class='ocrx_word' id='word_1_268' title='bbox 1828 1875 1851 1957; x_wconf 90' lang='lat'>¹)</span> <span class='ocrx_word' id='word_1_269' title='bbox 1880 1873 1966 1958; x_wconf 91' lang='lat' dir='ltr'>quod</span> <span class='ocrx_word' id='word_1_270' title='bbox 1991 1896 2057 1938; x_wconf 92' lang='lat' dir='ltr'>non</span> <span class='ocrx_word' id='word_1_271' title='bbox 2080 1875 2171 1939; x_wconf 89' lang='lat' dir='ltr'>aliud</span> <span class='ocrx_word' id='word_1_272' title='bbox 2193 1883 2243 1940; x_wconf 88' lang='lat' dir='ltr'>est</span> 
     </span>
     <span class='ocr_line' id='line_1_19' title="bbox 236 1960 2241 2046; baseline -0.001 -18"><span class='ocrx_word' id='word_1_273' title='bbox 236 1961 1150 2046; x_wconf 72' lang='grc'>66661666611116166161111163161196616661361663</span> <span class='ocrx_word' id='word_1_274' title='bbox 1174 1962 1213 2025; x_wconf 82' lang='lat' dir='ltr'>ab</span> <span class='ocrx_word' id='word_1_275' title='bbox 1265 1962 1329 2025; x_wconf 89' lang='lat' dir='ltr'>nisi</span> <span class='ocrx_word' id='word_1_276' title='bbox 1362 1963 1540 2026; x_wconf 91' lang='lat' dir='ltr'>Dominum</span> <span class='ocrx_word' id='word_1_277' title='bbox 1581 1983 1639 2026; x_wconf 91' lang='lat' dir='ltr'>suo</span> <span class='ocrx_word' id='word_1_278' title='bbox 1673 1963 1789 2043; x_wconf 90' lang='lat' dir='ltr'>spiritu</span> <span class='ocrx_word' id='word_1_279' title='bbox 1822 1982 1879 2026; x_wconf 91' lang='lat' dir='ltr'>cor</span> <span class='ocrx_word' id='word_1_280' title='bbox 1911 1970 2058 2024; x_wconf 85' lang='lat' dir='ltr'>nostrum</span> <span class='ocrx_word' id='word_1_281' title='bbox 2091 1960 2241 2045; x_wconf 88' lang='lat' dir='ltr'>dirigere,</span> 
     </span>
     <span class='ocr_line' id='line_1_20' title="bbox 236 2047 2242 2128; baseline -0.001 -14"><span class='ocrx_word' id='word_1_282' title='bbox 236 2071 269 2114; x_wconf 89' lang='lat' dir='ltr'>eo</span> <span class='ocrx_word' id='word_1_283' title='bbox 301 2049 457 2128; x_wconf 77' lang='lat' dir='ltr'>separati3</span> <span class='ocrx_word' id='word_1_284' title='bbox 489 2049 566 2128; x_wconf 80' lang='lat' dir='ltr'>qnia</span> <span class='ocrx_word' id='word_1_285' title='bbox 598 2068 735 2111; x_wconf 81' lang='lat' dir='ltr'>seorsum</span> <span class='ocrx_word' id='word_1_286' title='bbox 767 2049 855 2112; x_wconf 71' lang='lat' dir='ltr'>trulla</span> <span class='ocrx_word' id='word_1_287' title='bbox 887 2051 928 2112; x_wconf 81' lang='lat' dir='ltr'>sit</span> <span class='ocrx_word' id='word_1_288' title='bbox 960 2050 995 2113; x_wconf 86' lang='lat' dir='ltr'>in</span> <span class='ocrx_word' id='word_1_289' title='bbox 1027 2049 1115 2112; x_wconf 84' lang='lat' dir='ltr'>nobis</span> <span class='ocrx_word' id='word_1_290' title='bbox 1142 2048 1214 2112; x_wconf 85' lang='lat' dir='ltr'>bene</span> <span class='ocrx_word' id='word_1_291' title='bbox 1264 2048 1404 2119; x_wconf 90' lang='lat' dir='ltr'>flectere,</span> <span class='ocrx_word' id='word_1_292' title='bbox 1427 2047 1598 2125; x_wconf 90' lang='lat' dir='ltr'>moderari,</span> <span class='ocrx_word' id='word_1_293' title='bbox 1622 2048 1711 2112; x_wconf 90' lang='lat' dir='ltr'>etin</span> <span class='ocrx_word' id='word_1_294' title='bbox 1733 2068 1779 2126; x_wconf 91' lang='grc'>66,</span> <span class='ocrx_word' id='word_1_295' title='bbox 1803 2057 1959 2128; x_wconf 87' lang='lat' dir='ltr'>tanquam</span> <span class='ocrx_word' id='word_1_296' title='bbox 1981 2047 2017 2109; x_wconf 91' lang='lat' dir='ltr'>in</span> <span class='ocrx_word' id='word_1_297' title='bbox 2039 2049 2242 2128; x_wconf 85' lang='lat' dir='ltr'>possessione</span> 
     </span>
     <span class='ocr_line' id='line_1_21' title="bbox 237 2132 2243 2220; baseline -0 -21"><span class='ocrx_word' id='word_1_298' title='bbox 237 2132 1212 2220; x_wconf 61' lang='grc'>6966611661166,6166161111666666166611(11161111.15,13).·</span> <span class='ocrx_word' id='word_1_299' title='bbox 1265 2154 1339 2210; x_wconf 89' lang='lat' dir='ltr'>sua,</span> <span class='ocrx_word' id='word_1_300' title='bbox 1374 2154 1520 2216; x_wconf 88' lang='lat' dir='ltr'>regnare.</span> <span class='ocrx_word' id='word_1_301' title='bbox 1568 2133 1633 2198; x_wconf 83' lang='lat' dir='ltr'>Nee</span> <span class='ocrx_word' id='word_1_302' title='bbox 1662 2154 1732 2197; x_wconf 86' lang='lat' dir='ltr'>cero</span> <span class='ocrx_word' id='word_1_303' title='bbox 1759 2154 1819 2214; x_wconf 79' lang='lat' dir='ltr'>per</span> <span class='ocrx_word' id='word_1_304' title='bbox 1840 2132 2032 2196; x_wconf 67' lang='lat' dir='ltr'>Ezechielem</span> <span class='ocrx_word' id='word_1_305' title='bbox 2053 2132 2125 2211; x_wconf 89' lang='lat' dir='ltr'>(ll,</span> <span class='ocrx_word' id='word_1_306' title='bbox 2149 2137 2185 2196; x_wconf 85' lang='grc'>19</span> <span class='ocrx_word' id='word_1_307' title='bbox 2209 2141 2243 2198; x_wconf 91' lang='grc'>66</span> 
     </span>
     <span class='ocr_line' id='line_1_22' title="bbox 236 2218 2234 2305; baseline -0.002 -19"><span class='ocrx_word' id='word_1_308' title='bbox 236 2221 339 2286; x_wconf 83' lang='lat' dir='ltr'>omnis</span> <span class='ocrx_word' id='word_1_309' title='bbox 361 2219 454 2283; x_wconf 83' lang='lat' dir='ltr'>ordor</span> <span class='ocrx_word' id='word_1_310' title='bbox 474 2239 569 2298; x_wconf 84' lang='lat' dir='ltr'>qnam</span> <span class='ocrx_word' id='word_1_311' title='bbox 591 2240 652 2282; x_wconf 87' lang='lat' dir='ltr'>non</span> <span class='ocrx_word' id='word_1_312' title='bbox 669 2221 862 2300; x_wconf 78' lang='lat' dir='ltr'>ploirtoeerit</span> <span class='ocrx_word' id='word_1_313' title='bbox 878 2227 971 2301; x_wconf 77' lang='lat' dir='ltr'>pater</span> <span class='ocrx_word' id='word_1_314' title='bbox 991 2241 1087 2299; x_wconf 81' lang='grc'>16663,</span> <span class='ocrx_word' id='word_1_315' title='bbox 1111 2221 1213 2284; x_wconf 76' lang='lat' dir='ltr'>eradi</span> <span class='ocrx_word' id='word_1_316' title='bbox 1267 2222 1316 2295; x_wconf 89' lang='grc'>36,</span> <span class='ocrx_word' id='word_1_317' title='bbox 1337 2218 1408 2305; x_wconf 82' lang='lat'>27),</span> <span class='ocrx_word' id='word_1_318' title='bbox 1432 2219 1585 2302; x_wconf 69' lang='grc'>6661611116</span> <span class='ocrx_word' id='word_1_319' title='bbox 1606 2240 1638 2283; x_wconf 87' lang='grc'>36</span> <span class='ocrx_word' id='word_1_320' title='bbox 1659 2221 1810 2283; x_wconf 70' lang='lat' dir='ltr'>cimonem</span> <span class='ocrx_word' id='word_1_321' title='bbox 1830 2220 1931 2284; x_wconf 80' lang='lat' dir='ltr'>electis</span> <span class='ocrx_word' id='word_1_322' title='bbox 1952 2220 2100 2299; x_wconf 78' lang='lat' dir='ltr'>spiritam</span> <span class='ocrx_word' id='word_1_323' title='bbox 2121 2240 2234 2283; x_wconf 86' lang='lat' dir='ltr'>nocam</span> 
     </span>
     <span class='ocr_line' id='line_1_23' title="bbox 222 2301 2242 2386; baseline -0 -16"><span class='ocrx_word' id='word_1_324' title='bbox 222 2305 367 2375; x_wconf 73' lang='lat' dir='ltr'>caldor.</span> <span class='ocrx_word' id='word_1_325' title='bbox 412 2301 523 2383; x_wconf 83' lang='lat' dir='ltr'>Quare</span> <span class='ocrx_word' id='word_1_326' title='bbox 542 2305 704 2386; x_wconf 90' lang='lat' dir='ltr'>apostolus</span> <span class='ocrx_word' id='word_1_327' title='bbox 726 2315 828 2370; x_wconf 90' lang='lat' dir='ltr'>totam</span> <span class='ocrx_word' id='word_1_328' title='bbox 852 2306 900 2369; x_wconf 92' lang='lat' dir='ltr'>illi</span> <span class='ocrx_word' id='word_1_329' title='bbox 922 2328 1084 2370; x_wconf 87' lang='lat' dir='ltr'>summam</span> <span class='ocrx_word' id='word_1_330' title='bbox 1106 2314 1213 2370; x_wconf 88' lang='lat' dir='ltr'>trans-</span> <span class='ocrx_word' id='word_1_331' title='bbox 1265 2303 1319 2368; x_wconf 82' lang='lat' dir='ltr'>loc</span> <span class='ocrx_word' id='word_1_332' title='bbox 1335 2311 1457 2369; x_wconf 81' lang='lat' dir='ltr'>tontum</span> <span class='ocrx_word' id='word_1_333' title='bbox 1467 2305 1538 2385; x_wconf 76' lang='lat' dir='ltr'>fine,</span> <span class='ocrx_word' id='word_1_334' title='bbox 1556 2310 1591 2368; x_wconf 84' lang='lat' dir='ltr'>ot</span> <span class='ocrx_word' id='word_1_335' title='bbox 1608 2307 1644 2369; x_wconf 83' lang='lat' dir='ltr'>in</span> <span class='ocrx_word' id='word_1_336' title='bbox 1657 2306 1834 2385; x_wconf 69' lang='lat' dir='ltr'>praeceptis</span> <span class='ocrx_word' id='word_1_337' title='bbox 1851 2306 1920 2369; x_wconf 79' lang='lat' dir='ltr'>sais</span> <span class='ocrx_word' id='word_1_338' title='bbox 1934 2305 2096 2370; x_wconf 82' lang='lat' dir='ltr'>ambolare</span> <span class='ocrx_word' id='word_1_339' title='bbox 2109 2307 2242 2385; x_wconf 77' lang='lat' dir='ltr'>possint,</span> 
     </span>
     <span class='ocr_line' id='line_1_24' title="bbox 238 2389 2244 2474; baseline 0 -18"><span class='ocrx_word' id='word_1_340' title='bbox 238 2389 350 2456; x_wconf 88' lang='lat' dir='ltr'>scribit</span> <span class='ocrx_word' id='word_1_341' title='bbox 377 2391 412 2453; x_wconf 90' lang='lat' dir='ltr'>in</span> <span class='ocrx_word' id='word_1_342' title='bbox 440 2390 503 2454; x_wconf 86' lang='lat' dir='ltr'>loco</span> <span class='ocrx_word' id='word_1_343' title='bbox 532 2391 597 2454; x_wconf 86' lang='lat' dir='ltr'>iam</span> <span class='ocrx_word' id='word_1_344' title='bbox 624 2391 714 2455; x_wconf 86' lang='lat' dir='ltr'>citato</span> <span class='ocrx_word' id='word_1_345' title='bbox 738 2391 838 2473; x_wconf 85' lang='lat' dir='ltr'>(Phil.</span> <span class='ocrx_word' id='word_1_346' title='bbox 866 2396 900 2470; x_wconf 83' lang='lat'>2,</span> <span class='ocrx_word' id='word_1_347' title='bbox 930 2393 999 2474; x_wconf 91' lang='lat' dir='ltr'>l3):</span> <span class='ocrx_word' id='word_1_348' title='bbox 1033 2393 1125 2456; x_wconf 88' lang='lat' dir='ltr'>Deus</span> <span class='ocrx_word' id='word_1_349' title='bbox 1155 2400 1212 2468; x_wconf 89' lang='lat' dir='ltr'>cst,</span> <span class='ocrx_word' id='word_1_350' title='bbox 1266 2391 1319 2454; x_wconf 84' lang='lat' dir='ltr'>scd</span> <span class='ocrx_word' id='word_1_351' title='bbox 1345 2397 1380 2454; x_wconf 88' lang='grc'>61</span> <span class='ocrx_word' id='word_1_352' title='bbox 1408 2412 1441 2454; x_wconf 90' lang='lat' dir='ltr'>re</span> <span class='ocrx_word' id='word_1_353' title='bbox 1470 2392 1543 2471; x_wconf 79' lang='lat' dir='ltr'>ipso</span> <span class='ocrx_word' id='word_1_354' title='bbox 1570 2391 1732 2455; x_wconf 76' lang='grc'>6161616111.</span> <span class='ocrx_word' id='word_1_355' title='bbox 1782 2391 1896 2472; x_wconf 86' lang='lat' dir='ltr'>Neque</span> <span class='ocrx_word' id='word_1_356' title='bbox 1923 2410 2016 2455; x_wconf 89' lang='lat' dir='ltr'>secus</span> <span class='ocrx_word' id='word_1_357' title='bbox 2042 2392 2144 2472; x_wconf 88' lang='lat' dir='ltr'>accipi</span> <span class='ocrx_word' id='word_1_358' title='bbox 2170 2413 2244 2456; x_wconf 89' lang='lat' dir='ltr'>sen-</span> 
     </span>
     <span class='ocr_line' id='line_1_25' title="bbox 238 2476 2245 2560; baseline -0 -19"><span class='ocrx_word' id='word_1_359' title='bbox 238 2477 360 2558; x_wconf 89' lang='lat' dir='ltr'>inquit,</span> <span class='ocrx_word' id='word_1_360' title='bbox 389 2476 444 2558; x_wconf 93' lang='lat' dir='ltr'>qui</span> <span class='ocrx_word' id='word_1_361' title='bbox 474 2477 508 2539; x_wconf 94' lang='lat' dir='ltr'>in</span> <span class='ocrx_word' id='word_1_362' title='bbox 536 2477 626 2540; x_wconf 87' lang='lat' dir='ltr'>vobis</span> <span class='ocrx_word' id='word_1_363' title='bbox 655 2487 810 2559; x_wconf 91' lang='lat' dir='ltr'>operatur</span> <span class='ocrx_word' id='word_1_364' title='bbox 834 2487 867 2541; x_wconf 91' lang='lat' dir='ltr'>et</span> <span class='ocrx_word' id='word_1_365' title='bbox 888 2478 972 2542; x_wconf 85' lang='lat' dir='ltr'>vello</span> <span class='ocrx_word' id='word_1_366' title='bbox 994 2485 1027 2542; x_wconf 84' lang='lat' dir='ltr'>et</span> <span class='ocrx_word' id='word_1_367' title='bbox 1048 2479 1211 2560; x_wconf 88' lang='lat' dir='ltr'>perficere.</span> <span class='ocrx_word' id='word_1_368' title='bbox 1266 2478 1368 2540; x_wconf 85' lang='lat' dir='ltr'>tentia</span> <span class='ocrx_word' id='word_1_369' title='bbox 1391 2476 1514 2541; x_wconf 88' lang='lat' dir='ltr'>Christi</span> <span class='ocrx_word' id='word_1_370' title='bbox 1537 2477 1665 2560; x_wconf 86' lang='lat' dir='ltr'>(loaun.</span> <span class='ocrx_word' id='word_1_371' title='bbox 1686 2481 1714 2554; x_wconf 82' lang='lat'>6,</span> <span class='ocrx_word' id='word_1_372' title='bbox 1729 2476 1785 2560; x_wconf 84' lang='grc'>45)</span> <span class='ocrx_word' id='word_1_373' title='bbox 1803 2484 1920 2559; x_wconf 90' lang='lat' dir='ltr'>potest,</span> <span class='ocrx_word' id='word_1_374' title='bbox 1943 2478 2048 2540; x_wconf 90' lang='lat' dir='ltr'>omnis</span> <span class='ocrx_word' id='word_1_375' title='bbox 2071 2478 2126 2558; x_wconf 90' lang='lat' dir='ltr'>qui</span> <span class='ocrx_word' id='word_1_376' title='bbox 2152 2476 2245 2542; x_wconf 87' lang='lat' dir='ltr'>audi-</span> 
     </span>
     <span class='ocr_line' id='line_1_26' title="bbox 237 2560 2245 2645; baseline -0 -18"><span class='ocrx_word' id='word_1_377' title='bbox 237 2562 335 2627; x_wconf 91' lang='lat' dir='ltr'>Prior</span> <span class='ocrx_word' id='word_1_378' title='bbox 355 2583 432 2644; x_wconf 89' lang='lat' dir='ltr'>pars</span> <span class='ocrx_word' id='word_1_379' title='bbox 454 2562 559 2644; x_wconf 88' lang='lat' dir='ltr'>operis</span> <span class='ocrx_word' id='word_1_380' title='bbox 580 2561 657 2626; x_wconf 93' lang='lat' dir='ltr'>boni</span> <span class='ocrx_word' id='word_1_381' title='bbox 679 2572 729 2626; x_wconf 88' lang='lat' dir='ltr'>est</span> <span class='ocrx_word' id='word_1_382' title='bbox 751 2563 916 2642; x_wconf 83' lang='lat' dir='ltr'>voluntas;</span> <span class='ocrx_word' id='word_1_383' title='bbox 945 2564 1061 2641; x_wconf 83' lang='lat' dir='ltr'>altem,</span> <span class='ocrx_word' id='word_1_384' title='bbox 1084 2562 1213 2628; x_wconf 88' lang='lat' dir='ltr'>validus</span> <span class='ocrx_word' id='word_1_385' title='bbox 1266 2563 1315 2628; x_wconf 79' lang='lat' dir='ltr'>vit</span> <span class='ocrx_word' id='word_1_386' title='bbox 1336 2571 1467 2645; x_wconf 86' lang='lat' dir='ltr'>epatre</span> <span class='ocrx_word' id='word_1_387' title='bbox 1487 2583 1560 2626; x_wconf 93' lang='lat' dir='ltr'>meo</span> <span class='ocrx_word' id='word_1_388' title='bbox 1582 2564 1672 2626; x_wconf 85' lang='lat' dir='ltr'>venit</span> <span class='ocrx_word' id='word_1_389' title='bbox 1694 2560 1735 2624; x_wconf 90' lang='lat' dir='ltr'>ad</span> <span class='ocrx_word' id='word_1_390' title='bbox 1755 2584 1822 2640; x_wconf 89' lang='lat' dir='ltr'>me,</span> <span class='ocrx_word' id='word_1_391' title='bbox 1853 2584 1951 2644; x_wconf 90' lang='lat' dir='ltr'>quam</span> <span class='ocrx_word' id='word_1_392' title='bbox 1978 2571 2016 2626; x_wconf 92' lang='lat' dir='ltr'>ut</span> <span class='ocrx_word' id='word_1_393' title='bbox 2039 2564 2202 2628; x_wconf 87' lang='lat' dir='ltr'>efficacem</span> <span class='ocrx_word' id='word_1_394' title='bbox 2225 2585 2245 2627; x_wconf 90' lang='lat' dir='ltr'>a</span> 
     </span>
     <span class='ocr_line' id='line_1_27' title="bbox 237 2646 2243 2732; baseline 0 -21"><span class='ocrx_word' id='word_1_395' title='bbox 237 2649 273 2711; x_wconf 93' lang='lat' dir='ltr'>in</span> <span class='ocrx_word' id='word_1_396' title='bbox 302 2646 506 2729; x_wconf 85' lang='lat' dir='ltr'>exsequendo</span> <span class='ocrx_word' id='word_1_397' title='bbox 535 2655 684 2712; x_wconf 86' lang='lat' dir='ltr'>conatus:</span> <span class='ocrx_word' id='word_1_398' title='bbox 719 2649 888 2730; x_wconf 90' lang='lat' dir='ltr'>utriusque</span> <span class='ocrx_word' id='word_1_399' title='bbox 916 2659 1010 2713; x_wconf 86' lang='lat' dir='ltr'>autor</span> <span class='ocrx_word' id='word_1_400' title='bbox 1035 2657 1085 2713; x_wconf 89' lang='lat' dir='ltr'>est</span> <span class='ocrx_word' id='word_1_401' title='bbox 1111 2650 1212 2713; x_wconf 89' lang='lat' dir='ltr'>Deus.</span> <span class='ocrx_word' id='word_1_402' title='bbox 1266 2670 1300 2713; x_wconf 91' lang='lat' dir='ltr'>se</span> <span class='ocrx_word' id='word_1_403' title='bbox 1317 2649 1388 2730; x_wconf 89' lang='lat' dir='ltr'>ipsa</span> <span class='ocrx_word' id='word_1_404' title='bbox 1406 2649 1470 2713; x_wconf 90' lang='lat' dir='ltr'>Dei</span> <span class='ocrx_word' id='word_1_405' title='bbox 1488 2649 1627 2730; x_wconf 83' lang='lat' dir='ltr'>gratiam</span> <span class='ocrx_word' id='word_1_406' title='bbox 1646 2646 1767 2725; x_wconf 88' lang='lat' dir='ltr'>doceat,</span> <span class='ocrx_word' id='word_1_407' title='bbox 1790 2647 2064 2730; x_wconf 89' lang='lat' dir='ltr'>quomadmodum</span> <span class='ocrx_word' id='word_1_408' title='bbox 2082 2658 2115 2712; x_wconf 92' lang='lat' dir='ltr'>et</span> <span class='ocrx_word' id='word_1_409' title='bbox 2129 2650 2243 2732; x_wconf 86' lang='lat' dir='ltr'>Augu·</span> 
     </span>
     <span class='ocr_line' id='line_1_28' title="bbox 236 2732 2244 2818; baseline 0 -21"><span class='ocrx_word' id='word_1_410' title='bbox 236 2733 327 2815; x_wconf 85' lang='lat' dir='ltr'>Ergo</span> <span class='ocrx_word' id='word_1_411' title='bbox 348 2733 490 2797; x_wconf 94' lang='lat' dir='ltr'>Domino</span> <span class='ocrx_word' id='word_1_412' title='bbox 513 2734 721 2816; x_wconf 88' lang='lat' dir='ltr'>surripimus,</span> <span class='ocrx_word' id='word_1_413' title='bbox 748 2736 776 2799; x_wconf 87' lang='lat' dir='ltr'>si</span> <span class='ocrx_word' id='word_1_414' title='bbox 803 2734 880 2816; x_wconf 93' lang='lat' dir='ltr'>quid</span> <span class='ocrx_word' id='word_1_415' title='bbox 908 2736 1001 2799; x_wconf 89' lang='lat' dir='ltr'>nobis</span> <span class='ocrx_word' id='word_1_416' title='bbox 1024 2756 1213 2817; x_wconf 88' lang='lat' dir='ltr'>arrogamus</span> <span class='ocrx_word' id='word_1_417' title='bbox 1266 2734 1409 2818; x_wconf 56' lang='grc'>61111661)</span> <span class='ocrx_word' id='word_1_418' title='bbox 1432 2733 1606 2798; x_wconf 85' lang='lat' dir='ltr'>contendit.</span> <span class='ocrx_word' id='word_1_419' title='bbox 1653 2732 1729 2814; x_wconf 83' lang='lat' dir='ltr'>Qua</span> <span class='ocrx_word' id='word_1_420' title='bbox 1757 2734 1864 2817; x_wconf 84' lang='lat' dir='ltr'>gratia</span> <span class='ocrx_word' id='word_1_421' title='bbox 1889 2756 1956 2798; x_wconf 94' lang='lat' dir='ltr'>non</span> <span class='ocrx_word' id='word_1_422' title='bbox 1983 2734 2142 2816; x_wconf 90' lang='lat' dir='ltr'>quoslibet</span> <span class='ocrx_word' id='word_1_423' title='bbox 2167 2756 2244 2818; x_wconf 91' lang='lat' dir='ltr'>pro-</span> 
     </span>
     <span class='ocr_line' id='line_1_29' title="bbox 237 2818 2245 2905; baseline 0 -21"><span class='ocrx_word' id='word_1_424' title='bbox 237 2820 351 2884; x_wconf 89' lang='lat' dir='ltr'>autin</span> <span class='ocrx_word' id='word_1_425' title='bbox 373 2818 550 2895; x_wconf 88' lang='lat' dir='ltr'>voluntate,</span> <span class='ocrx_word' id='word_1_426' title='bbox 575 2821 689 2883; x_wconf 90' lang='lat' dir='ltr'>autin</span> <span class='ocrx_word' id='word_1_427' title='bbox 712 2820 838 2885; x_wconf 85' lang='lat' dir='ltr'>effectu.</span> <span class='ocrx_word' id='word_1_428' title='bbox 879 2819 917 2885; x_wconf 79' lang='lat' dir='ltr'>Si</span> <span class='ocrx_word' id='word_1_429' title='bbox 939 2819 1102 2885; x_wconf 86' lang='lat' dir='ltr'>diceretur</span> <span class='ocrx_word' id='word_1_430' title='bbox 1122 2821 1214 2884; x_wconf 90' lang='lat' dir='ltr'>Deus</span> <span class='ocrx_word' id='word_1_431' title='bbox 1266 2821 1389 2885; x_wconf 91' lang='lat' dir='ltr'>miscue</span> <span class='ocrx_word' id='word_1_432' title='bbox 1423 2820 1580 2904; x_wconf 88' lang='lat' dir='ltr'>dignatur</span> <span class='ocrx_word' id='word_1_433' title='bbox 1611 2819 1791 2898; x_wconf 89' lang='lat' dir='ltr'>Dominus,</span> <span class='ocrx_word' id='word_1_434' title='bbox 1832 2820 2107 2902; x_wconf 88' lang='lat' dir='ltr'>quemadmodum</span> <span class='ocrx_word' id='word_1_435' title='bbox 2144 2821 2245 2905; x_wconf 82' lang='lat' dir='ltr'>vulgo</span> 
     </span>
     <span class='ocr_line' id='line_1_30' title="bbox 236 2905 2246 2990; baseline 0.001 -21"><span class='ocrx_word' id='word_1_436' title='bbox 236 2926 332 2988; x_wconf 90' lang='lat' dir='ltr'>opem</span> <span class='ocrx_word' id='word_1_437' title='bbox 353 2906 439 2969; x_wconf 88' lang='lat' dir='ltr'>ferre</span> <span class='ocrx_word' id='word_1_438' title='bbox 461 2905 610 2969; x_wconf 87' lang='lat' dir='ltr'>infirmae</span> <span class='ocrx_word' id='word_1_439' title='bbox 632 2906 802 2980; x_wconf 87' lang='lat' dir='ltr'>voluntati,</span> <span class='ocrx_word' id='word_1_440' title='bbox 825 2906 917 2969; x_wconf 91' lang='lat' dir='ltr'>nobis</span> <span class='ocrx_word' id='word_1_441' title='bbox 940 2906 1092 2970; x_wconf 92' lang='lat' dir='ltr'>nonnihil</span> <span class='ocrx_word' id='word_1_442' title='bbox 1114 2906 1214 2969; x_wconf 93' lang='lat' dir='ltr'>relin·</span> <span class='ocrx_word' id='word_1_443' title='bbox 1266 2908 1410 2971; x_wconf 90' lang='lat' dir='ltr'>iactatur</span> <span class='ocrx_word' id='word_1_444' title='bbox 1436 2905 1520 2970; x_wconf 92' lang='lat' dir='ltr'>illud</span> <span class='ocrx_word' id='word_1_445' title='bbox 1546 2906 1625 2990; x_wconf 86' lang='lat' dir='ltr'>(nisi</span> <span class='ocrx_word' id='word_1_446' title='bbox 1645 2905 1754 2990; x_wconf 85' lang='lat' dir='ltr'>fallor)</span> <span class='ocrx_word' id='word_1_447' title='bbox 1777 2907 1988 2984; x_wconf 88' lang='lat' dir='ltr'>occamicum,</span> <span class='ocrx_word' id='word_1_448' title='bbox 2021 2928 2094 2971; x_wconf 87' lang='lat' dir='ltr'>eam</span> <span class='ocrx_word' id='word_1_449' title='bbox 2120 2908 2246 2972; x_wconf 90' lang='lat' dir='ltr'>nemini</span> 
     </span>
     <span class='ocr_line' id='line_1_31' title="bbox 237 2990 2246 3076; baseline 0.003 -23"><span class='ocrx_word' id='word_1_450' title='bbox 237 2997 406 3073; x_wconf 90' lang='lat' dir='ltr'>queretur;</span> <span class='ocrx_word' id='word_1_451' title='bbox 430 2990 487 3054; x_wconf 89' lang='lat' dir='ltr'>sed</span> <span class='ocrx_word' id='word_1_452' title='bbox 509 3012 609 3072; x_wconf 92' lang='lat' dir='ltr'>quum</span> <span class='ocrx_word' id='word_1_453' title='bbox 632 2990 751 3055; x_wconf 90' lang='lat' dir='ltr'>dicitur</span> <span class='ocrx_word' id='word_1_454' title='bbox 768 2992 895 3056; x_wconf 87' lang='lat' dir='ltr'>officere</span> <span class='ocrx_word' id='word_1_455' title='bbox 912 2993 1125 3068; x_wconf 81' lang='lat' dir='ltr'>voluntatem,</span> <span class='ocrx_word' id='word_1_456' title='bbox 1148 2993 1215 3056; x_wconf 90' lang='lat' dir='ltr'>iam</span> <span class='ocrx_word' id='word_1_457' title='bbox 1268 2992 1441 3075; x_wconf 87' lang='lat' dir='ltr'>denegari,</span> <span class='ocrx_word' id='word_1_458' title='bbox 1470 2993 1601 3056; x_wconf 84' lang='lat' dir='ltr'>facienti</span> <span class='ocrx_word' id='word_1_459' title='bbox 1624 2992 1708 3075; x_wconf 91' lang='lat' dir='ltr'>quod</span> <span class='ocrx_word' id='word_1_460' title='bbox 1730 2993 1767 3056; x_wconf 91' lang='lat' dir='ltr'>in</span> <span class='ocrx_word' id='word_1_461' title='bbox 1786 3013 1822 3056; x_wconf 86' lang='lat' dir='ltr'>se</span> <span class='ocrx_word' id='word_1_462' title='bbox 1844 3001 1901 3057; x_wconf 87' lang='lat' dir='ltr'>est.</span> <span class='ocrx_word' id='word_1_463' title='bbox 1943 2991 2091 3058; x_wconf 91' lang='lat' dir='ltr'>Docendi</span> <span class='ocrx_word' id='word_1_464' title='bbox 2112 2993 2246 3076; x_wconf 89' lang='lat' dir='ltr'>quidem</span> 
     </span>
     <span class='ocr_line' id='line_1_32' title="bbox 238 3075 2246 3161; baseline 0 -21"><span class='ocrx_word' id='word_1_465' title='bbox 238 3086 334 3140; x_wconf 87' lang='lat' dir='ltr'>extra</span> <span class='ocrx_word' id='word_1_466' title='bbox 356 3096 413 3139; x_wconf 91' lang='lat' dir='ltr'>uos</span> <span class='ocrx_word' id='word_1_467' title='bbox 436 3075 594 3158; x_wconf 90' lang='lat' dir='ltr'>quidquid</span> <span class='ocrx_word' id='word_1_468' title='bbox 615 3077 649 3139; x_wconf 92' lang='lat' dir='ltr'>in</span> <span class='ocrx_word' id='word_1_469' title='bbox 672 3097 711 3140; x_wconf 91' lang='lat' dir='ltr'>ea</span> <span class='ocrx_word' id='word_1_470' title='bbox 732 3077 854 3140; x_wconf 93' lang='lat' dir='ltr'>bonum</span> <span class='ocrx_word' id='word_1_471' title='bbox 876 3086 926 3141; x_wconf 87' lang='lat' dir='ltr'>est</span> <span class='ocrx_word' id='word_1_472' title='bbox 947 3077 1080 3142; x_wconf 90' lang='lat' dir='ltr'>locatur.</span> <span class='ocrx_word' id='word_1_473' title='bbox 1112 3079 1215 3142; x_wconf 92' lang='lat' dir='ltr'>Porro</span> <span class='ocrx_word' id='word_1_474' title='bbox 1268 3085 1346 3142; x_wconf 90' lang='lat' dir='ltr'>suut</span> <span class='ocrx_word' id='word_1_475' title='bbox 1368 3078 1525 3155; x_wconf 90' lang='lat' dir='ltr'>homines,</span> <span class='ocrx_word' id='word_1_476' title='bbox 1549 3078 1730 3160; x_wconf 79' lang='lat' dir='ltr'>expositam</span> <span class='ocrx_word' id='word_1_477' title='bbox 1753 3098 1824 3143; x_wconf 89' lang='lat' dir='ltr'>esse</span> <span class='ocrx_word' id='word_1_478' title='bbox 1840 3080 1903 3142; x_wconf 90' lang='lat' dir='ltr'>Dei</span> <span class='ocrx_word' id='word_1_479' title='bbox 1921 3079 2157 3161; x_wconf 83' lang='lat' dir='ltr'>benignitatem</span> <span class='ocrx_word' id='word_1_480' title='bbox 2174 3100 2246 3142; x_wconf 90' lang='lat' dir='ltr'>om-</span> 
     </span>
     <span class='ocr_line' id='line_1_33' title="bbox 234 3161 2245 3247; baseline 0.002 -23"><span class='ocrx_word' id='word_1_481' title='bbox 234 3161 394 3244; x_wconf 87' lang='lat' dir='ltr'>quoniam</span> <span class='ocrx_word' id='word_1_482' title='bbox 427 3162 534 3225; x_wconf 88' lang='lat' dir='ltr'>carnis</span> <span class='ocrx_word' id='word_1_483' title='bbox 566 3168 696 3226; x_wconf 89' lang='lat' dir='ltr'>nostrae</span> <span class='ocrx_word' id='word_1_484' title='bbox 736 3162 879 3243; x_wconf 91' lang='lat' dir='ltr'>pondere</span> <span class='ocrx_word' id='word_1_485' title='bbox 918 3164 1003 3228; x_wconf 88' lang='lat' dir='ltr'>bona</span> <span class='ocrx_word' id='word_1_486' title='bbox 1036 3165 1216 3228; x_wconf 87' lang='lat' dir='ltr'>etiamnum</span> <span class='ocrx_word' id='word_1_487' title='bbox 1267 3165 1373 3243; x_wconf 91' lang='lat' dir='ltr'>nibus,</span> <span class='ocrx_word' id='word_1_488' title='bbox 1396 3165 1467 3229; x_wconf 90' lang='lat' dir='ltr'>sine</span> <span class='ocrx_word' id='word_1_489' title='bbox 1484 3165 1682 3246; x_wconf 80' lang='lat' dir='ltr'>exceptione.</span> <span class='ocrx_word' id='word_1_490' title='bbox 1704 3165 1761 3245; x_wconf 92' lang='lat' dir='ltr'>qui</span> <span class='ocrx_word' id='word_1_491' title='bbox 1779 3185 1852 3228; x_wconf 92' lang='lat' dir='ltr'>eam</span> <span class='ocrx_word' id='word_1_492' title='bbox 1869 3171 2044 3247; x_wconf 82' lang='lat' dir='ltr'>quaerrmt;</span> <span class='ocrx_word' id='word_1_493' title='bbox 2067 3162 2124 3229; x_wconf 89' lang='lat' dir='ltr'>sed</span> <span class='ocrx_word' id='word_1_494' title='bbox 2141 3185 2245 3246; x_wconf 91' lang='lat' dir='ltr'>quum</span> 
     </span>
     <span class='ocr_line' id='line_1_34' title="bbox 238 3245 2246 3333; baseline 0.001 -21"><span class='ocrx_word' id='word_1_495' title='bbox 238 3246 390 3312; x_wconf 84' lang='lat' dir='ltr'>voluntas</span> <span class='ocrx_word' id='word_1_496' title='bbox 412 3245 568 3324; x_wconf 89' lang='lat' dir='ltr'>obruitur,</span> <span class='ocrx_word' id='word_1_497' title='bbox 591 3269 633 3311; x_wconf 92' lang='lat' dir='ltr'>ne</span> <span class='ocrx_word' id='word_1_498' title='bbox 656 3255 810 3330; x_wconf 87' lang='lat' dir='ltr'>emergat,</span> <span class='ocrx_word' id='word_1_499' title='bbox 834 3248 1012 3326; x_wconf 82' lang='lat' dir='ltr'>subiunxit,</span> <span class='ocrx_word' id='word_1_500' title='bbox 1035 3248 1216 3314; x_wconf 89' lang='lat' dir='ltr'>eluctandis</span> <span class='ocrx_word' id='word_1_501' title='bbox 1267 3250 1291 3313; x_wconf 94' lang='lat' dir='ltr'>ii</span> <span class='ocrx_word' id='word_1_502' title='bbox 1314 3249 1445 3314; x_wconf 90' lang='lat' dir='ltr'>demum</span> <span class='ocrx_word' id='word_1_503' title='bbox 1467 3271 1622 3331; x_wconf 88' lang='lat' dir='ltr'>quaerere</span> <span class='ocrx_word' id='word_1_504' title='bbox 1643 3249 1817 3332; x_wconf 91' lang='lat' dir='ltr'>incipiant,</span> <span class='ocrx_word' id='word_1_505' title='bbox 1843 3251 1960 3332; x_wconf 91' lang='lat' dir='ltr'>quibus</span> <span class='ocrx_word' id='word_1_506' title='bbox 1981 3249 2115 3314; x_wconf 72' lang='lat' dir='ltr'>noeais</span> <span class='ocrx_word' id='word_1_507' title='bbox 2136 3252 2246 3333; x_wconf 88' lang='lat' dir='ltr'>gratia</span> 
     </span>
     <span class='ocr_line' id='line_1_35' title="bbox 238 3331 2246 3418; baseline 0.003 -22"><span class='ocrx_word' id='word_1_508' title='bbox 238 3333 308 3397; x_wconf 89' lang='lat' dir='ltr'>eius</span> <span class='ocrx_word' id='word_1_509' title='bbox 336 3353 467 3414; x_wconf 87' lang='lat' dir='ltr'>pugnae</span> <span class='ocrx_word' id='word_1_510' title='bbox 490 3331 749 3411; x_wconf 87' lang='lat' dir='ltr'>difficultatibus,</span> <span class='ocrx_word' id='word_1_511' title='bbox 780 3343 913 3399; x_wconf 90' lang='lat' dir='ltr'>conatus</span> <span class='ocrx_word' id='word_1_512' title='bbox 935 3337 1153 3400; x_wconf 87' lang='lat' dir='ltr'>constantiam</span> <span class='ocrx_word' id='word_1_513' title='bbox 1175 3335 1216 3399; x_wconf 90' lang='lat' dir='ltr'>ad</span> <span class='ocrx_word' id='word_1_514' title='bbox 1269 3337 1434 3418; x_wconf 82' lang='lat' dir='ltr'>aspiravit,</span> <span class='ocrx_word' id='word_1_515' title='bbox 1458 3357 1518 3400; x_wconf 85' lang='lat' dir='ltr'>nec</span> <span class='ocrx_word' id='word_1_516' title='bbox 1537 3335 1617 3400; x_wconf 87' lang='lat' dir='ltr'>haec</span> <span class='ocrx_word' id='word_1_517' title='bbox 1635 3336 1751 3400; x_wconf 86' lang='lat' dir='ltr'>saltem</span> <span class='ocrx_word' id='word_1_518' title='bbox 1768 3336 1976 3418; x_wconf 89' lang='lat' dir='ltr'>portiuncula</span> <span class='ocrx_word' id='word_1_519' title='bbox 1997 3334 2037 3399; x_wconf 92' lang='lat' dir='ltr'>de</span> <span class='ocrx_word' id='word_1_520' title='bbox 2059 3337 2129 3400; x_wconf 91' lang='lat' dir='ltr'>eius</span> <span class='ocrx_word' id='word_1_521' title='bbox 2147 3336 2246 3402; x_wconf 89' lang='lat' dir='ltr'>laude</span> 
     </span>
     <span class='ocr_line' id='line_1_36' title="bbox 237 3417 2245 3505; baseline 0.003 -23"><span class='ocrx_word' id='word_1_522' title='bbox 237 3418 391 3482; x_wconf 88' lang='lat' dir='ltr'>effectum</span> <span class='ocrx_word' id='word_1_523' title='bbox 419 3438 521 3499; x_wconf 91' lang='lat' dir='ltr'>usque</span> <span class='ocrx_word' id='word_1_524' title='bbox 549 3417 778 3484; x_wconf 89' lang='lat' dir='ltr'>administrari.</span> <span class='ocrx_word' id='word_1_525' title='bbox 834 3419 1005 3503; x_wconf 84' lang='lat' dir='ltr'>Siquidem</span> <span class='ocrx_word' id='word_1_526' title='bbox 1031 3442 1091 3487; x_wconf 91' lang='lat' dir='ltr'>nec</span> <span class='ocrx_word' id='word_1_527' title='bbox 1122 3421 1217 3485; x_wconf 87' lang='lat' dir='ltr'>aliter</span> <span class='ocrx_word' id='word_1_528' title='bbox 1268 3421 1472 3504; x_wconf 86' lang='lat' dir='ltr'>decerpenda</span> <span class='ocrx_word' id='word_1_529' title='bbox 1496 3428 1575 3485; x_wconf 86' lang='lat' dir='ltr'>erat</span> <span class='ocrx_word' id='word_1_530' title='bbox 1618 3422 1710 3487; x_wconf 88' lang='lat' dir='ltr'>Haec</span> <span class='ocrx_word' id='word_1_531' title='bbox 1737 3429 1787 3487; x_wconf 91' lang='lat' dir='ltr'>est</span> <span class='ocrx_word' id='word_1_532' title='bbox 1813 3443 1891 3486; x_wconf 88' lang='lat' dir='ltr'>sane</span> <span class='ocrx_word' id='word_1_533' title='bbox 1913 3422 2091 3488; x_wconf 89' lang='lat' dir='ltr'>electorum</span> <span class='ocrx_word' id='word_1_534' title='bbox 2110 3443 2245 3505; x_wconf 89' lang='lat' dir='ltr'>praero-</span> 
     </span>
     <span class='ocr_line' id='line_1_37' title="bbox 238 3504 2244 3591; baseline 0.002 -23"><span class='ocrx_word' id='word_1_535' title='bbox 238 3509 387 3568; x_wconf 88' lang='lat' dir='ltr'>constare</span> <span class='ocrx_word' id='word_1_536' title='bbox 408 3510 518 3584; x_wconf 88' lang='lat' dir='ltr'>posset</span> <span class='ocrx_word' id='word_1_537' title='bbox 542 3504 626 3585; x_wconf 93' lang='lat' dir='ltr'>quod</span> <span class='ocrx_word' id='word_1_538' title='bbox 648 3505 725 3569; x_wconf 91' lang='lat' dir='ltr'>alibi</span> <span class='ocrx_word' id='word_1_539' title='bbox 748 3505 840 3571; x_wconf 92' lang='lat' dir='ltr'>docet</span> <span class='ocrx_word' id='word_1_540' title='bbox 862 3506 895 3590; x_wconf 86' lang='lat' dir='ltr'>(l</span> <span class='ocrx_word' id='word_1_541' title='bbox 911 3505 984 3571; x_wconf 82' lang='lat' dir='ltr'>(lor.</span> <span class='ocrx_word' id='word_1_542' title='bbox 1007 3511 1055 3584; x_wconf 86' lang='lat'>12,</span> <span class='ocrx_word' id='word_1_543' title='bbox 1068 3510 1119 3591; x_wconf 92' lang='grc'>6),</span> <span class='ocrx_word' id='word_1_544' title='bbox 1143 3509 1215 3570; x_wconf 90' lang='lat' dir='ltr'>uni·</span> <span class='ocrx_word' id='word_1_545' title='bbox 1268 3509 1393 3591; x_wconf 85' lang='lat' dir='ltr'>gativa,</span> <span class='ocrx_word' id='word_1_546' title='bbox 1415 3517 1454 3572; x_wconf 89' lang='lat' dir='ltr'>ut</span> <span class='ocrx_word' id='word_1_547' title='bbox 1474 3529 1533 3589; x_wconf 92' lang='lat' dir='ltr'>per</span> <span class='ocrx_word' id='word_1_548' title='bbox 1553 3508 1705 3590; x_wconf 89' lang='lat' dir='ltr'>spiritum</span> <span class='ocrx_word' id='word_1_549' title='bbox 1727 3509 1792 3572; x_wconf 91' lang='lat' dir='ltr'>Dei</span> <span class='ocrx_word' id='word_1_550' title='bbox 1812 3510 1996 3591; x_wconf 86' lang='lat' dir='ltr'>regenerati</span> <span class='ocrx_word' id='word_1_551' title='bbox 2017 3509 2121 3591; x_wconf 89' lang='lat' dir='ltr'>ipsius</span> <span class='ocrx_word' id='word_1_552' title='bbox 2145 3510 2244 3574; x_wconf 85' lang='lat' dir='ltr'>ductu</span> 
     </span>
     <span class='ocr_line' id='line_1_38' title="bbox 238 3589 2243 3678; baseline 0.002 -25"><span class='ocrx_word' id='word_1_553' title='bbox 238 3609 314 3653; x_wconf 90' lang='lat' dir='ltr'>cum</span> <span class='ocrx_word' id='word_1_554' title='bbox 337 3609 407 3652; x_wconf 91' lang='lat' dir='ltr'>esse</span> <span class='ocrx_word' id='word_1_555' title='bbox 429 3589 541 3651; x_wconf 90' lang='lat' dir='ltr'>Deum</span> <span class='ocrx_word' id='word_1_556' title='bbox 567 3590 622 3670; x_wconf 91' lang='lat' dir='ltr'>qui</span> <span class='ocrx_word' id='word_1_557' title='bbox 652 3591 750 3656; x_wconf 89' lang='lat' dir='ltr'>efficit</span> <span class='ocrx_word' id='word_1_558' title='bbox 778 3594 885 3655; x_wconf 89' lang='lat' dir='ltr'>omnia</span> <span class='ocrx_word' id='word_1_559' title='bbox 913 3593 948 3659; x_wconf 93' lang='lat' dir='ltr'>in</span> <span class='ocrx_word' id='word_1_560' title='bbox 968 3594 1133 3670; x_wconf 90' lang='lat' dir='ltr'>omnibus,</span> <span class='ocrx_word' id='word_1_561' title='bbox 1162 3594 1217 3657; x_wconf 84' lang='lat' dir='ltr'>abi</span> <span class='ocrx_word' id='word_1_562' title='bbox 1268 3601 1409 3678; x_wconf 86' lang='lat' dir='ltr'>agantur</span> <span class='ocrx_word' id='word_1_563' title='bbox 1426 3615 1463 3658; x_wconf 90' lang='lat' dir='ltr'>ac</span> <span class='ocrx_word' id='word_1_564' title='bbox 1481 3592 1711 3677; x_wconf 84' lang='lat' dir='ltr'>gubernentur.</span> <span class='ocrx_word' id='word_1_565' title='bbox 1756 3595 1858 3675; x_wconf 74' lang='lat' dir='ltr'>Quare</span> <span class='ocrx_word' id='word_1_566' title='bbox 1880 3596 1988 3660; x_wconf 71' lang='lat' dir='ltr'>nerim</span> <span class='ocrx_word' id='word_1_567' title='bbox 2005 3594 2243 3678; x_wconf 69' lang='grc' dir='ltr'>116966τὶ6663)</span> 
     </span>
     <span class='ocr_line' id='line_1_39' title="bbox 237 3675 2245 3761; baseline 0.002 -23"><span class='ocrx_word' id='word_1_568' title='bbox 237 3678 334 3738; x_wconf 86' lang='lat' dir='ltr'>totum</span> <span class='ocrx_word' id='word_1_569' title='bbox 362 3675 543 3755; x_wconf 72' lang='lat' dir='ltr'>spintoalis</span> <span class='ocrx_word' id='word_1_570' title='bbox 570 3676 653 3739; x_wconf 85' lang='lat' dir='ltr'>citae</span> <span class='ocrx_word' id='word_1_571' title='bbox 679 3696 805 3741; x_wconf 72' lang='lat' dir='ltr'>earnem</span> <span class='ocrx_word' id='word_1_572' title='bbox 832 3678 1043 3759; x_wconf 72' lang='lat' dir='ltr'>comprehendi</span> <span class='ocrx_word' id='word_1_573' title='bbox 1066 3685 1138 3744; x_wconf 87' lang='lat' dir='ltr'>ante</span> <span class='ocrx_word' id='word_1_574' title='bbox 1165 3680 1217 3743; x_wconf 79' lang='lat' dir='ltr'>alo</span> <span class='ocrx_word' id='word_1_575' title='bbox 1241 3718 1243 3731; x_wconf 87' lang='lat'>·</span> <span class='ocrx_word' id='word_1_576' title='bbox 1267 3686 1333 3744; x_wconf 88' lang='lat' dir='ltr'>tam</span> <span class='ocrx_word' id='word_1_577' title='bbox 1353 3700 1403 3744; x_wconf 85' lang='lat' dir='ltr'>eos</span> <span class='ocrx_word' id='word_1_578' title='bbox 1424 3680 1555 3757; x_wconf 81' lang='lat' dir='ltr'>deridet,</span> <span class='ocrx_word' id='word_1_579' title='bbox 1583 3681 1639 3759; x_wconf 78' lang='lat' dir='ltr'>qui</span> <span class='ocrx_word' id='word_1_580' title='bbox 1660 3680 1788 3760; x_wconf 71' lang='grc'>6116663</span> <span class='ocrx_word' id='word_1_581' title='bbox 1809 3682 2056 3761; x_wconf 61' lang='lat' dir='ltr'>comminantes</span> <span class='ocrx_word' id='word_1_582' title='bbox 2075 3682 2137 3745; x_wconf 80' lang='lat' dir='ltr'>sibi</span> <span class='ocrx_word' id='word_1_583' title='bbox 2158 3700 2245 3744; x_wconf 81' lang='lat' dir='ltr'>arro</span> 
     </span>
     <span class='ocr_line' id='line_1_40' title="bbox 236 3760 2246 3852; baseline 0.002 -28"><span class='ocrx_word' id='word_1_584' title='bbox 236 3760 368 3824; x_wconf 84' lang='grc'>6611663.</span> <span class='ocrx_word' id='word_1_585' title='bbox 416 3760 485 3840; x_wconf 78' lang='lat' dir='ltr'>Qna</span> <span class='ocrx_word' id='word_1_586' title='bbox 506 3761 763 3852; x_wconf 67' lang='lat' dir='ltr'>rationeDooirl,</span> <span class='ocrx_word' id='word_1_587' title='bbox 782 3769 950 3845; x_wconf 78' lang='lat' dir='ltr'>postquam</span> <span class='ocrx_word' id='word_1_588' title='bbox 973 3765 1044 3829; x_wconf 85' lang='lat' dir='ltr'>cias</span> <span class='ocrx_word' id='word_1_589' title='bbox 1066 3765 1130 3830; x_wconf 87' lang='lat' dir='ltr'>Dei</span> <span class='ocrx_word' id='word_1_590' title='bbox 1152 3765 1214 3830; x_wconf 84' lang='lat' dir='ltr'>sibi</span> <span class='ocrx_word' id='word_1_591' title='bbox 1266 3771 1350 3849; x_wconf 73' lang='lat' dir='ltr'>gant,</span> <span class='ocrx_word' id='word_1_592' title='bbox 1371 3787 1465 3846; x_wconf 80' lang='lat' dir='ltr'>qnam</span> <span class='ocrx_word' id='word_1_593' title='bbox 1476 3764 1672 3846; x_wconf 65' lang='lat' dir='ltr'>reprehendit</span> <span class='ocrx_word' id='word_1_594' title='bbox 1682 3767 1826 3848; x_wconf 74' lang='grc'>61163661</span> <span class='ocrx_word' id='word_1_595' title='bbox 1840 3772 1956 3847; x_wconf 67' lang='lat' dir='ltr'>noant</span> <span class='ocrx_word' id='word_1_596' title='bbox 1972 3769 2149 3848; x_wconf 66' lang='lat' dir='ltr'>promiscue</span> <span class='ocrx_word' id='word_1_597' title='bbox 2170 3767 2246 3829; x_wconf 84' lang='lat' dir='ltr'>dari</span> 
     </span>
     <span class='ocr_line' id='line_1_41' title="bbox 232 3845 2246 3935; baseline 0.003 -27"><span class='ocrx_word' id='word_1_598' title='bbox 232 3845 376 3928; x_wconf 76' lang='lat' dir='ltr'>patelieri</span> <span class='ocrx_word' id='word_1_599' title='bbox 391 3851 539 3925; x_wconf 75' lang='lat' dir='ltr'>precatm</span> <span class='ocrx_word' id='word_1_600' title='bbox 560 3851 613 3925; x_wconf 87' lang='lat' dir='ltr'>est,</span> <span class='ocrx_word' id='word_1_601' title='bbox 636 3849 880 3913; x_wconf 64' lang='lat' dir='ltr'>mandatelis</span> <span class='ocrx_word' id='word_1_602' title='bbox 902 3852 972 3914; x_wconf 81' lang='grc'>6166</span> <span class='ocrx_word' id='word_1_603' title='bbox 987 3853 1123 3930; x_wconf 85' lang='lat' dir='ltr'>acritate,</span> <span class='ocrx_word' id='word_1_604' title='bbox 1146 3871 1217 3915; x_wconf 79' lang='lat' dir='ltr'>orca</span> <span class='ocrx_word' id='word_1_605' title='bbox 1269 3852 1411 3918; x_wconf 76' lang='grc'>66161666</span> <span class='ocrx_word' id='word_1_606' title='bbox 1438 3852 1519 3932; x_wconf 84' lang='lat' dir='ltr'>qnod</span> <span class='ocrx_word' id='word_1_607' title='bbox 1544 3851 1677 3932; x_wconf 78' lang='lat' dir='ltr'>spmiale</span> <span class='ocrx_word' id='word_1_608' title='bbox 1699 3858 1743 3916; x_wconf 84' lang='lat' dir='ltr'>est</span> <span class='ocrx_word' id='word_1_609' title='bbox 1762 3855 1918 3935; x_wconf 71' lang='grc'>9111661166</span> <span class='ocrx_word' id='word_1_610' title='bbox 1939 3853 2095 3917; x_wconf 77' lang='lat' dir='ltr'>electionis</span> <span class='ocrx_word' id='word_1_611' title='bbox 2115 3853 2246 3917; x_wconf 79' lang='lat' dir='ltr'>testimo</span> 
     </span>
     <span class='ocr_line' id='line_1_42' title="bbox 236 3931 2248 4018; baseline 0.003 -23"><span class='ocrx_word' id='word_1_612' title='bbox 236 3932 382 4013; x_wconf 68' lang='grc'>66166611</span> <span class='ocrx_word' id='word_1_613' title='bbox 400 3931 501 4014; x_wconf 89' lang='lat' dir='ltr'>(Psal.</span> <span class='ocrx_word' id='word_1_614' title='bbox 516 3936 566 4008; x_wconf 84' lang='lat'>86,</span> <span class='ocrx_word' id='word_1_615' title='bbox 588 3932 652 4016; x_wconf 88' lang='lat' dir='ltr'>ll),</span> <span class='ocrx_word' id='word_1_616' title='bbox 675 3936 770 3998; x_wconf 69' lang='lat' dir='ltr'>ronias</span> <span class='ocrx_word' id='word_1_617' title='bbox 791 3955 843 4000; x_wconf 85' lang='lat' dir='ltr'>eor</span> <span class='ocrx_word' id='word_1_618' title='bbox 862 3956 965 4000; x_wconf 86' lang='lat' dir='ltr'>meum</span> <span class='ocrx_word' id='word_1_619' title='bbox 987 3938 1029 4002; x_wconf 84' lang='lat' dir='ltr'>ad</span> <span class='ocrx_word' id='word_1_620' title='bbox 1046 3938 1216 4001; x_wconf 81' lang='lat' dir='ltr'>timendam</span> <span class='ocrx_word' id='word_1_621' title='bbox 1268 3938 1365 4001; x_wconf 79' lang='lat' dir='ltr'>niam.</span> <span class='ocrx_word' id='word_1_622' title='bbox 1412 3936 1606 4015; x_wconf 79' lang='grc'>0666661116,</span> <span class='ocrx_word' id='word_1_623' title='bbox 1636 3939 1754 4018; x_wconf 82' lang='lat' dir='ltr'>inquit,</span> <span class='ocrx_word' id='word_1_624' title='bbox 1783 3937 1924 4003; x_wconf 80' lang='grc'>61661663</span> <span class='ocrx_word' id='word_1_625' title='bbox 1949 3944 1994 4002; x_wconf 88' lang='grc'>631</span> <span class='ocrx_word' id='word_1_626' title='bbox 2020 3944 2151 4016; x_wconf 75' lang='lat' dir='ltr'>aalma,</span> <span class='ocrx_word' id='word_1_627' title='bbox 2185 3959 2248 4003; x_wconf 87' lang='lat' dir='ltr'>non</span> 
     </span>
     <span class='ocr_line' id='line_1_43' title="bbox 236 4017 2248 4106; baseline 0.005 -27"><span class='ocrx_word' id='word_1_628' title='bbox 236 4036 346 4080; x_wconf 75' lang='lat' dir='ltr'>nonen</span> <span class='ocrx_word' id='word_1_629' title='bbox 367 4021 463 4080; x_wconf 81' lang='grc'>16661.</span> <span class='ocrx_word' id='word_1_630' title='bbox 494 4017 613 4098; x_wconf 66' lang='grc'>01111163</span> <span class='ocrx_word' id='word_1_631' title='bbox 633 4019 734 4085; x_wconf 77' lang='lat' dir='ltr'>verbis</span> <span class='ocrx_word' id='word_1_632' title='bbox 754 4021 917 4104; x_wconf 67' lang='lat' dir='ltr'>significat,</span> <span class='ocrx_word' id='word_1_633' title='bbox 940 4024 1033 4087; x_wconf 81' lang='grc'>111616</span> <span class='ocrx_word' id='word_1_634' title='bbox 1050 4025 1105 4105; x_wconf 83' lang='lat' dir='ltr'>qui</span> <span class='ocrx_word' id='word_1_635' title='bbox 1120 4022 1217 4104; x_wconf 80' lang='lat' dir='ltr'>probe</span> <span class='ocrx_word' id='word_1_636' title='bbox 1266 4023 1388 4105; x_wconf 64' lang='lat' dir='ltr'>pratia·</span> <span class='ocrx_word' id='word_1_637' title='bbox 1411 4024 1543 4086; x_wconf 78' lang='lat' dir='ltr'>vitre-mn</span> <span class='ocrx_word' id='word_1_638' title='bbox 1565 4043 1693 4087; x_wconf 82' lang='grc'>6661666</span> <span class='ocrx_word' id='word_1_639' title='bbox 1713 4025 1878 4106; x_wconf 79' lang='lat' dir='ltr'>appellans</span> <span class='ocrx_word' id='word_1_640' title='bbox 1898 4025 1979 4104; x_wconf 81' lang='lat' dir='ltr'>qaod</span> <span class='ocrx_word' id='word_1_641' title='bbox 2000 4046 2088 4089; x_wconf 87' lang='lat' dir='ltr'>mera</span> <span class='ocrx_word' id='word_1_642' title='bbox 2109 4027 2248 4090; x_wconf 65' lang='lat' dir='ltr'>cantate</span> 
     </span>
     <span class='ocr_line' id='line_1_44' title="bbox 237 4102 2248 4193; baseline 0.004 -27"><span class='ocrx_word' id='word_1_643' title='bbox 237 4102 340 4183; x_wconf 70' lang='lat' dir='ltr'>alfedi</span> <span class='ocrx_word' id='word_1_644' title='bbox 361 4107 448 4180; x_wconf 85' lang='grc'>3666,</span> <span class='ocrx_word' id='word_1_645' title='bbox 476 4108 519 4167; x_wconf 93' lang='lat' dir='ltr'>tot</span> <span class='ocrx_word' id='word_1_646' title='bbox 540 4124 606 4168; x_wconf 82' lang='lat' dir='ltr'>esee</span> <span class='ocrx_word' id='word_1_647' title='bbox 627 4106 882 4171; x_wconf 67' lang='lat' dir='ltr'>distractionibus</span> <span class='ocrx_word' id='word_1_648' title='bbox 904 4109 1048 4173; x_wconf 74' lang='grc'>61666163</span> <span class='ocrx_word' id='word_1_649' title='bbox 1068 4115 1102 4172; x_wconf 82' lang='grc'>61</span> <span class='ocrx_word' id='word_1_650' title='bbox 1122 4108 1217 4188; x_wconf 75' lang='lat' dir='ltr'>facile</span> <span class='ocrx_word' id='word_1_651' title='bbox 1268 4109 1420 4190; x_wconf 69' lang='lat' dir='ltr'>spondet,</span> <span class='ocrx_word' id='word_1_652' title='bbox 1453 4107 1507 4171; x_wconf 85' lang='lat' dir='ltr'>nbi</span> <span class='ocrx_word' id='word_1_653' title='bbox 1534 4110 1577 4173; x_wconf 81' lang='lat' dir='ltr'>od</span> <span class='ocrx_word' id='word_1_654' title='bbox 1602 4129 1706 4173; x_wconf 81' lang='grc'>6161163</span> <span class='ocrx_word' id='word_1_655' title='bbox 1729 4112 1915 4193; x_wconf 71' lang='lat' dir='ltr'>generaliter</span> <span class='ocrx_word' id='word_1_656' title='bbox 1942 4111 2132 4189; x_wconf 73' lang='grc'>6616661166,</span> <span class='ocrx_word' id='word_1_657' title='bbox 2166 4110 2248 4192; x_wconf 84' lang='lat' dir='ltr'>qnod</span> 
     </span>
     <span class='ocr_line' id='line_1_45' title="bbox 237 4189 2248 4278; baseline 0.004 -26"><span class='ocrx_word' id='word_1_658' title='bbox 237 4193 420 4252; x_wconf 83' lang='lat' dir='ltr'>evanescant</span> <span class='ocrx_word' id='word_1_659' title='bbox 440 4189 488 4252; x_wconf 84' lang='lat' dir='ltr'>cel</span> <span class='ocrx_word' id='word_1_660' title='bbox 509 4190 646 4270; x_wconf 65' lang='lat' dir='ltr'>effluant,</span> <span class='ocrx_word' id='word_1_661' title='bbox 669 4192 736 4258; x_wconf 79' lang='grc'>6161</span> <span class='ocrx_word' id='word_1_662' title='bbox 755 4192 800 4257; x_wconf 81' lang='lat' dir='ltr'>ad</span> <span class='ocrx_word' id='word_1_663' title='bbox 819 4196 1023 4258; x_wconf 75' lang='lat' dir='ltr'>mactantiam</span> <span class='ocrx_word' id='word_1_664' title='bbox 1042 4194 1215 4274; x_wconf 73' lang='lat' dir='ltr'>ftrmerrtnr.</span> <span class='ocrx_word' id='word_1_665' title='bbox 1269 4194 1359 4258; x_wconf 78' lang='lat' dir='ltr'>Dens</span> <span class='ocrx_word' id='word_1_666' title='bbox 1380 4194 1492 4274; x_wconf 77' lang='lat' dir='ltr'>quidus</span> <span class='ocrx_word' id='word_1_667' title='bbox 1512 4195 1577 4258; x_wconf 81' lang='lat' dir='ltr'>ordt</span> <span class='ocrx_word' id='word_1_668' title='bbox 1596 4195 1717 4276; x_wconf 69' lang='lat' dir='ltr'>certet.</span> <span class='ocrx_word' id='word_1_669' title='bbox 1761 4197 1851 4261; x_wconf 82' lang='lat' dir='ltr'>Alibi</span> <span class='ocrx_word' id='word_1_670' title='bbox 1878 4202 1995 4261; x_wconf 77' lang='lat' dir='ltr'>arten:</span> <span class='ocrx_word' id='word_1_671' title='bbox 2026 4197 2175 4278; x_wconf 80' lang='lat' dir='ltr'>qnornodo</span> <span class='ocrx_word' id='word_1_672' title='bbox 2197 4217 2248 4261; x_wconf 87' lang='lat' dir='ltr'>oe-</span> 
     </span>
     <span class='ocr_line' id='line_1_46' title="bbox 240 4273 2248 4365; baseline 0.004 -27"><span class='ocrx_word' id='word_1_673' title='bbox 240 4273 309 4354; x_wconf 80' lang='lat' dir='ltr'>Qna</span> <span class='ocrx_word' id='word_1_674' title='bbox 332 4274 452 4338; x_wconf 87' lang='lat' dir='ltr'>ratione</span> <span class='ocrx_word' id='word_1_675' title='bbox 469 4274 560 4354; x_wconf 84' lang='lat' dir='ltr'>alibi,</span> <span class='ocrx_word' id='word_1_676' title='bbox 576 4281 744 4358; x_wconf 78' lang='lat' dir='ltr'>postquam</span> <span class='ocrx_word' id='word_1_677' title='bbox 755 4299 966 4361; x_wconf 68' lang='grc'>9166666661</span> <span class='ocrx_word' id='word_1_678' title='bbox 978 4280 1077 4362; x_wconf 76' lang='lat' dir='ltr'>diripi</span> <span class='ocrx_word' id='word_1_679' title='bbox 1094 4280 1137 4343; x_wconf 82' lang='lat' dir='ltr'>ad</span> <span class='ocrx_word' id='word_1_680' title='bbox 1154 4300 1217 4343; x_wconf 83' lang='lat' dir='ltr'>ser-</span> <span class='ocrx_word' id='word_1_681' title='bbox 1268 4279 1370 4343; x_wconf 80' lang='lat' dir='ltr'>nisti?</span> <span class='ocrx_word' id='word_1_682' title='bbox 1399 4281 1561 4346; x_wconf 79' lang='lat' dir='ltr'>credendo.-</span> <span class='ocrx_word' id='word_1_683' title='bbox 1587 4283 1661 4346; x_wconf 87' lang='lat' dir='ltr'>time</span> <span class='ocrx_word' id='word_1_684' title='bbox 1688 4302 1739 4362; x_wconf 88' lang='lat' dir='ltr'>ne,</span> <span class='ocrx_word' id='word_1_685' title='bbox 1765 4283 1922 4347; x_wconf 76' lang='grc'>66611161</span> <span class='ocrx_word' id='word_1_686' title='bbox 1941 4303 2075 4365; x_wconf 77' lang='lat' dir='ltr'>arropas</span> <span class='ocrx_word' id='word_1_687' title='bbox 2096 4283 2178 4364; x_wconf 84' lang='lat' dir='ltr'>qaod</span> <span class='ocrx_word' id='word_1_688' title='bbox 2199 4285 2248 4346; x_wconf 84' lang='lat' dir='ltr'>in-</span> 
     </span>
     <span class='ocr_line' id='line_1_47' title="bbox 236 4359 2247 4448; baseline 0.005 -26"><span class='ocrx_word' id='word_1_689' title='bbox 236 4359 376 4424; x_wconf 77' lang='lat' dir='ltr'>trandam</span> <span class='ocrx_word' id='word_1_690' title='bbox 394 4359 458 4424; x_wconf 89' lang='lat' dir='ltr'>Dei</span> <span class='ocrx_word' id='word_1_691' title='bbox 480 4381 650 4425; x_wconf 83' lang='lat' dir='ltr'>sermonem</span> <span class='ocrx_word' id='word_1_692' title='bbox 668 4369 815 4444; x_wconf 81' lang='lat' dir='ltr'>precatae</span> <span class='ocrx_word' id='word_1_693' title='bbox 836 4371 894 4443; x_wconf 84' lang='lat' dir='ltr'>est,</span> <span class='ocrx_word' id='word_1_694' title='bbox 917 4367 1011 4430; x_wconf 85' lang='lat' dir='ltr'>robor</span> <span class='ocrx_word' id='word_1_695' title='bbox 1032 4385 1152 4447; x_wconf 79' lang='lat' dir='ltr'>qnoque</span> <span class='ocrx_word' id='word_1_696' title='bbox 1173 4367 1217 4431; x_wconf 87' lang='lat' dir='ltr'>ad</span> <span class='ocrx_word' id='word_1_697' title='bbox 1268 4370 1358 4429; x_wconf 81' lang='lat' dir='ltr'>centa</span> <span class='ocrx_word' id='word_1_698' title='bbox 1381 4368 1424 4429; x_wconf 83' lang='lat' dir='ltr'>sit</span> <span class='ocrx_word' id='word_1_699' title='bbox 1450 4384 1471 4430; x_wconf 89' lang='lat' dir='ltr'>o</span> <span class='ocrx_word' id='word_1_700' title='bbox 1492 4372 1520 4429; x_wconf 88' lang='lat' dir='ltr'>te</span> <span class='ocrx_word' id='word_1_701' title='bbox 1540 4368 1595 4431; x_wconf 85' lang='lat' dir='ltr'>eia</span> <span class='ocrx_word' id='word_1_702' title='bbox 1616 4369 1717 4447; x_wconf 83' lang='lat' dir='ltr'>insta,</span> <span class='ocrx_word' id='word_1_703' title='bbox 1741 4388 1856 4448; x_wconf 83' lang='lat' dir='ltr'>pereas</span> <span class='ocrx_word' id='word_1_704' title='bbox 1877 4369 1915 4433; x_wconf 87' lang='lat' dir='ltr'>de</span> <span class='ocrx_word' id='word_1_705' title='bbox 1936 4371 1991 4433; x_wconf 87' lang='lat' dir='ltr'>oio</span> <span class='ocrx_word' id='word_1_706' title='bbox 2013 4369 2107 4434; x_wconf 79' lang='lat' dir='ltr'>insta.</span> <span class='ocrx_word' id='word_1_707' title='bbox 2161 4368 2247 4447; x_wconf 85' lang='lat' dir='ltr'>Veni,</span> 
     </span>
     <span class='ocr_line' id='line_1_48' title="bbox 235 4444 2249 4537; baseline 0.004 -27"><span class='ocrx_word' id='word_1_708' title='bbox 235 4444 413 4510; x_wconf 81' lang='lat' dir='ltr'>bellandam</span> <span class='ocrx_word' id='word_1_709' title='bbox 444 4447 505 4510; x_wconf 83' lang='lat' dir='ltr'>sibi</span> <span class='ocrx_word' id='word_1_710' title='bbox 525 4448 599 4511; x_wconf 88' lang='lat' dir='ltr'>dari</span> <span class='ocrx_word' id='word_1_711' title='bbox 616 4450 755 4530; x_wconf 81' lang='lat' dir='ltr'>postulat</span> <span class='ocrx_word' id='word_1_712' title='bbox 778 4449 868 4534; x_wconf 91' lang='lat' dir='ltr'>(ibid.</span> <span class='ocrx_word' id='word_1_713' title='bbox 891 4455 960 4528; x_wconf 87' lang='grc'>119,</span> <span class='ocrx_word' id='word_1_714' title='bbox 984 4453 1076 4534; x_wconf 89' lang='grc'>133).·</span> <span class='ocrx_word' id='word_1_715' title='bbox 1105 4473 1143 4516; x_wconf 86' lang='grc'>66</span> <span class='ocrx_word' id='word_1_716' title='bbox 1164 4455 1217 4519; x_wconf 81' lang='lat' dir='ltr'>do</span> <span class='ocrx_word' id='word_1_717' title='bbox 1267 4452 1390 4531; x_wconf 76' lang='lat' dir='ltr'>inquis,</span> <span class='ocrx_word' id='word_1_718' title='bbox 1413 4452 1507 4516; x_wconf 78' lang='lat' dir='ltr'>libero</span> <span class='ocrx_word' id='word_1_719' title='bbox 1529 4454 1678 4533; x_wconf 82' lang='lat' dir='ltr'>arbitrio;</span> <span class='ocrx_word' id='word_1_720' title='bbox 1704 4456 1858 4519; x_wconf 81' lang='grc'>6616111616</span> <span class='ocrx_word' id='word_1_721' title='bbox 1879 4456 2017 4537; x_wconf 77' lang='lat' dir='ltr'>propria</span> <span class='ocrx_word' id='word_1_722' title='bbox 2039 4457 2117 4521; x_wconf 78' lang='lat' dir='ltr'>oeni</span> <span class='ocrx_word' id='word_1_723' title='bbox 2165 4454 2249 4535; x_wconf 69' lang='lat' dir='ltr'>Quia</span> 
     </span>
     <span class='ocr_line' id='line_1_49' title="bbox 235 4532 2250 4621; baseline 0.004 -27"><span class='ocrx_word' id='word_1_724' title='bbox 235 4532 380 4610; x_wconf 79' lang='lat' dir='ltr'>minetur,</span> <span class='ocrx_word' id='word_1_725' title='bbox 402 4533 514 4614; x_wconf 78' lang='lat' dir='ltr'>inquit,</span> <span class='ocrx_word' id='word_1_726' title='bbox 536 4533 615 4598; x_wconf 83' lang='lat' dir='ltr'>mili</span> <span class='ocrx_word' id='word_1_727' title='bbox 636 4535 704 4598; x_wconf 84' lang='grc'>6116</span> <span class='ocrx_word' id='word_1_728' title='bbox 725 4536 886 4617; x_wconf 81' lang='lat' dir='ltr'>iniquitas.</span> <span class='ocrx_word' id='word_1_729' title='bbox 927 4537 1027 4602; x_wconf 93' lang='lat' dir='ltr'>Hunc</span> <span class='ocrx_word' id='word_1_730' title='bbox 1048 4538 1159 4620; x_wconf 85' lang='lat' dir='ltr'>itaque</span> <span class='ocrx_word' id='word_1_731' title='bbox 1181 4540 1216 4603; x_wconf 89' lang='lat' dir='ltr'>in</span> <span class='ocrx_word' id='word_1_732' title='bbox 1267 4538 1443 4619; x_wconf 76' lang='lat' dir='ltr'>torpescis?</span> <span class='ocrx_word' id='word_1_733' title='bbox 1470 4540 1519 4602; x_wconf 84' lang='lat' dir='ltr'>oie</span> <span class='ocrx_word' id='word_1_734' title='bbox 1546 4559 1635 4604; x_wconf 75' lang='lat' dir='ltr'>orosae</span> <span class='ocrx_word' id='word_1_735' title='bbox 1661 4541 1741 4618; x_wconf 81' lang='lat' dir='ltr'>qnod</span> <span class='ocrx_word' id='word_1_736' title='bbox 1768 4544 1797 4603; x_wconf 90' lang='lat' dir='ltr'>et</span> <span class='ocrx_word' id='word_1_737' title='bbox 1823 4539 1877 4603; x_wconf 80' lang='lat' dir='ltr'>boc</span> <span class='ocrx_word' id='word_1_738' title='bbox 1893 4543 2082 4621; x_wconf 79' lang='lat' dir='ltr'>praestitam</span> <span class='ocrx_word' id='word_1_739' title='bbox 2102 4541 2250 4606; x_wconf 75' lang='lat' dir='ltr'>esttibi?</span> 
     </span>
     <span class='ocr_line' id='line_1_50' title="bbox 235 4617 2250 4708; baseline 0.003 -27"><span class='ocrx_word' id='word_1_740' title='bbox 235 4617 371 4681; x_wconf 92' lang='lat' dir='ltr'>modum</span> <span class='ocrx_word' id='word_1_741' title='bbox 392 4625 425 4683; x_wconf 89' lang='lat' dir='ltr'>et</span> <span class='ocrx_word' id='word_1_742' title='bbox 446 4619 580 4685; x_wconf 90' lang='lat' dir='ltr'>inchoat</span> <span class='ocrx_word' id='word_1_743' title='bbox 607 4628 640 4684; x_wconf 96' lang='grc'>61</span> <span class='ocrx_word' id='word_1_744' title='bbox 661 4623 788 4702; x_wconf 90' lang='lat' dir='ltr'>perficit</span> <span class='ocrx_word' id='word_1_745' title='bbox 807 4623 969 4687; x_wconf 86' lang='lat' dir='ltr'>Dominus</span> <span class='ocrx_word' id='word_1_746' title='bbox 990 4624 1114 4688; x_wconf 91' lang='lat' dir='ltr'>bonum</span> <span class='ocrx_word' id='word_1_747' title='bbox 1135 4645 1216 4707; x_wconf 91' lang='lat' dir='ltr'>opus</span> <span class='ocrx_word' id='word_1_748' title='bbox 1268 4623 1373 4704; x_wconf 66' lang='grc'>166666</span> <span class='ocrx_word' id='word_1_749' title='bbox 1397 4626 1475 4689; x_wconf 85' lang='lat' dir='ltr'>andi</span> <span class='ocrx_word' id='word_1_750' title='bbox 1502 4631 1672 4690; x_wconf 83' lang='lat' dir='ltr'>vocantem:</span> <span class='ocrx_word' id='word_1_751' title='bbox 1699 4644 1785 4688; x_wconf 81' lang='grc'>66166</span> <span class='ocrx_word' id='word_1_752' title='bbox 1813 4627 1895 4689; x_wconf 84' lang='lat' dir='ltr'>venit</span> <span class='ocrx_word' id='word_1_753' title='bbox 1916 4627 1959 4691; x_wconf 87' lang='lat' dir='ltr'>ad</span> <span class='ocrx_word' id='word_1_754' title='bbox 1979 4647 2043 4703; x_wconf 87' lang='lat' dir='ltr'>me,</span> <span class='ocrx_word' id='word_1_755' title='bbox 2072 4629 2139 4691; x_wconf 81' lang='lat' dir='ltr'>nisi</span> <span class='ocrx_word' id='word_1_756' title='bbox 2153 4630 2250 4708; x_wconf 78' lang='lat' dir='ltr'>pater</span> 
     </span>
     <span class='ocr_line' id='line_1_51' title="bbox 236 4703 2249 4792; baseline 0.004 -27"><span class='ocrx_word' id='word_1_757' title='bbox 236 4703 271 4766; x_wconf 91' lang='lat' dir='ltr'>in</span> <span class='ocrx_word' id='word_1_758' title='bbox 293 4703 386 4767; x_wconf 92' lang='lat' dir='ltr'>nobis</span> <span class='ocrx_word' id='word_1_759' title='bbox 393 4727 401 4782; x_wconf 82' lang='lat'><em>3</em></span> <span class='ocrx_word' id='word_1_760' title='bbox 431 4714 468 4768; x_wconf 92' lang='lat' dir='ltr'>ut</span> <span class='ocrx_word' id='word_1_761' title='bbox 494 4706 582 4771; x_wconf 89' lang='lat' dir='ltr'>illius</span> <span class='ocrx_word' id='word_1_762' title='bbox 611 4707 668 4785; x_wconf 85' lang='lat' dir='ltr'>sit,</span> <span class='ocrx_word' id='word_1_763' title='bbox 697 4708 782 4789; x_wconf 94' lang='lat' dir='ltr'>quod</span> <span class='ocrx_word' id='word_1_764' title='bbox 806 4710 886 4773; x_wconf 91' lang='grc'>16661</span> <span class='ocrx_word' id='word_1_765' title='bbox 909 4730 1054 4773; x_wconf 90' lang='lat' dir='ltr'>amorem</span> <span class='ocrx_word' id='word_1_766' title='bbox 1076 4712 1217 4792; x_wconf 88' lang='lat' dir='ltr'>concipit</span> <span class='ocrx_word' id='word_1_767' title='bbox 1267 4729 1355 4773; x_wconf 82' lang='lat' dir='ltr'>meas</span> <span class='ocrx_word' id='word_1_768' title='bbox 1374 4712 1507 4776; x_wconf 72' lang='lat' dir='ltr'>traxerit</span> <span class='ocrx_word' id='word_1_769' title='bbox 1527 4731 1605 4776; x_wconf 84' lang='lat' dir='ltr'>eum.</span> <span class='ocrx_word' id='word_1_770' title='bbox 1641 4708 1782 4773; x_wconf 75' lang='grc'>16666</span> <span class='ocrx_word' id='word_1_771' title='bbox 1803 4714 2044 4778; x_wconf 71' lang='grc' dir='ltr'>661111666νεί66</span> <span class='ocrx_word' id='word_1_772' title='bbox 2064 4713 2188 4777; x_wconf 66' lang='lat' dir='ltr'>onear</span> <span class='ocrx_word' id='word_1_773' title='bbox 2209 4731 2249 4774; x_wconf 79' lang='lat' dir='ltr'>ea</span> 
     </span>
     <span class='ocr_line' id='line_1_52' title="bbox 237 4787 2252 4879; baseline 0.005 -26"><span class='ocrx_word' id='word_1_774' title='bbox 237 4787 406 4863; x_wconf 84' lang='lat' dir='ltr'>voluntas,</span> <span class='ocrx_word' id='word_1_775' title='bbox 428 4789 514 4869; x_wconf 93' lang='lat' dir='ltr'>quod</span> <span class='ocrx_word' id='word_1_776' title='bbox 535 4791 570 4854; x_wconf 91' lang='lat' dir='ltr'>in</span> <span class='ocrx_word' id='word_1_777' title='bbox 593 4793 662 4856; x_wconf 89' lang='lat' dir='ltr'>eius</span> <span class='ocrx_word' id='word_1_778' title='bbox 685 4793 831 4858; x_wconf 89' lang='lat' dir='ltr'>studium</span> <span class='ocrx_word' id='word_1_779' title='bbox 852 4795 1043 4874; x_wconf 90' lang='lat' dir='ltr'>inclinatur,</span> <span class='ocrx_word' id='word_1_780' title='bbox 1066 4796 1152 4878; x_wconf 89' lang='lat' dir='ltr'>quod</span> <span class='ocrx_word' id='word_1_781' title='bbox 1174 4795 1216 4860; x_wconf 89' lang='lat' dir='ltr'>ad</span> <span class='ocrx_word' id='word_1_782' title='bbox 1269 4794 1402 4861; x_wconf 81' lang='lat' dir='ltr'>Ioannis</span> <span class='ocrx_word' id='word_1_783' title='bbox 1423 4796 1538 4875; x_wconf 73' lang='grc'>661111,</span> <span class='ocrx_word' id='word_1_784' title='bbox 1564 4798 1610 4860; x_wconf 86' lang='grc'>316</span> <span class='ocrx_word' id='word_1_785' title='bbox 1630 4793 1796 4875; x_wconf 73' lang='lat' dir='ltr'>efficaciter</span> <span class='ocrx_word' id='word_1_786' title='bbox 1815 4798 1988 4879; x_wconf 70' lang='grc'>9666611661</span> <span class='ocrx_word' id='word_1_787' title='bbox 2010 4800 2163 4863; x_wconf 72' lang='lat' dir='ltr'>dictatas</span> <span class='ocrx_word' id='word_1_788' title='bbox 2180 4798 2252 4878; x_wconf 80' lang='lat' dir='ltr'>pio·</span> 
     </span>
     <span class='ocr_line' id='line_1_53' title="bbox 238 4872 2251 4971; baseline 0.006 -35"><span class='ocrx_word' id='word_1_789' title='bbox 238 4873 308 4936; x_wconf 90' lang='lat' dir='ltr'>eius</span> <span class='ocrx_word' id='word_1_790' title='bbox 329 4872 475 4971; x_wconf 80' lang='lat' dir='ltr'>sectandi</span> <span class='ocrx_word' id='word_1_791' title='bbox 498 4885 652 4940; x_wconf 88' lang='lat' dir='ltr'>conatum</span> <span class='ocrx_word' id='word_1_792' title='bbox 673 4879 830 4945; x_wconf 88' lang='lat' dir='ltr'>incitatur</span> <span class='ocrx_word' id='word_1_793' title='bbox 851 4889 884 4945; x_wconf 93' lang='lat' dir='ltr'>et</span> <span class='ocrx_word' id='word_1_794' title='bbox 905 4890 1070 4962; x_wconf 87' lang='lat' dir='ltr'>movetur;</span> <span class='ocrx_word' id='word_1_795' title='bbox 1100 4881 1216 4947; x_wconf 88' lang='lat' dir='ltr'>deinde</span> <span class='ocrx_word' id='word_1_796' title='bbox 1268 4901 1342 4944; x_wconf 86' lang='lat' dir='ltr'>rum</span> <span class='ocrx_word' id='word_1_797' title='bbox 1369 4884 1477 4960; x_wconf 81' lang='lat' dir='ltr'>eorda,</span> <span class='ocrx_word' id='word_1_798' title='bbox 1509 4887 1544 4945; x_wconf 85' lang='lat' dir='ltr'>nt</span> <span class='ocrx_word' id='word_1_799' title='bbox 1570 4879 1735 4960; x_wconf 68' lang='lat' dir='ltr'>infiexibili</span> <span class='ocrx_word' id='word_1_800' title='bbox 1763 4882 1875 4962; x_wconf 79' lang='lat' dir='ltr'>affecta</span> <span class='ocrx_word' id='word_1_801' title='bbox 1902 4891 2081 4966; x_wconf 79' lang='lat' dir='ltr'>sequantur.</span> <span class='ocrx_word' id='word_1_802' title='bbox 2128 4884 2189 4966; x_wconf 76' lang='lat' dir='ltr'>Qni</span> <span class='ocrx_word' id='word_1_803' title='bbox 2211 4904 2251 4948; x_wconf 83' lang='lat' dir='ltr'>ea</span> 
     </span>
     <span class='ocr_line' id='line_1_54' title="bbox 239 4956 1217 5047; baseline 0.013 -28"><span class='ocrx_word' id='word_1_804' title='bbox 239 4956 325 5038; x_wconf 93' lang='lat' dir='ltr'>quod</span> <span class='ocrx_word' id='word_1_805' title='bbox 346 4956 469 5036; x_wconf 83' lang='lat' dir='ltr'>electro,</span> <span class='ocrx_word' id='word_1_806' title='bbox 493 4960 647 5041; x_wconf 88' lang='lat' dir='ltr'>studium,</span> <span class='ocrx_word' id='word_1_807' title='bbox 671 4973 805 5031; x_wconf 89' lang='lat' dir='ltr'>conatus</span> <span class='ocrx_word' id='word_1_808' title='bbox 827 4989 893 5030; x_wconf 92' lang='lat' dir='ltr'>non</span> <span class='ocrx_word' id='word_1_809' title='bbox 903 4968 1073 5047; x_wconf 77' lang='lat' dir='ltr'>fatiscunt,</span> <span class='ocrx_word' id='word_1_810' title='bbox 1097 4968 1155 5034; x_wconf 88' lang='lat' dir='ltr'>sed</span> <span class='ocrx_word' id='word_1_811' title='bbox 1174 4967 1217 5032; x_wconf 89' lang='lat' dir='ltr'>ad</span> 
     </span>
    </p>

    <p class='ocr_par' dir='ltr' id='par_1_3' title="bbox 238 5041 2251 5332">
     <span class='ocr_line' id='line_1_55' title="bbox 239 5041 1320 5141; baseline 0.018 -38"><span class='ocrx_word' id='word_1_812' title='bbox 239 5041 391 5141; x_wconf 82' lang='lat' dir='ltr'>effectum</span> <span class='ocrx_word' id='word_1_813' title='bbox 422 5064 526 5126; x_wconf 83' lang='lat' dir='ltr'>usque</span> <span class='ocrx_word' id='word_1_814' title='bbox 557 5048 753 5130; x_wconf 80' lang='lat' dir='ltr'>procedunt3</span> <span class='ocrx_word' id='word_1_815' title='bbox 788 5060 966 5135; x_wconf 88' lang='lat' dir='ltr'>postremo,</span> <span class='ocrx_word' id='word_1_816' title='bbox 1000 5053 1085 5136; x_wconf 90' lang='lat' dir='ltr'>quod</span> <span class='ocrx_word' id='word_1_817' title='bbox 1119 5055 1216 5120; x_wconf 92' lang='lat' dir='ltr'>homo</span> <span class='ocrx_word' id='word_1_818' title='bbox 1274 5057 1320 5061; x_wconf 74' lang='grc'>“’</span> 
     </span>
     <span class='ocr_line' id='line_1_56' title="bbox 238 5127 2251 5242; baseline 0 -17"><span class='ocrx_word' id='word_1_819' title='bbox 238 5150 274 5192; x_wconf 87' lang='grc'>111</span> <span class='ocrx_word' id='word_1_820' title='bbox 301 5127 366 5193; x_wconf 84' lang='lat' dir='ltr'>llhs</span> <span class='ocrx_word' id='word_1_821' title='bbox 393 5138 581 5196; x_wconf 58' lang='lat' dir='ltr'><strong>‘mmm&#39;</strong></span> <span class='ocrx_word' id='word_1_822' title='bbox 608 5136 731 5218; x_wconf 80' lang='lat' dir='ltr'>pergit,</span> <span class='ocrx_word' id='word_1_823' title='bbox 765 5144 799 5201; x_wconf 63' lang='lat' dir='ltr'>et</span> <span class='ocrx_word' id='word_1_824' title='bbox 816 5138 866 5236; x_wconf 63' lang='lat' dir='ltr'>,in</span> <span class='ocrx_word' id='word_1_825' title='bbox 894 5140 994 5204; x_wconf 66' lang='lat' dir='ltr'><strong>finem</strong></span> <span class='ocrx_word' id='word_1_826' title='bbox 1017 5162 1119 5226; x_wconf 61' lang='lat' dir='ltr'>usque</span> <span class='ocrx_word' id='word_1_827' title='bbox 1142 5163 1216 5225; x_wconf 70' lang='lat' dir='ltr'>Pffl&#39;·</span> <span class='ocrx_word' id='word_1_828' title='bbox 1339 5172 1368 5240; x_wconf 94' lang='grc'>1)</span> <span class='ocrx_word' id='word_1_829' title='bbox 1394 5170 1440 5224; x_wconf 83' lang='lat' dir='ltr'>Sic</span> <span class='ocrx_word' id='word_1_830' title='bbox 1457 5171 1523 5222; x_wconf 78' lang='lat' dir='ltr'>libri</span> <span class='ocrx_word' id='word_1_831' title='bbox 1544 5169 1611 5222; x_wconf 79' lang='lat' dir='ltr'>editi</span> <span class='ocrx_word' id='word_1_832' title='bbox 1627 5185 1725 5224; x_wconf 75' lang='lat' dir='ltr'>omnes.</span> <span class='ocrx_word' id='word_1_833' title='bbox 1763 5172 1850 5241; x_wconf 70' lang='lat' dir='ltr'>Lege:</span> <span class='ocrx_word' id='word_1_834' title='bbox 1868 5174 1945 5226; x_wconf 83' lang='lat' dir='ltr'>effici.</span> <span class='ocrx_word' id='word_1_835' title='bbox 1988 5175 2029 5240; x_wconf 82' lang='lat' dir='ltr'>Of.</span> <span class='ocrx_word' id='word_1_836' title='bbox 2053 5175 2081 5228; x_wconf 84' lang='lat' dir='ltr'>T.</span> <span class='ocrx_word' id='word_1_837' title='bbox 2103 5176 2127 5228; x_wconf 94' lang='lat'>1.</span> <span class='ocrx_word' id='word_1_838' title='bbox 2143 5192 2173 5242; x_wconf 78' lang='lat' dir='ltr'>p.</span> <span class='ocrx_word' id='word_1_839' title='bbox 2192 5173 2251 5228; x_wconf 79' lang='lat'>343.</span> 
     </span>
     <span class='ocr_line' id='line_1_57' title="bbox 241 5222 2251 5332; baseline 0.008 -54"><span class='ocrx_word' id='word_1_840' title='bbox 241 5222 379 5332; x_wconf 45' lang='grc'>66116181.</span> <span class='ocrx_word' id='word_1_841' title='bbox 1268 5236 1299 5304; x_wconf 73' lang='lat'>2)</span> <span class='ocrx_word' id='word_1_842' title='bbox 1318 5241 1391 5293; x_wconf 84' lang='lat' dir='ltr'>Libr.</span> <span class='ocrx_word' id='word_1_843' title='bbox 1411 5239 1445 5291; x_wconf 90' lang='lat' dir='ltr'>de</span> <span class='ocrx_word' id='word_1_844' title='bbox 1463 5238 1554 5306; x_wconf 81' lang='lat' dir='ltr'>praed.</span> <span class='ocrx_word' id='word_1_845' title='bbox 1574 5246 1657 5292; x_wconf 76' lang='lat' dir='ltr'>sanct</span> <span class='ocrx_word' id='word_1_846' title='bbox 1677 5256 1698 5292; x_wconf 91' lang='grc'>6.</span> <span class='ocrx_word' id='word_1_847' title='bbox 1710 5239 1735 5293; x_wconf 90' lang='grc'>8.</span> <span class='ocrx_word' id='word_1_848' title='bbox 1789 5241 1820 5310; x_wconf 84' lang='grc'>3)</span> <span class='ocrx_word' id='word_1_849' title='bbox 1838 5243 1878 5296; x_wconf 86' lang='lat' dir='ltr'>De</span> <span class='ocrx_word' id='word_1_850' title='bbox 1895 5243 1987 5296; x_wconf 73' lang='lat' dir='ltr'>verbis</span> <span class='ocrx_word' id='word_1_851' title='bbox 2006 5253 2092 5312; x_wconf 85' lang='lat' dir='ltr'>apost.</span> <span class='ocrx_word' id='word_1_852' title='bbox 2111 5261 2191 5298; x_wconf 86' lang='lat' dir='ltr'>serm</span> <span class='ocrx_word' id='word_1_853' title='bbox 2209 5243 2251 5296; x_wconf 94' lang='lat'>11.</span> 
     </span>
    </p>
   </div>
   <div class='ocr_carea' id='block_1_3' title="bbox 0 0 2347 5842">
    <p class='ocr_par' dir='ltr' id='par_1_4' title="bbox 0 0 2347 5842">
     <span class='ocr_line' id='line_1_58' title="bbox 0 0 2347 5842; baseline 0 0"><span class='ocrx_word' id='word_1_854' title='bbox 0 0 2347 5842; x_wconf 95' lang='lat' dir='ltr'> </span> 
     </span>
    </p>
   </div>
  </div>
 </body>
</html>
