4672 5842
122 331 183 393 781
474 272 566 395 11111.
585 327 647 392 IV.
690 326 754 392 DE
774 325 1013 394 mansula
1034 325 1285 392 11666666
1308 324 1538 393 SALUTEM.
1583 327 1770 394 66161.
2061 328 2122 392 782

123 515 312 579 missionem
341 522 554 596 peccatorum.
600 514 710 578 Antea
741 522 851 578 autem
884 514 1099 580 mandaverat
1150 514 1274 577 servari
1296 517 1511 580 communiter
1540 514 1650 593 debet,
1680 525 1717 579 ut
1745 517 1812 580 suis
1840 516 1976 597 quisque
2002 516 2124 582 finibus

19 671 22 678 ,
124 611 163 666 61
180 622 273 665 66616
289 599 437 685 symbola
454 601 597 681 corporis
616 607 650 663 61
666 600 837 682 sanguinis
855 600 907 664 sui
925 599 967 664 ad
988 621 1098 664 erem·
1150 606 1322 664 contentus
1339 599 1374 662 in
1393 600 1534 665 alienam
1550 603 1752 684 provinciam
1767 621 1837 665 non
1853 601 2023 682 irrumpat.
2055 601 2124 668 Nec

123 687 216 769 plum
237 708 335 751 suum
352 685 593 750 distribuerent
626 685 681 749 En
699 695 854 763 66661661,
878 685 1100 751 inviolabilem
1151 683 1334 748 humanum
1356 695 1406 749 est
1425 687 1612 764 inventum,
1635 687 1692 751 sed
1714 686 1779 752 Dei
1799 688 1902 770 ipsius
1923 687 2122 751 institutum.

123 782 380 855 perpetuamque
408 772 513 854 legem
533 771 721 853 impositam
742 772 782 837 iis
803 772 860 853 qui
881 772 917 835 in
939 770 1099 853 apostolo-
1150 770 1310 853 Legimus
1332 773 1420 834 enim
1443 771 1531 855 (Act
1557 778 1605 850 14,
1628 775 1684 856 23)
1714 772 1858 838 Paulum
1880 782 1914 837 61
1934 772 2128 845 Β61661661.

123 879 200 921 rum
220 858 328 923 locum
350 858 544 933 succedunt,
571 878 637 938 qua
657 856 849 921 mandatum
872 858 1037 940 accipiunt
1058 855 1099 921 de
1150 874 1277 920 creasse
1306 877 1365 937 661
1387 857 1532 940 singulas
1553 859 1800 942 Lystrensium,
1829 858 2123 938 Antiochenorum,

124 944 285 1026 evangelii
313 943 552 1025 praedicatione
580 953 614 1006 et
639 951 919 1007 sacramentorum
941 941 1098 1007 adminis-
1150 940 1298 1005 Iconium
1318 943 1470 1007 ecclesias
1494 942 1714 1028 presbyterem
1742 952 1775 1009 et
1799 944 1926 1010 Paulus
1952 944 2022 1026 ipse
2049 944 2124 1009 1116

124 1031 271 1096 11611666.
316 1028 413 1094 Unde
440 1029 639 1111 colligimus,
669 1048 724 1092 ecs
746 1030 801 1109 qui
824 1036 999 1110 utrumque
1021 1029 1098 1092 1616-
1149 1027 1309 1110 616661611
1336 1036 1373 1091 61
1400 1028 1578 1110 oppidatim
1605 1031 1812 1115 presbyteros
1839 1030 2015 1094 constituat
2042 1029 2122 1114 (Tit.

124 1136 200 1179 rum
221 1115 406 1199 negligunt,
430 1115 511 1179 16166
533 1129 723 1195 praetexere
745 1114 965 1195 apostolorum
986 1134 1098 1195 perso-
1154 1118 1180 1187 l,
1205 1112 1248 1196 5).
1294 1110 1450 1181 Sicalibi
1473 1114 1574 1196 (Phil.
1601 1121 1627 1194 1,
1654 1117 1686 1200 1)
1713 1115 2124 1198 1Ρ11111666661661661666·

125 1223 209 1265 6661.
245 1198 333 1280 Quid
353 1211 462 1265 661616
479 1199 648 1282 pastores?
682 1199 807 1264 Paulus
824 1221 891 1264 non
909 1198 949 1263 de
971 1221 1005 1263 so
1027 1200 1099 1281 ipso
1149 1218 1217 1278 pos,
1241 1206 1274 1261 et
1297 1197 1373 1262 alibi
1402 1197 1539 1280 (0614,
1566 1201 1619 1283 17)
1648 1201 1855 1284 Archippum
1878 1199 2123 1266 Colossensium
2194 1269 2196 1274 ,

123 1295 266 1364 1661661,
290 1286 347 1351 661
369 1285 409 1350 16
430 1285 581 1349 omnibus
603 1285 668 1349 illis
689 1284 847 1366 loquitur,
870 1305 971 1365 quum
992 1284 1099 1366 inquit
1150 1283 1337 1366 episcopum
1369 1296 1609 1350 commemorat.
1666 1288 1712 1350 Et
1743 1293 1853 1351 exstat
1891 1285 1979 1368 (A'oa
2002 1290 2057 1363 20,
2084 1288 2122 1349 18

124 1373 155 1454 (l
183 1371 257 1437 Cor.
281 1379 311 1450 4,
338 1372 384 1456 l):
414 1372 461 1437 sic
482 1392 542 1435 666
563 1371 713 1435 666116161-
740 1371 848 1448 hemo,
871 1379 910 1433 ut
931 1371 1098 1434 ministros
1149 1369 1252 1452 seqq.)
1273 1370 1412 1451 insignis
1434 1373 1504 1436 eius
1525 1373 1635 1436 concio
1657 1371 1745 1454 apud
1765 1372 1902 1450 Lucam,
1925 1370 2125 1456 61616611-
2165 1387 2175 1402 '

49 1532 54 1547 ¹
124 1457 249 1523 (lhristi
282 1466 317 1522 et
349 1457 590 1541 dispensatores
622 1458 854 1540 mysteriorum
887 1455 960 1519 Dei.
1012 1455 1097 1519 Item
1149 1462 1236 1518 toros
1263 1454 1418 1520 ccclesiae
1444 1457 1627 1538 ephesinae.
1672 1455 1828 1539 Quisquis
1861 1479 1939 1540 ergo
1971 1458 2124 1523 ecclcsiae

124 1543 200 1608 alibi
234 1544 313 1628 (Tit.
339 1549 370 1621 l,
394 1544 443 1693 1))
478 1549 605 1624 oportet
633 1543 819 1624 episcopum
848 1549 997 1605 tenacem
1027 1562 1097 1606 6666
1150 1541 1247 1604 66166
1274 1542 1423 1624 regimen
1450 1564 1488 1607 66
1517 1564 1630 1607 curum
1660 1544 1854 1626 susceperit,
1888 1543 1964 1608 huic
1993 1543 2124 1608 divinae

123 1630 192 1694 eius
220 1631 276 1711 qui
303 1651 403 1694 secun
426 1650 484 1693 um
510 1628 692 1692 doctrinam
718 1635 768 1692 est
794 1626 901 1691 fidelis
928 1627 1096 1705 sermonis,
1149 1626 1326 1690 vocationis
1353 1627 1417 1710 legi
1446 1627 1625 1710 obligatum
1653 1651 1687 1693 66
1715 1650 1785 1693 esse
1812 1629 1906 1692 sciat:
1941 1649 2009 1692 non
2039 1629 2124 1711 quod

124 1726 161 1778 ut
187 1724 303 1796 potens
330 1714 374 1778 611
401 1714 568 1779 exhortari
594 1735 653 1795 per
687 1711 868 1777 doctrinam
902 1733 1032 1788 sanam,
1065 1723 1099 1776 et
1149 1709 1251 1774 veluti
1278 1711 1392 1794 glebae
1420 1712 1583 1791 addictus,
1617 1725 1656 1777 ut
1683 1714 1902 1778 iurisconsulti
1930 1713 2058 1792 dicuut,
2089 1714 2124 1779 id

123 1800 382 1865 contradicentes
408 1799 564 1864 refellere.
607 1799 662 1862 Ex
691 1798 743 1862 his
771 1807 804 1862 et
832 1797 991 1862 similibus
1019 1798 1098 1863 locis
1150 1805 1199 1859 est
1220 1797 1425 1879 mancipatus
1448 1808 1480 1862 et
1502 1801 1595 1881 quasi
1617 1801 1744 1877 affixus,
1766 1798 1882 1881 pedem
1900 1798 1976 1863 inde
1993 1821 2125 1864 movere

123 1888 178 1967 qui
205 1887 327 1968 passim
354 1894 532 1952 occurrunt
558 1884 710 1967 colligere
738 1884 827 1960 licet,
861 1884 898 1947 in
929 1890 1098 1965 pastorum
1149 1889 1302 1963 nequeat,
1332 1884 1360 1947 61
1389 1885 1435 1948 116
1463 1884 1592 1966 6611166
1613 1885 1737 1949 utilitas
1758 1886 1944 1967 postularit,
1972 1884 2068 1950 modo
2090 1885 2124 1950 id

124 1993 250 2053 quoquc
275 1973 442 2038 functione
472 1970 533 2035 has
559 1991 629 2034 esse
657 1969 738 2033 duas
764 1970 956 2052 praecipuas
977 1979 1097 2050 partes,
1149 1967 1211 2030 rite
1233 1978 1266 2031 61
1288 1968 1401 2032 ordine
1429 1971 1495 2034 fiat.
1541 1968 1609 2035 Sed
1630 1972 1658 2035 is
1680 1972 1736 2053 qui
1758 1972 1793 2035 in
1814 1993 1917 2035 unum
1938 1971 2045 2035 locum
2066 1992 2124 2037 vo·

124 2058 331 2140 evangelium
353 2057 551 2121 annuntiare
572 2065 605 2120 61
626 2064 831 2119 sacramenta
859 2054 1096 2119 administrare.
1149 2063 1241 2118 catus
1269 2062 1333 2130 est,
1368 2077 1435 2118 666
1462 2055 1557 2120 16161
1583 2059 1652 2139 1666
1680 2056 1720 2121 16
1748 2057 1941 2140 migratione
1971 2058 2122 2140 cogitare,

123 2141 272 2208 Docendi
300 2151 410 2208 autem
437 2143 519 2206 16116
548 2163 613 2204 666
641 2142 676 2204 16
703 2139 842 2222 publicis
871 2147 1000 2204 tautum
1021 2161 1098 2205 con·
1149 2158 1210 2201 nec
1230 2153 1328 2220 prout
1350 2139 1412 2204 sibi
1433 2141 1639 2206 commodum
1660 2144 1800 2224 putarit,
1829 2164 1983 2225 quaerere
2005 2143 2124 2207 libera·

123 2225 270 2294 cicriibus
292 2230 448 2305 consistit,
471 2225 529 2292 sed
551 2226 593 2290 ad
614 2227 760 2308 privatas
782 2227 880 2290 etiam
904 2225 1097 2290 admonitio·
1149 2224 1280 2287 tionem.
1325 2226 1468 2305 Deinde,
1496 2227 1525 2292 si
1551 2249 1648 2310 quem
1675 2228 1827 2311 expediat
1854 2228 1916 2293 alio
1944 2229 2122 2306 transferri,

123 2336 182 2379 666
203 2316 354 2396 pertinet.
388 2315 441 2377 Ita
458 2313 584 2378 Paulus
606 2319 705 2376 testes
727 2312 807 2377 citat
822 2310 986 2394 Ephesios
1007 2311 1095 2394 (Act
1149 2329 1216 2372 666
1244 2319 1356 2375 166166
1384 2310 1479 2377 16161
1507 2313 1570 2378 hoc
1589 2315 1717 2395 privato
1739 2314 1871 2379 consilio
1894 2322 2037 2392 tentare,
2066 2313 2123 2380 sed

125 2404 175 2475 20,
199 2405 269 2485 20),
296 2399 382 2483 quod
410 2399 494 2463 nihil
515 2398 690 2481 suffugerit
715 2419 828 2462 eorum
854 2417 937 2479 6666
964 2397 998 2460 16
1021 2388 1098 2461 'rem
1148 2406 1337 2477 exspectare
1358 2399 1521 2480 publicam
1544 2401 1762 2464 autoritatem.

123 2486 270 2567 ipsorum
302 2495 416 2563 eraut,
455 2485 535 2566 quin
567 2484 777 2548 annuntiaret
808 2505 846 2547 ac
878 2481 1008 2546 doceret
1041 2503 1097 2547 666
1234 2488 1263 2544 8.
1309 2480 1484 2548 Caeterum
1508 2483 1594 2567 6661
1616 2487 1780 2567 661666666
1802 2496 1836 2549 61
1859 2486 2066 2583 presbyteros
2089 2492 2123 2549 et
2247 2491 2252 2499 “

123 2572 251 2654 6611166
279 2580 313 2637 61
337 2593 397 2654 661
424 2570 572 2653 singulas
599 2569 725 2646 domos,
758 2568 937 2633 testificans
964 2567 1096 2632 Iudaeis
1147 2576 1295 2648 pastores
1316 2582 1350 2632 61
1371 2571 1538 2635 ministros
1559 2573 1740 2652 promiscue
1762 2573 1875 2636 vocavi
1898 2593 1952 2653 qm
1971 2570 2124 2635 ecclesias

121 2657 220 2721 simul
238 2679 276 2723 ao
294 2657 431 2723 Graecis
447 2655 682 2739 poenitentiam
699 2663 733 2719 et
749 2654 848 2718 fidem
865 2654 901 2716 in
914 2652 1094 2718 Christum.
1147 2665 1275 2735 regunt,
1299 2651 1333 2716 id
1354 2655 1415 2720 1661
1437 2677 1479 2719 ex
1501 2658 1680 2738 scripturae
1693 2680 1754 2722 usu
1776 2677 1857 2738 6666
1881 2654 2037 2720 16661616
2059 2656 2123 2719 1616

120 2741 207 2806 Item
227 2744 325 2825 paulo
346 2752 434 2826 post,
464 2740 549 2824 quod
572 2762 638 2805 non
661 2740 823 2804 destiterit
843 2761 919 2805 curn
941 2739 1096 2823 lacrymis
1148 2738 1324 2803 confundit
1370 2738 1564 2824 Quicunque
1596 2744 1684 2806 enim
1718 2742 1808 2807 verbi
1839 2742 2019 2806 ministerio
2048 2741 2123 2805 fun·

120 2849 253 2894 monere
280 2849 547 2911 unumquemque
569 2848 691 2890 eorum.
736 2825 850 2908 Neque
870 2831 979 2889 tamen
1001 2845 1096 2907 prae-
1147 2834 1285 2905 guntur,
1315 2825 1356 2890 iis
1383 2827 1516 2891 titulum
1538 2829 1764 2912 episcoporum
1787 2827 1911 2891 tribuit.
1957 2824 2013 2892 Sic
2035 2826 2122 2909 apud

121 2917 222 2981 666116
247 2915 389 2980 instituti
410 2922 461 2979 661
481 2913 627 2996 singulas
649 2910 726 2976 boni
747 2911 886 2993 pastoris
909 2909 1000 2975 dotes
1021 2931 1095 2992 per·
1146 2908 1289 2973 Paulum
1306 2911 1363 2976 ubi
1384 2913 1491 2977 iussus
1509 2921 1560 2977 661
1578 2913 1672 2978 Titus
1693 2913 1893 2978 constituere
1914 2913 2122 2995 presbyteros
2203 2984 2208 2991 ,
2248 2914 2253 2921 ’

81 3013 89 3041 ¹
120 3003 221 3082 sequi,
244 3001 302 3066 sed
325 3009 455 3066 tantum
476 2999 623 3064 indicare
644 2997 724 3080 quid
743 2996 961 3079 profiteantur
981 2997 1039 3078 qui
1060 3019 1095 3062 se
1147 2993 1335 3077 oppidatim,
1358 2999 1510 3062 continuo
1529 2998 1715 3063 subiicitur:
1740 3007 1868 3082 oportet
1889 2998 1978 3062 enim
2000 2997 2122 3078 episco-
2232 3014 2235 3019 ’
2267 3074 2271 3079 ¹

119 3095 267 3167 66616166
288 3086 468 3170 appellant:
491 3106 610 3169 nempe
632 3084 678 3147 ita
700 3105 735 3149 se
756 3103 908 3165 praeesse
930 3081 1093 3161 ecclesiae,
1146 3102 1226 3162 pum
1248 3103 1319 3147 esse
1340 3083 1582 3165 inculpabilem,
1605 3093 1663 3148 etc.
1688 3085 1767 3166 (Tit.
1790 3089 1815 3161 1,
1835 3089 1863 3146 a.
1884 3081 1927 3166 7).
1965 3079 2022 3147 Sic
2045 3082 2123 3148 alibi

121 3193 188 3234 non
208 3181 246 3237 ut
266 3174 403 3238 otiosam
424 3171 569 3236 habeant
590 3168 798 3261 dignitatem,
827 3167 884 3233 sed
911 3177 949 3231 ut
970 3167 1095 3234 (lhristi
1145 3167 1256 3248 plures
1277 3169 1314 3232 in
1335 3191 1401 3233 una
1423 3169 1558 3234 ecclesia
1575 3170 1742 3252 episcopos
1760 3169 1882 3234 salutat
1904 3167 2006 3253 (Phil.
2030 3173 2056 3247 1,
2079 3166 2121 3252 l).

121 3255 269 3322 doctrina
307 3257 464 3341 populum
503 3255 545 3319 ad
577 3277 691 3320 veram
722 3256 879 3337 pietatem
911 3254 1093 3333 instituant,
1145 3252 1191 3314 Et
1212 3253 1248 3316 in
1269 3254 1364 3319 Actis
1392 3255 1531 3319 refertur
1558 3256 1625 3340 (20,
1652 3259 1699 3318 17.
1724 3254 1780 3338 28)
1808 3274 2002 3320 convocasse
2030 3275 2122 3336 pres-

121 3363 215 3407 66616
244 3345 401 3427 mysteria
437 3342 686 3417 administrent,
727 3349 850 3406 rectam
889 3337 1095 3422 disciplinam
1145 3337 1278 3420 byteros
1299 3340 1489 3424 ephesinos,
1512 3362 1594 3423 quos
1615 3342 1685 3423 ipse
1706 3341 1871 3423 episcopos
1893 3361 1954 3404 666
1976 3342 2122 3404 61611666

121 3437 313 3493 6666611661
342 3438 437 3511 61666
464 3434 651 3492 exerceant>
692 3424 885 3509 chunquc
912 3426 1092 3508 66116666
1145 3425 1303 3489 nominat.
1347 3426 1412 3490 Hic
1434 3427 1505 3492 iam
1522 3426 1761 3492 observandum
1783 3435 1846 3504 est,
1875 3447 1934 3490 nos
1962 3426 2122 3492 hactenus

120 3513 283 3579 culatores
307 3515 403 3597 positi
426 3515 559 3578 suntin
580 3512 731 3590 ecclesia,
760 3512 825 3579 illis
844 3513 1008 3577 Dominus
1035 3533 1094 3577 an·
1146 3530 1212 3572 non
1231 3510 1480 3577 nisieaofficia
1502 3514 1712 3591 recensuisse,
1735 3512 1875 3595 quaein
1893 3512 1986 3577 verbi
2007 3513 2122 3577 minis·

120 3600 251 3663 nuntiat
271 3600 343 3683 (Er.
368 3604 396 3677 3,
422 3600 491 3682 17),
515 3600 542 3664 61
565 3600 636 3681 6616
658 3619 717 3681 661
737 3598 959 3682 ignorantiam
980 3619 1094 3662 eorum
1146 3595 1228 3660 16116
1256 3598 1452 3675 consistuut;
1482 3619 1541 3663 uec
1569 3597 1610 3662 de
1638 3599 1710 3664 aliis
1731 3598 1856 3663 Paulus
1883 3598 2035 3662 meminit
2065 3596 2122 3662 illo

120 3685 320 3768 negligentia
342 3695 468 3767 pereat,
490 3686 682 3768 sanguinem
703 3706 739 3750 66
761 3684 801 3748 16
823 3684 967 3765 16661661
990 3684 1094 3747 mani-
1145 3690 1261 3762 quarto
1283 3682 1325 3746 ad
1346 3683 1508 3766 Ephesios
1530 3686 1634 3766 capite
1656 3684 1741 3767 quod
1769 3685 1949 3749 citavimus.
1995 3684 2121 3746 Verum

120 3773 181 3836 bus
203 3772 446 3853 requisiturum.
490 3771 533 3835 In
561 3792 615 3836 eos
637 3792 764 3854 quoque
793 3790 907 3834 omnes
939 3769 1094 3851 competit
1144 3768 1181 3830 in
1202 3767 1339 3850 epistola
1359 3768 1401 3833 61
1418 3770 1586 3834 Romanos
1609 3770 1675 3853 (12,
1696 3773 1729 3852 7)
1752 3780 1785 3834 61
1806 3770 1915 3851 priore
1938 3766 1980 3831 ad
2002 3767 2120 3831 Corin-

121 3856 206 3939 qucd
235 3858 275 3922 de
304 3880 338 3922 66
367 3858 414 3922 611
440 3857 564 3922 Ρ66166
597 3856 629 3940 (1
655 3856 729 3922 Cor.
754 3861 783 3933 9,
811 3856 877 3938 16);
911 3876 973 3920 166
1000 3855 1091 3932 mihi,
1145 3853 1232 3919 thies
1255 3854 1320 3938 (12,
1346 3856 1402 3938 28)
1431 3856 1496 3920 aha
1518 3872 1701 3933 enumerat,
1724 3864 1762 3919 ut
1784 3862 1973 3936 potestates,
1998 3851 2121 3917 166661

120 3944 184 4009 6161
212 3943 448 4027 evangelizem,
477 3963 577 4024 quum
605 3940 803 4024 dispensatio
831 3940 980 4005 61111611
1005 3962 1092 4005 com·
1145 3940 1364 4020 sanationum,
1393 3941 1710 4022 interpretationem,
1733 3939 2015 4023 gubernationem,
2039 3959 2122 4020 pau·

120 4031 228 4094 missa
273 4029 442 4110 Denique,
471 4026 556 4109 quod
585 4027 655 4091 orbi
683 4030 836 4093 universo
858 4028 1094 4109 praestiterunt
1145 4046 1260 4107 perum
1279 4028 1487 4092 curationem.
1521 4028 1576 4090 Ex
1595 4025 1712 4108 quibus
1730 4047 1812 4107 quae
1830 4025 2027 4105 temporaria
2049 4026 2121 4089 fue·

120 4116 266 4198 apostoli,
289 4114 323 4178 id
344 4114 438 4197 gregi
459 4134 527 4189 suo,
550 4113 603 4177 cui
626 4112 807 4179 destinatus
830 4121 896 4190 est,
919 4112 1016 4177 debet
1036 4133 1093 4195 pa·
1144 4119 1224 4174 runt
1245 4114 1376 4192 omittc;
1405 4113 1480 4194 6616
1501 4111 1626 4175 nullum
1651 4132 1767 4192 operae
1786 4111 1930 4204 pretium
1950 4126 2001 4175 est
2022 4113 2057 4173 iu
2079 4110 2120 4175 iis

64 4243 68 4253 ·
120 4211 187 4266 ster
208 4202 443 4282 unusquisque.
1144 4197 1321 4262 immorari.
1355 4197 1563 4261 Ducentem
1586 4206 1663 4260 sunt
1684 4218 1767 4278 quae
1788 4206 1945 4279 perpetuo
1967 4203 2117 4260 manent:

205 4293 233 4350 7.
267 4288 342 4351 Etsi
360 4286 439 4349 dum
457 4283 595 4365 singulis
612 4285 817 4366 assignamus
834 4305 910 4349 6666
932 4285 1092 4363 ecclesias,
1145 4284 1337 4366 gubernatio
1359 4292 1392 4347 et
1413 4304 1492 4348 cura
1512 4304 1701 4366 pauperum.
1747 4282 1992 4347 Gubernatores
2018 4281 2119 4345 fuisse

118 4374 251 4437 iuterim
279 4395 344 4437 non
366 4389 525 4454 negamus
548 4369 626 4451 quin
653 4368 734 4433 alias
756 4370 906 4435 ccclesias
928 4371 1076 4436 iuvarei
1144 4370 1296 4434 cristimo
1328 4370 1471 4434 seniores
1504 4393 1522 4433 6
1554 4368 1648 4451 plebe
1681 4367 1840 4448 delectos,
1874 4369 1930 4450 qui
1961 4387 2120 4433 censurae

118 4461 220 4541 666611
240 4459 297 4541 661
319 4459 378 4522 661
399 4469 451 4522 661
472 4456 636 4538 alligatus,
659 4454 728 4520 sive
751 4455 828 4538 quid
850 4456 1002 4522 inciderit
1023 4465 1093 4521 tur·
1144 4476 1272 4519 morum
1294 4463 1328 4520 et
1344 4455 1545 4521 exercendae
1564 4454 1752 4537 disciplinae
1771 4475 1837 4518 una
1862 4476 1936 4519 cunr
1960 4452 2119 4534 episcopis

119 4543 242 4622 barum,
266 4543 352 4628 quod
369 4545 439 4609 eius
456 4541 675 4626 praesentiam
693 4541 846 4623 requirat,
868 4543 938 4607 sivo
960 4544 1000 4608 ab
1022 4543 1093 4625 ipsc
1144 4557 1341 4624 praeessent.
1387 4543 1500 4626 Neque
1533 4542 1623 4605 enim
1655 4561 1748 4606 secus
1780 4540 1988 4622 interpretari
2017 4558 2118 4620 queas

118 4626 896 4712 6616161161661166661666116166666111661.
931 4627 999 4693 Sed
1016 4629 1094 4710 quia
1144 4628 1230 4709 quod
1258 4629 1337 4695 dicit
1363 4629 1472 4713 (Rom.
1499 4632 1547 4704 12,
1571 4627 1621 4712 8);
1650 4629 1706 4710 661
1731 4635 1876 4711 6166661,
1904 4624 1937 4688 11
1961 4625 2058 4688 166161
2083 4623 2118 4687 16

118 4715 159 4779 61
188 4717 392 4782 retinendam
420 4716 573 4782 ecclesiae
601 4734 716 4796 pacem
743 4714 925 4778 necessaria
952 4723 1003 4780 est
1030 4716 1093 4779 ista
1144 4714 1370 4780 sollicitudine.
1420 4715 1548 4780 Habuit
1580 4715 1681 4796 igitur
1707 4715 1747 4779 ab
1782 4713 1876 4776 initio
1905 4730 2118 4793 unaquaeque

116 4801 239 4882 politia,
263 4805 435 4885 unicuique
453 4823 524 4866 6666
544 4800 746 4883 propositum
769 4797 854 4880 quod
876 4806 961 4882 agat,
984 4822 1026 4863 ne
1049 4800 1093 4865 si·
1144 4801 1279 4866 ecelesia
1300 4824 1398 4867 suum
1420 4808 1589 4876 senatum,
1624 4800 1844 4881 conscriptum
1871 4819 1912 4861 ex
1934 4796 2016 4862 viris
2045 4796 2117 4879 piis,

117 4886 189 4951 mul
205 4908 318 4954 omnes
335 4888 587 4966 tumultuentur,
609 4889 680 4952 sine
700 4884 867 4952 vocatione
888 4886 1004 4951 incerti
1026 4886 1091 4952 dis·
1142 4886 1298 4968 gravibus
1326 4897 1361 4952 et
1388 4887 1524 4965 sanctis,
1554 4906 1655 4967 penes
1677 4906 1774 4968 quem
1796 4892 1868 4947 6161
1888 4882 1960 4961 illa,
1989 4880 2030 4946 de
2052 4901 2118 4964 qua

118 4982 269 5052 currant,
298 4976 334 5038 in
362 4994 467 5043 unum
496 4994 609 5039 omnes
636 4974 744 5039 locum
771 4981 894 5035 temere
916 4974 1090 5051 confluant,
1142 4980 1255 5054 postea
1285 4973 1474 5056 loquemur,
1507 4969 1686 5036 iurisdictio
1717 4971 1753 5034 in
1784 4968 1984 5054 corrigendis
2017 4968 2115 5034 vitiis.

118 5068 357 5126 6166166666
378 5059 532 5126 ecclesias
552 5081 612 5142 616
632 5058 767 5124 libidine
789 5058 948 5136 deserant,
972 5060 1028 5141 qui
1051 5058 1091 5124 de
1142 5058 1246 5123 Porro
1273 5058 1432 5124 eiusmodi
1459 5054 1608 5121 ordinem
1635 5077 1701 5120 non
1728 5056 1826 5120 unius
1853 5055 1975 5121 saeculi
2007 5054 2116 5131 161666,

116 5166 176 5211 666
203 5145 433 5212 commoditate
455 5145 561 5228 magis
582 5167 681 5229 quam
703 5146 744 5210 de
765 5144 919 5211 ecclesiae
941 5144 1090 5209 aedifica-
1142 5146 1344 5228 experientia
1366 5146 1436 5226 ipsa
1458 5141 1609 5207 declarat.
1649 5142 1713 5206 Est
1734 5141 1836 5225 igitur
1857 5149 1891 5206 et
1912 5140 1973 5207 hoc
1996 5141 2116 5225 guber-

115 5232 205 5298 tiore
227 5240 306 5298 sunt
328 5230 471 5297 solliciti:
498 5231 580 5298 hacc
601 5231 786 5298 distributio
807 5228 915 5315 quoad
935 5231 1013 5297 licet
1032 5229 1088 5296 cb-
1140 5231 1285 5296 66116616
1305 5251 1426 5295 166666
1447 5227 1584 5294 saeculis
1606 5228 1755 5294 omnibus
1775 5228 2002 5294 necessarium.
