4672 5842
107 306 165 367 193
469 304 559 369 LIB.
580 303 626 368 Π.
673 303 735 368 DE
759 301 1046 369 COGNI'PIONE
1070 303 1152 368 DllI
1174 304 1521 371 REDEMProms.
1568 305 1667 372 (lAP.
1691 308 1736 372 Π.

2049 319 2112 381 lat

102 492 333 568 siaboleatur‚
356 512 462 573 neque
483 491 553 573 ipse
574 513 732 573 usurpare
753 489 862 568 velim,
886 497 919 553 et
941 489 1029 569 alios,
1053 492 1080 555 si
1134 503 1246 558 estne
1268 492 1329 556 sibi
1351 493 1491 557 nimium
1519 494 1643 559 adimat
1671 495 1784 574 homo,
1817 496 1994 575 dummodo
2015 525 2110 568 recu·

101 601 156 644 me
178 577 358 653 consulant,
382 576 548 642 abstinere
569 578 717 659 optarim.
1132 578 1313 660 perandum
1342 580 1376 642 in
1398 580 1470 643 Deo
1498 579 1602 645 discat
1629 581 1714 663 quod
1743 583 1804 647 sibi
1833 583 1932 649 deest.
1978 589 2026 651 At
2048 588 2109 654 sibi

190 668 219 728 9.
264 663 426 745 Magnum
443 663 524 726 mihi
542 662 778 746 praeiudicium
802 661 949 726 attulisse
970 663 1080 727 forsan
1131 686 1173 728 ne
1193 664 1358 728 tantillum
1379 664 1510 746 quidem
1536 688 1664 731 smnere
1686 667 1773 732 ultra
1799 669 1850 732 ius
1872 692 1969 735 suum
1991 681 2109 755 potest,

104 750 225 827 videar,
248 750 304 831 qui
327 749 501 831 scriptores
528 770 640 813 omnes
669 748 917 825 ecclesiasticos,
945 755 1079 830 excepto
1131 751 1211 831 quin
1233 758 1267 814 et
1287 751 1377 813 inani
1401 750 1597 816 confidentia
1623 774 1657 816 sc
1679 753 1795 834 perdat
1824 764 1857 818 et
1879 754 2026 822 divinum
2049 761 2109 825 ho·

101 835 300 921 Augustino,
323 835 369 898 ita
391 836 542 918 ambigue
562 842 619 898 aut
634 834 725 898 varic
743 834 778 896 in
796 834 858 898 hae
875 856 910 898 re
930 833 1080 916 loquutos
1131 856 1244 899 norem
1266 835 1308 899 ad
1331 858 1365 898 se
1386 835 1570 914 traducens,
1592 838 1745 903 immanis
1767 841 1927 924 sacrilegii
1946 865 2020 908 rcus
2039 847 2106 911 fiat

102 945 174 987 esse
197 922 363 987 confessus
385 943 472 997 sum,
504 929 541 983 ut
562 930 687 985 certum
715 919 881 1002 quidpiam
904 941 945 983 ex
967 942 1079 985 eorum
1131 922 1176 984 Et
1197 943 1275 986 sane
1297 923 1422 1003 quotics
1444 921 1526 987 haec
1548 923 1647 988 libido
1669 934 1813 990 mentem
1834 940 1979 992 nostram
2001 930 2107 997 inces-

103 1009 234 1090 scriptis
270 1005 383 1071 haberi
415 1016 562 1088 nequeat.
607 1006 680 1070 Hoc
714 1007 801 1068 euim
834 1005 967 1087 perinde
996 1028 1079 1070 non·
1131 1008 1188 1084 sit,
1219 1018 1256 1070 ut
1273 1007 1394 1089 aliquid
1416 1016 1564 1072 nostrum
1588 1010 1708 1074 habere
1731 1020 1937 1093 expetamus,
1961 1016 2047 1096 quod
2068 1017 2104 1082 in

103 1094 187 1159 nulli
205 1093 516 1174 interpretabuntur,
530 1093 623 1174 quasi
637 1114 656 1156 a
668 1092 815 1175 suffragii
832 1092 903 1155 iure
918 1091 1079 1174 depellere
1130 1093 1224 1157 nobis
1246 1092 1369 1158 scilicet
1389 1094 1497 1175 potius
1519 1114 1617 1176 quam
1643 1096 1678 1159 in
1702 1096 1772 1161 Dco
1799 1098 1953 1177 resideat,
1983 1103 2106 1185 cogita·

102 1181 175 1245 idco
202 1181 289 1262 ipsos
317 1179 493 1253 voluerim,
521 1179 599 1260 quia
627 1178 709 1241 mihi
738 1180 805 1241 sint
832 1199 944 1242 omncs
963 1178 1079 1242 adver·
1130 1180 1252 1242 tionem
1274 1179 1358 1244 hanc
1381 1201 1448 1242 non
1476 1180 1516 1244 ab
1543 1181 1607 1244 alio
1635 1183 1817 1247 consiliario
1845 1186 1985 1251 sciamus
2012 1188 2105 1254 nobis

103 1267 191 1332 sarii.
236 1266 308 1347 Ego
343 1285 420 1328 vero
455 1264 539 1327 nihil
574 1263 662 1327 aliud
694 1264 838 1345 spectavi
866 1284 964 1345 quam
992 1264 1079 1345 quod
1130 1265 1280 1348 suggeri,
1310 1287 1407 1346 quam
1429 1266 1485 1347 qui
1505 1266 1627 1346 primos
1650 1277 1803 1348 parentes
1823 1269 1956 1334 induxit
1983 1281 2021 1336 ut
2043 1273 2105 1339 diis

102 1353 192 1418 volui
214 1349 404 1432 simpliciter
426 1371 463 1415 ac
490 1351 577 1414 bona
600 1349 664 1414 fide
695 1349 878 1413 consultum
901 1351 963 1431 piis
986 1351 1078 1432 inge·

103 1439 182 1516 niis;
205 1456 288 1519 quae
306 1438 334 1500 si
352 1458 464 1501 eorum
482 1435 676 1500 sententiam
700 1436 762 1500 hae
780 1436 815 1498 in
833 1443 927 1517 parte
945 1456 1078 1517 exspec-

103 1531 184 1601 tent,
208 1544 336 1604 semper
357 1523 483 1586 ineerta
509 1522 725 1586 fluctuabunt:
755 1521 835 1585 adeo
863 1543 952 1586 nunc
973 1521 1078 1585 homi-

102 1632 179 1675 nem
201 1609 296 1673 liberi
317 1609 442 1673 arbitrii
465 1608 589 1672 viribus
612 1607 794 1690 spoliatum,
818 1606 860 1671 ad
882 1608 985 1671 sclam
1003 1629 1078 1689 gra-

102 1697 182 1760 tiam
203 1695 379 1777 confugere
407 1694 535 1772 docent;
565 1714 652 1757 nunc
682 1694 821 1775 propriis
848 1695 955 1774 ipsum
978 1695 1077 1758 armis

103 1791 160 1846 aut
181 1782 360 1857 instruunt,
385 1790 442 1844 aut
468 1779 620 1843 videntur
647 1781 818 1843 instruero.
864 1778 1006 1843 Difficile
1028 1790 1077 1843 ta·

101 1889 179 1932 men
208 1867 296 1932 factu
320 1888 385 1930 non
415 1874 477 1943 cst,
511 1874 550 1928 ut
577 1874 733 1947 appareat
759 1887 812 1929 eos
834 1866 869 1928 in
892 1865 1077 1929 huiusmodi

88 1951 256 2035 loquendi
296 1950 520 2034 ambiguitate,
560 1951 704 2015 humana
743 1952 863 2015 virtute
900 1951 986 2015 nihil
1019 1959 1078 2015 aut

102 2061 203 2122 quam
224 2039 360 2102 minimo
379 2038 564 2112 aestimata,
594 2046 695 2100 totam
723 2037 852 2118 spiritui
882 2052 992 2100 sancto
1021 2037 1076 2101 bo-

102 2146 220 2189 norum
243 2125 389 2187 omnium
407 2122 538 2187 laudem
560 2122 723 2200 detulisse,
743 2124 770 2186 si
790 2121 946 2203 quasdam
964 2144 1077 2186 eorum

102 2211 281 2276 sententias
315 2210 379 2274 huc
417 2210 558 2272 inseram
598 2209 714 2290 quibus
747 2207 780 2271 id
814 2208 900 2272 clare
934 2207 1075 2273 docetur.

103 2295 191 2377 Quid
214 2296 303 2360 enim
328 2296 389 2360 sibi
417 2294 488 2359 vult
510 2294 590 2358 illud
618 2294 791 2378 Cypriani,
818 2295 914 2358 toties
943 2294 983 2358 ab
1007 2295 1076 2358 Au·

102 2384 234 2466 guatino
248 2384 272 2465 ¹)
301 2380 512 2447 celebratum:
547 2380 587 2444 de
622 2380 713 2443 nullo
747 2379 968 2463 gloriandum,
1001 2381 1078 2462 quia

102 2469 186 2532 nihil
213 2476 363 2531 nostrum
392 2476 455 2545 est,
489 2466 552 2531 nisi
581 2485 618 2530 us
642 2466 738 2530 homo
766 2488 899 2548 prorsus
928 2466 1014 2548 apud
1042 2488 1076 2530 se

102 2555 299 2630 exinanitus,
322 2575 342 2617 a
363 2553 436 2616 Deo
458 2561 546 2616 totns
566 2552 708 2634 pendere
731 2551 856 2617 discat?
890 2549 978 2631 Quid
995 2551 1077 2616 illud

103 2640 280 2728 Augustini
289 2639 318 2724 Ι1)
331 2646 364 2702 ct
375 2638 541 2715 Eucherii,
566 2638 643 2702 dum
660 2638 789 2721 lignum
807 2638 892 2703 vitae
904 2637 1075 2702 Christum

103 2747 172 2791 csse
192 2733 370 2808 exponunt,
394 2723 436 2788 ad
458 2745 554 2805 quem
577 2723 633 2806 qui
654 2744 789 2788 manum
810 2724 1002 2806 porrexerit,
1025 2724 1074 2789 vi·

103 2821 171 2891 vet3
193 2811 321 2896 liguum
342 2811 494 2875 scientiae
515 2811 593 2874 boni
615 2817 648 2873 et
670 2809 758 2886 mali,
788 2809 966 2873 voluntatis
989 2810 1074 2873 arbi-

103 2899 212 2974 trium,
236 2897 275 2961 de
297 2918 360 2978 quo
382 2895 437 2978 qui
459 2896 573 2960 relicta
594 2896 701 2978 gratia
718 2896 781 2959 Dei
803 2896 985 2979 gustaverit
1005 2916 1074 2958 mo-

104 2983 226 3047 rietur?
282 2981 371 3062 Quid
406 2981 489 3046 illud
504 3039 509 3047 .
526 2980 807 3066 Chrysostomi,⁸)
845 2980 931 3063 quod
969 2982 1075 3046 omnis

103 3069 199 3134 homo
221 3090 290 3133 non
310 3068 407 3132 modo
425 3067 620 3132 naturaliter
637 3075 794 3148 peccator,
818 3066 875 3130 sed
893 3074 982 3132 totus
999 3089 1074 3150 pec-

102 3164 212 3221 catum
222 3154 293 3219 est?
317 3152 357 3219 Si
371 3154 456 3218 nihil
472 3154 550 3218 boni
562 3163 713 3217 nostrum
725 3160 785 3231 θεῖ,
803 3154 830 3217 ε1
849 3152 947 3217 homo
965 3175 985 3217 a
1000 3175 1074 3218 ver-

102 3240 351 3306 ticcadcaloem
362 3247 450 3304 tetus
462 3249 512 3304 est
522 3249 700 3321 peccatum,
712 3239 741 3304 si
751 3261 793 3302 ne
804 3247 932 3304 tentare
942 3239 1075 3321 quidem

102 3326 178 3391 licet
194 3334 357 3409 quantum
375 3325 482 3391 valeat
500 3325 627 3389 arbitrii
648 3325 799 3390 facidtas:
823 3325 880 3407 qui
901 3325 968 3388 iam
989 3325 1075 3389 iuter

101 3414 213 3477 Deum
228 3420 262 3475 et
277 3411 445 3474 hominem
461 3410 590 3475 laudem
608 3412 684 3476 boni
700 3412 808 3493 operis
824 3411 941 3493 partiri
957 3411 1073 3475 liceat?

100 3499 239 3564 Possem
251 3496 409 3560 eiusmodi
420 3497 541 3562 formae
551 3497 716 3579 permulta
733 3518 774 3561 ex
786 3497 859 3561 aliis
871 3499 1006 3569 referre:
1018 3497 1075 3561 sed

23 3633 27 3639 .
101 3606 144 3648 ne
167 3583 240 3665 quis
262 3582 441 3659 cavilletur,
469 3605 521 3647 me
544 3583 681 3665 seligere
704 3583 773 3648 sola
794 3605 833 3648 ea
854 3605 936 3666 quae
959 3603 1074 3648 causae

101 3691 194 3734 meae
212 3669 369 3745 serviunt,
387 3690 469 3750 quae
487 3678 596 3733 autem
616 3669 833 3734 adversantur
850 3668 964 3734 callide
979 3690 1073 3751 prae·

101 3756 216 3835 tcrirc,
245 3755 286 3820 ab
316 3755 377 3819 hac
404 3755 593 3820 recitatione
620 3756 774 3820 abstineo.
819 3755 936 3819 Audeo
964 3766 1075 3820 tamen

103 3842 163 3908 hoc
186 3842 364 3918 affirmare,
389 3849 553 3922 utcunque
579 3841 674 3904 nimii
701 3841 868 3905 interdum
890 3842 1012 3905 sintin
1034 3841 1074 3903 li-

102 3927 177 3992 bere
200 3928 334 3993 arbitrio
355 3925 555 4003 extollendo,
585 3926 672 3991 hunc
699 3938 811 3992 tamen
839 3927 906 3992 illis
927 3928 1073 4009 proposi-

101 4023 173 4078 tum
195 4014 295 4078 fuisse
317 4034 460 4095 scopum,
478 4021 517 4075 ut
538 4013 718 4091 hominem,
742 4036 762 4078 a
781 4014 913 4079 virtutis
935 4034 1012 4078 suae
1033 4014 1073 4077 fi-

102 4101 198 4163 ducia
230 4100 359 4182 penitus
394 4119 561 4175 aversum,
595 4099 630 4162 in
656 4100 728 4163 Deo
756 4120 820 4165 uno
849 4098 1074 4164 fortitudinem

101 4205 194 4249 suam
221 4185 397 4267 repositam
425 4184 546 4248 habere
574 4182 718 4249 doceant.
764 4184 926 4251 Nunc-ad
948 4185 1073 4267 simpli·

101 4291 171 4335 cem
189 4272 337 4336 veritatis
354 4270 604 4352 explicationem
622 4270 657 4333 in
675 4271 910 4336 consideranda
932 4271 1073 4335 hominis

101 4367 222 4421 natura
242 4357 347 4422 renio.

190 4449 236 4507 lo.
282 4441 379 4522 Quod
400 4447 502 4506 mnan
523 4441 618 4505 initio
646 4441 743 4505 huius
764 4442 879 4524 capitis
907 4443 1073 4525 praefatus

101 4551 186 4605 sum,
221 4548 318 4612 cogor
345 4549 478 4592 rursum
505 4527 560 4593 hic
587 4535 747 4609 repetere:
781 4539 818 4591 ut
845 4528 980 4610 quisque
1001 4549 1072 4593 ma·

99 4616 186 4678 xime
204 4634 282 4678 suae
300 4613 503 4691 calamitatis,
525 4613 665 4696 inopiae,
687 4612 855 4688 nuditatis,
873 4614 1072 4696 ignominiae

96 4701 297 4781 ¹conscientia
319 4698 461 4764 deiectus
490 4709 540 4764 est
560 4709 593 4764 et
613 4707 855 4773 consternatus,
882 4700 930 4763 ita
950 4700 1072 4782 optime

100 4786 206 4852 insui
235 4785 419 4869 cognitione
445 4786 626 4868 profecisse.
676 4784 753 4850 Non
779 4785 866 4850 cuim
891 4784 1071 4866 periculum

100 4977 303 4986 ————-

166 5094 197 5163 1)
214 5095 288 5148 Libr.
313 5093 346 5147 dc
370 5095 506 5164 praedast.
531 5098 614 5147 sanct.
642 5110 664 5146 c.
688 5093 713 5148 3.
753 5092 881 5159 Ιῖθωζεᾰ
905 5093 1072 5146 Bonifacium

98 5162 186 5216 11114.
206 5163 324 5218 etelibi.
394 5161 424 5231 2)
442 5163 501 5216 Lib.
526 5163 561 5216 de
584 5162 683 5216 Genesi
707 5164 741 5215 sd
764 5164 804 5215 lit.
822 5161 890 5228 8,4.
967 5160 997 5229 3)
1015 5162 1071 5215 Hc·

97 5233 152 5286 roll.
172 5233 195 5286 L
214 5234 243 5285 in
259 5231 395 5286 Adventu.

204 5317 314 5373 Osirin&
329 5333 419 5387 opera
460 5317 517 5374 Vct
535 5316 579 5370 11.

1130 1372 1200 1415 csse
1222 1351 1344 1415 similes
1365 1351 1496 1429 vellent,
1520 1353 1658 1417 scientes
1684 1352 1806 1417 bonum
1828 1363 1861 1418 et
1887 1356 2020 1422 malum.
2067 1357 2105 1424 Si

1130 1437 1267 1501 verbum
1294 1436 1489 1506 diabolicum
1518 1448 1582 1515 est,
1615 1438 1701 1519 quod
1728 1439 1893 1504 hominem
1920 1442 1956 1505 in
1979 1466 2014 1508 sc
2033 1444 2105 1526 ipso

1130 1523 1236 1605 erigit,
1260 1523 1307 1586 illi
1328 1544 1370 1586 ne
1392 1522 1499 1586 locum
1521 1523 1644 1601 demus,
1670 1524 1733 1589 nisi
1754 1525 1794 1589 ab
1817 1526 1909 1591 hoste
1931 1529 2103 1595 consilium

1130 1630 1244 1689 capere
1265 1608 1353 1673 libet.
1398 1608 1504 1672 Dulce
1526 1609 1657 1691 quidem
1677 1620 1727 1674 est
1743 1619 1873 1675 tautum
1891 1613 2010 1678 habere
2028 1637 2103 1697 pro-

1129 1696 1218 1775 priae
1247 1695 1392 1771 virtutis,
1421 1695 1520 1758 utin
1546 1702 1578 1758 te
1605 1696 1674 1777 ipso
1688 1696 1710 1778 ¹)
1738 1697 1935 1778 acquiescam
1964 1699 2035 1780 sed,
2061 1724 2103 1766 ne

1130 1778 1171 1842 ad
1191 1781 1324 1843 inanem
1343 1781 1442 1843 istam
1459 1779 1612 1845 fiduciam
1629 1781 1818 1859 illectemur,
1839 1783 2024 1849 deterreant
2042 1807 2103 1852 nos

1128 1873 1178 1928 tot
1200 1886 1317 1947 graves
1339 1868 1536 1944 sententiae,
1566 1868 1684 1948 quihus
1711 1889 1823 1932 severe
1845 1871 2086 1951 prosternimur
2093 1895 2102 1951 ς

1128 1951 1240 2032 qualos
1270 1957 1361 2015 sunt:
1396 1951 1605 2016 maledictum
1633 1975 1704 2017 esse
1732 1954 1785 2035 qui
1816 1954 1949 2018 confidit
1976 1956 2011 2019 in
2042 1956 2103 2020 ho·

1128 2038 1225 2113 mine,
1249 2045 1282 2101 et
1302 2037 1396 2119 ponit
1416 2058 1548 2101 carnem
1569 2038 1740 2104 brachium
1767 2061 1861 2104 suum
1892 2041 1968 2120 (ler.
1986 2047 2033 2120 17,
2057 2041 2100 2126 5).

1129 2122 1226 2200 Item,
1255 2144 1321 2186 nou
1349 2122 1501 2186 delectari
1531 2124 1640 2188 Deum
1669 2125 1784 2189 roborc
1812 2126 1895 2207 equi,
1920 2127 2015 2191 tibias
2038 2129 2102 2194 viri

1128 2208 1267 2272 illinon
1289 2209 1433 2290 placerc;
1456 2209 1513 2273 sed
1535 2210 1620 2275 affici
1643 2232 1721 2293 erga
1743 2212 1895 2275 timentes
1917 2234 1965 2291 sc,
1995 2215 2102 2297 suspi-

1128 2294 1251 2359 cientes
1271 2295 1450 2359 bonitatem
1477 2315 1570 2358 suam
1598 2294 1699 2376 (Psal.
1723 2301 1792 2374 147,
1815 2297 1877 2381 lo),
1922 2299 2023 2377 item,
2052 2301 2102 2382 ip·

1128 2401 1202 2444 sum
1224 2402 1294 2445 esse
1317 2381 1373 2462 qui
1395 2380 1451 2444 dart
1472 2380 1557 2446 lasso
1580 2383 1675 2459 viros,
1706 2395 1740 2445 et
1761 2383 1883 2447 virtute
1905 2383 2028 2448 defecto
2051 2408 2103 2450 ro·

1128 2466 1191 2530 bur
1213 2475 1326 2549 auget:
1355 2467 1410 2547 qui
1432 2467 1510 2532 facit
1537 2475 1574 2531 ut
1595 2468 1775 2550 fatigentur
1802 2479 1834 2532 et
1855 2469 2006 2534 laborent
2026 2471 2103 2535 ado·

1128 2551 1294 2628 lescentes‚
1316 2553 1451 2617 iuvenes
1471 2554 1668 2636 impingaut;
1691 2555 1747 2635 qui
1768 2564 1878 2618 autem
1896 2555 1931 2619 in
1949 2557 2019 2636 ipso
2037 2578 2103 2621 uno
2222 2550 2229 2563 χ

1128 2648 1275 2720 sperant,
1305 2638 1499 2702 roborentur
1527 2639 1604 2722 (Ics.
1625 2643 1675 2717 40,
1704 2643 1743 2702 29
1763 2640 1871 2724 seqq).
1918 2640 2011 2721 Quae
2033 2664 2102 2705 om·

1128 2746 1185 2788 nes
1208 2731 1431 2805 suspectant,
1461 2735 1500 2786 ut
1521 2746 1563 2788 nc
1590 2725 1875 2807 quantulacunque
1903 2727 2103 2793 fortitudinis

1127 2817 1259 2874 nostrae
1281 2810 1432 2892 opinione
1453 2810 1607 2889 nitamur,
1630 2811 1659 2875 si
1680 2812 1790 2875 Deum
1811 2811 1962 2876 volumus
1981 2812 2102 2877 habere

1127 2896 1317 2977 propitium,
1349 2895 1404 2976 qui
1433 2897 1580 2977 superbis
1613 2898 1750 2974 resistit,
1781 2896 1958 2961 humilibus
1991 2907 2102 2962 autem

1128 2980 1184 3045 dat
1213 2982 1353 3065 gratiam
1380 2981 1460 3060 (Iac.
1480 2987 1510 3059 4,
1536 2982 1579 3066 b).
1625 2983 1710 3045 Tum
1739 2983 1773 3046 in
1806 2984 1998 3047 memoriam
2026 3006 2102 3048 rur·

1127 3087 1201 3130 sum
1228 3068 1364 3132 veniant
1390 3068 1473 3130 istac
1506 3067 1749 3149 promissiones:
1786 3068 1954 3132 effundam
1983 3090 2103 3150 aquam

1127 3175 1226 3235 super
1248 3153 1428 3231 sitientem,
1457 3160 1490 3217 et
1517 3153 1657 3218 flumina
1684 3175 1782 3235 super
1805 3154 1929 3217 aridam
1953 3154 2030 3237 (les.
2050 3160 2101 3235 44,

1129 3239 1172 3375 3(
1196 3239 1295 3302 Item:
1319 3260 1431 3304 omnes
1454 3239 1603 3303 sitientes
1621 3239 1731 3304 venite
1749 3239 1789 3304 ad
1810 3260 1910 3322 aquas
1929 3239 2030 3323 (idem
2051 3244 2101 3320 55,

1131 3329 1172 3405 1,.
1197 3322 1291 3404 Quae
1313 3333 1484 3403 testantur,
1513 3324 1554 3389 ad
1576 3325 1800 3407 percipiendas
1817 3326 1882 3390 Dei
1903 3326 2102 3391 benedictio·

1126 3432 1185 3476 nes
1204 3410 1310 3475 nullos
1332 3410 1461 3474 admitti
1478 3411 1542 3476 nisi
1559 3433 1638 3476 suae
1655 3411 1855 3494 paupertatis
1874 3432 1972 3477 sensu
1995 3412 2102 3476 tabes·

1127 3503 1246 3577 centes.
1281 3497 1349 3562 Nec
1371 3496 1627 3579 praetereundae
1650 3496 1817 3574 eiusmodi,
1840 3496 1944 3579 qualis
1966 3497 2029 3562 ista
2051 3504 2102 3562 est

1127 3582 1252 3647 Iesaiae
1275 3581 1341 3666 (60,
1368 3584 1438 3665 19);
1473 3604 1538 3646 non
1567 3583 1630 3646 erit
1658 3582 1797 3666 amplius
1827 3583 1885 3648 tibi
1906 3582 1954 3647 sol
1981 3583 2022 3647 ad
2050 3583 2102 3647 lu·

1127 3666 1267 3733 cendum
1294 3690 1354 3750 per
1381 3668 1482 3746 diem,
1518 3690 1623 3751 neque
1656 3669 1736 3732 luna
1764 3668 1806 3733 ad
1839 3667 2013 3733 lucendum
2043 3690 2102 3751 per

1126 3764 1271 3833 noctem;
1300 3752 1357 3818 sed
1379 3756 1441 3818 erit
1458 3754 1517 3818 tibi
1542 3755 1706 3818 Dominus
1736 3755 1770 3818 in
1800 3754 1906 3819 lucem
1930 3756 2100 3836 sempiter-

1126 3862 1212 3903 nam.
1258 3838 1345 3905 Solis
1367 3850 1453 3905 certe
1476 3848 1533 3904 aut
1553 3839 1651 3905 lunae
1674 3839 1879 3922 splendorem
1908 3860 1973 3902 non
1995 3840 2102 3903 aufert

1126 3926 1289 3991 Dominus
1317 3927 1420 3992 sorvis
1448 3927 1516 3991 suis
1523 3950 1531 4004 3
1566 3926 1623 3990 sed
1651 3926 1728 4008 quia
1754 3926 1826 3988 vult
1852 3926 1887 3988 in
1911 3925 1990 4006 ipsis
2013 3924 2102 3991 solus

1127 4011 1286 4094 gloriosus
1309 4034 1481 4095 apparere,
1513 4011 1554 4076 ab
1575 4012 1616 4077 iis
1638 4013 1738 4077 ctiam
1760 4032 1842 4092 quae
1861 4010 2026 4076 habentur
2048 3997 2132 4076 eo·‘

1125 4119 1199 4246 riilm
1221 4099 1370 4179 opinione
1388 4098 1676 4175 excellentissima,
1707 4096 1861 4162 fiduciam
1889 4118 2002 4161 eorum
2028 4119 2104 4181 pro·

1126 4205 1144 4248 c
1200 4194 1323 4249 avocat.
1805 4228 1810 4232 ·

1216 4273 1262 4334 ll.
1308 4267 1446 4353 Semper
1463 4291 1542 4335 sane
1563 4268 1646 4332 mihi
1667 4268 1879 4333 vehementer
1896 4268 1977 4332 illud
1992 4267 2102 4351 Chry·

1126 4356 1259 4419 sostomi
1269 4356 1297 4440 ²)
1316 4356 1447 4437 placuit,
1469 4355 1721 4419 fundamentum
1733 4364 1864 4419 nostrae
1878 4353 2101 4436 philosophiae

1126 4462 1196 4505 csse
1209 4441 1441 4520 humilitatem3
1463 4441 1567 4524 magis
1580 4440 1760 4505 etiamnum
1774 4440 1853 4504 illud
1865 4438 2045 4521 Augustini
2055 4439 2098 4521 1);

1125 4527 1407 4609 quemadmodum,
1428 4527 1543 4609 inquit,
1567 4526 1679 4591 rhetor
1700 4526 1755 4590 ille
1778 4537 1910 4608 rogatus
1933 4522 2009 4604 quid
2031 4523 2100 4605 pri-

1125 4615 1217 4676 mum
1240 4621 1325 4677 esset
1340 4614 1376 4677 in
1394 4612 1597 4695 eloquentiae
1615 4612 1811 4694 praeceptis,
1834 4607 2004 4690 respoudit
2025 4630 2100 4690 pro-

1124 4699 1380 4778 nuntiationem;
1425 4697 1504 4782 quid
1543 4697 1735 4775 secundum,
1782 4695 2099 4779 pronuntiationem;

1125 4784 1202 4866 quid
1225 4785 1368 4864 tertium,
1388 4784 1704 4868 pronuntiationem
1727 4783 1774 4845 ita
1795 4782 1823 4847 si
1844 4802 1898 4844 me
1919 4781 2102 4864 interroges

1125 4870 1165 4935 dc
1187 4871 1353 4955 religionis
1374 4871 1570 4937 christianae
1591 4868 1786 4952 praeceptis,
1808 4867 1923 4950 primo,
1946 4866 2098 4947 secundo,

1124 4965 1158 5021 et
1180 4957 1276 5022 tertio
1299 4965 1331 5023 ct
1352 4978 1481 5040 semper
1503 4953 1698 5040 respondere
1725 4954 1842 5021 liberet
1869 4953 2099 5019 humilitatem.

1124 5098 1327 5105 ——-—

1193 5163 1222 5230 1)
1241 5162 1315 5217 aaa
1334 5164 1495 5217 recentiores
1522 5162 1640 5215 maiores
1661 5162 1744 5215 male:
1767 5177 1796 5213 se
1813 5160 1880 5228 ipso.
1951 5156 2103 5229 2)Ηο11111.

1124 5231 1156 5286 dc
1174 5233 1284 5300 perfect.
1303 5233 1406 5301 Erang.
1475 5229 1507 5299 3)
1524 5231 1612 5300 Epist.
1630 5229 1672 5284 56.
1691 5231 1725 5283 ad
1742 5230 1832 5283 Diosc.
1849 5224 1935 5296 (118).

1858 5311 1893 5365 13
