4672 5842
121 319 184 382 867
469 316 559 381 LIB.
582 317 628 383 Π,
672 317 736 382 Du
760 314 1049 385 couNIuIONu
1070 319 1155 383 DEI
1176 319 1522 388 REDEMPTORIS.
1568 321 1667 387 OAP.
1690 323 1786 390 XIV.
2064 328 2142 395 ΒΜ

117 511 195 572 asset
223 504 464 570 inaestimabilis
488 505 553 570 Dei
571 506 695 588 qratiae
724 505 810 569 honio
840 502 999 587 Obrimus,
1032 507 1098 572 nisi
1144 509 1248 590 potuit
1279 512 1397 574 censeri
1429 509 1484 574 hoc
1515 511 1645 575 nornine.
1690 510 1908 593 Respondeant
1938 534 2021 579 nune
2047 513 2129 580 mihi

117 595 155 657 in
175 612 246 658 eum
266 592 378 658 collata
411 597 487 655 esset
515 591 588 655 haec
616 592 755 674 diquitas
782 596 817 655 ut
846 591 890 656 sit
914 613 952 659 uc
977 599 1099 658 vocetur
1150 615 1193 657 an
1213 597 1380 660 securulnrn
1401 601 1566 677 utramque
1589 602 1736 661 recturam
1758 605 1785 662 et
1807 600 1969 680 utriusque
1990 606 2129 683 respectu

116 680 298 761 uniqenitus
320 677 383 741 Dei
409 677 505 748 filius.
550 676 638 741 Fica
660 683 762 742 tonrcn
784 678 909 743 iruerim
929 685 1033 744 mouet
1054 700 1098 744 ee
1149 681 1192 743 sit
1210 680 1307 760 tilius.
1346 680 1399 745 Sic
1421 683 1545 762 quidem
1565 684 1730 764 parriunt:
1751 686 1805 749 sed
1828 687 1913 767 larue
1934 686 2025 750 aliter
2045 689 2128 752 docet
2152 663 2159 695 ἱ

116 766 229 830 clesioe
250 763 407 844 definitio,
435 766 551 828 censeri
573 763 638 827 Dei
657 764 780 844 tilium,
806 765 884 844 quia
904 785 1005 829 sermo
1026 771 1098 829 ante
1151 765 1284 831 Paulus.
1319 767 1471 832 Fatemur
1493 769 1616 849 quidem
1640 767 1800 833 Christum
1821 773 1856 835 in
1876 791 1967 835 corrre
1987 773 2128 838 burnona

116 851 245 916 saecula
271 870 310 914 ev
326 856 420 931 patre
439 851 576 931 percitus,
605 850 717 914 unione
737 850 929 932 hypostatica
949 857 1098 916 naturam
1146 852 1250 932 pilium
1267 853 1339 932 dici,
1360 874 1422 917 uon
1439 859 1474 917 ut
1488 854 1604 934 fideles,
1627 855 1953 935 adoptioneduntaaat
1968 864 1996 922 ει
2011 859 2127 941 qratia,

116 937 289 1001 humanam
306 937 481 1016 susceperit.
517 935 616 999 Parra
638 937 713 1000 urcio
734 936 926 1017 hypostatica
947 938 1097 1003 veteribus
1148 940 1203 1003 sed
1224 959 1331 1003 verum
1352 944 1381 1002 ct
1401 941 1590 1018 naturalem,
1613 941 1739 1022 ideoque
1760 944 1898 1022 noricum,
1920 948 1955 1006 ut
1976 944 2032 1008 hoc
2054 949 2128 1010 uota

118 1024 201 1088 dictu
226 1027 287 1102 est,
315 1042 395 1102 qnae
414 1042 584 1103 personam
609 1043 708 1085 uuam
730 1022 951 1087 constituitur
972 1025 1098 1088 nutriris
1141 1024 1346 1089 'discernatur
1362 1025 1555 1090 abarnnibus
1577 1025 1661 1090 aliis.
1696 1027 1764 1092 Nos
1777 1030 1867 1107 enirn,
1890 1031 1946 1110 qui
1964 1031 1999 1094 in
2015 1051 2127 1094 novom

117 1109 248 1173 duabus.
296 1109 382 1188 Quae
411 1108 549 1188 loquutio
576 1108 618 1172 ad
645 1108 845 1189 refellendum
874 1108 1014 1173 Nestorii
1047 1111 1097 1174 de·
1148 1110 1244 1173 vitam
1265 1131 1375 1175 sumus
1394 1113 1530 1193 repenitr',
1554 1111 1644 1176 Deus
1662 1111 1804 1191 filiorum
1820 1117 1942 1180 nornine
1960 1117 2127 1198 diquatur:

116 1195 228 1259 lirium
251 1196 377 1258 inventu
397 1195 476 1275 urn-
496 1195 574 1273 quio
592 1194 699 1274 pilium
710 1193 774 1258 Dei
792 1193 926 1276 pinpebat
946 1197 992 1260 ita
1010 1195 1097 1259 habi·
1148 1216 1258 1260 mamea
1285 1198 1350 1261 veri
1372 1201 1400 1261 ct
1420 1198 1576 1280 uniqeniti
1599 1199 1656 1261 uni
1680 1196 1803 1264 Christo
1824 1201 1929 1280 defert.
1974 1202 2128 1282 warnado

116 1285 200 1345 tasse
226 1282 260 1344 in
289 1301 397 1358 carru,
424 1285 460 1343 nt
480 1300 541 1343 riou
561 1281 644 1344 idern
666 1281 720 1345 ille
742 1285 819 1345 esset
839 1280 935 1345 leuno.
979 1280 1097 1361 Dupli-
1148 1287 1251 1357 autem
1272 1285 1386 1346 unicos
1407 1284 1442 1346 in
1463 1289 1545 1347 tanto
1565 1284 1703 1365 fratrum
1724 1305 1858 1363 numero,
1880 1288 1946 1352 nisi
1968 1289 2050 1368 quad
2071 1308 2128 1352 na-

115 1386 181 1431 cem
200 1387 259 1431 nos
276 1368 377 1448 faeere
390 1365 453 1429 Dei
472 1366 578 1447 ultam
598 1367 810 1431 calumniatur
825 1366 978 1446 Suvetus,
999 1388 1097 1448 quum
1149 1373 1223 1432 tura
1238 1370 1380 1448 possidet
1405 1370 1485 1449 quod
1507 1390 1563 1433 nos
1585 1372 1662 1435 dono
1684 1371 1880 1450 accepimus?
1921 1372 2025 1457 Atque
2046 1372 2128 1438 trunc

117 1452 253 1517 dicimus
274 1457 434 1516 aeteruum
456 1472 639 1530 sermonem,
667 1457 834 1533 antequam
855 1473 949 1517 carru
969 1455 1098 1518 vestitus
1149 1454 1292 1518 horrorem
1314 1456 1506 1519 attendimus
1527 1456 1569 1519 ad
1586 1461 1680 1519 totam
1697 1456 1877 1520 mediatoris
1892 1478 2070 1537 personam,
2093 1464 2129 1524 ut

116 1543 207 1616 esset,
236 1540 303 1602 iam
327 1539 429 1619 fuisse
450 1537 514 1603 Dei
538 1537 661 1618 tiliunu
693 1560 730 1602 ac
756 1540 787 1602 si
815 1538 906 1602 alind
927 1540 1097 1605 diceremus
1148 1561 1216 1604 vere
1237 1545 1265 1604 ει
1280 1541 1412 1622 proprie
1432 1543 1473 1604 sit
1492 1541 1583 1621 ulios
1602 1540 1679 1620 Dei,
1702 1543 1757 1622 qui
1779 1547 1807 1606 et
1827 1547 1921 1606 muers
1941 1548 1984 1607 est
2006 1565 2044 1607 eu
2064 1544 2130 1609 vin·

117 1644 213 1705 quom
240 1624 476 1704 manifestatum
502 1624 603 1705 fuisse
628 1626 786 1689 incarne.
832 1624 939 1706 Neque
963 1627 1096 1690 enimsi
1147 1627 1227 1708 pina,
1251 1631 1278 1689 et
1298 1646 1330 1690 se
1347 1627 1507 1691 victimam
1523 1628 1614 1708 patri
1632 1628 1667 1689 in
1686 1648 1771 1690 unice
1789 1628 1911 1709 obtulit,·
1932 1629 1986 1693 sed
2002 1628 2129 1695 deitatis

116 1709 206 1774 Deus
226 1710 290 1790 fuit
311 1715 479 1791 autequam
500 1710 588 1774 homo
608 1711 701 1790 fieret,
724 1710 793 1774 ideo
815 1730 914 1774 novus
931 1731 996 1776 esse
1008 1712 1097 1776 Deus
1149 1718 1251 1775 tomen
1268 1718 1412 1792 respectu,
1430 1713 1524 1776 sicuti
1537 1712 1662 1777 Paulus
1679 1713 1762 1777 docet
1778 1713 1887 1796 (Rom.
1904 1719 1930 1793 l,
1947 1714 2087 1800 lseqq.),
2101 1712 2127 1800 1)

116 1797 246 1878 incepit.¹
274 1796 385 1860 Nihilo
406 1796 577 1860 absurdius
597 1802 641 1861 cst
663 1799 698 1860 in
720 1817 811 1861 carne
828 1798 1016 1877 apparuisse
1032 1797 1098 1861 Dei
1149 1799 1224 1863 dum
1245 1818 1277 1861 se
1299 1800 1345 1861 ait
1366 1804 1559 1881 seqreqatum
1580 1800 1615 1861 iu
1636 1800 1828 1880 monqelium
1848 1799 1926 1877 Dei,
1952 1801 2033 1881 quod
2055 1805 2128 1866 autc

95 1882 232 1962 filium,
265 1883 321 1962 qui
351 1887 453 1945 tumen
485 1882 524 1945 ab
556 1888 684 1947 aeterna
712 1883 858 1964 penitura
890 1903 1011 1962 senqver
1043 1883 1097 1947 lroc
1143 1884 1335 1964 promiserat
1356 1886 1393 1948 de
1413 1885 1480 1963 filio
1502 1905 1566 1961 sua,
1590 1885 1644 1965 qui
1663 1887 1786 1966 qerritus
1806 1890 1850 1949 est
1871 1906 1908 1949 eu
1925 1887 2040 1950 semine
2057 1885 2128 1951 Da·

116 1968 224 2031 habuit
252 1973 287 2031 ut
309 1968 398 2047 lilius
418 1973 501 2032 esset.
548 1969 636 2049 Quod
658 1969 857 2033 subindicant
878 1969 983 2050 anqeli
1004 1969 1096 2032 verbo
1147 1970 1202 2033 vid
1223 1971 1391 2034 secuudum
1412 1990 1544 2047 carrum,
1567 1970 1743 2035 dedoratus
1762 1971 1850 2052 filius
1867 1970 1931 2035 Dei
1953 1973 1988 2034 in
2005 1973 2127 2038 virtute.

116 2055 159 2118 ad
180 2053 342 2118 Mariam:
370 2055 450 2133 quod
478 2059 622 2118 nascetur
645 2075 684 2117 erc
705 2061 732 2118 ιε
753 2060 909 2132 sanetum,
939 2054 1098 2118 vocabitur
1150 2053 1216 2118 var
1237 2056 1405 2119 seuerulum
1432 2076 1557 2119 carrum
1582 2057 1724 2121 distincte
1745 2059 1910 2122 ruminans
1930 2058 2035 2137 filium
2057 2057 2126 2122 Da·
2215 2124 2218 2129 ,

113 2137 204 2219 tilius
231 2140 309 2217 Dei,
344 2159 380 2203 ac
407 2141 436 2203 si
457 2140 570 2204 diceret
591 2139 655 2220 tilii
678 2161 801 2218 nemea,
830 2141 910 2220 qnod
934 2139 1097 2205 obscurius
1147 2140 1240 2218 vidis,
1262 2161 1401 2204 seorsum
1422 2142 1533 2205 diceret
1550 2141 1743 2206 maturatum
1762 2163 1827 2207 esse
1844 2143 1908 2207 Dei
1924 2139 2036 2223 filiuni,
2060 2145 2126 2209 nisi

114 2225 221 2306 fuerat
246 2226 305 2290 sub
332 2226 407 2307 leqe,
442 2226 552 2290 celebre
577 2227 644 2304 fore
672 2230 700 2288 et
719 2227 845 2307 possim
876 2231 989 2290 notum.
1036 2226 1097 2291 (lui
1147 2226 1234 2290 vellet
1255 2229 1383 2290 inuuere
1403 2227 1532 2291 aliunde
1553 2227 1607 2292 hoe
1623 2228 1760 2307 pendere
1777 2249 1872 2309 quom
1890 2250 2013 2293 ocorne
2026 2229 2124 2311 ipsa?

114 2313 276 2391 raspmrdet
302 2311 384 2374 illud
411 2311 509 2377 Pauli
537 2312 801 2396 (Rom.8,15):
833 2313 909 2392 quia
933 2333 1015 2377 nunc
1035 2333 1097 2394 per
1150 2311 1237 2375 Nom
1268 2333 1327 2392 qao
1355 2334 1448 2377 sensu
1479 2313 1557 2377 alibi
1588 2314 1665 2387 dicit
1687 2314 1721 2399 (2
1741 2313 1814 2378 Cor.
1839 2319 1886 2392 13,
1910 2314 1961 2399 4),
1989 2334 2125 2394 possum

118 2396 284 2461 Chr-istud
299 2418 411 2461 sarnus
430 2398 493 2478 tilii
514 2397 593 2476 Dei,
624 2398 718 2462 libere
744 2403 772 2461 ει
797 2418 867 2463 cum
892 2398 1012 2478 fiducia
1036 2398 1096 2462 cla-
1146 2398 1248 2478 fuisse
1280 2419 1319 2463 eo
1346 2399 1529 2471 infirmitate
1555 2401 1674 2485 carnis,
1707 2401 1916 2465 resurrexisse
1947 2421 1986 2464 ec
2012 2402 2126 2466 virtute

116 2503 206 2547 mare
227 2483 318 2562 abbo,
343 2488 442 2563 paler.
486 2484 601 2548 Annon
627 2484 701 2547 alirn
729 2505 848 2565 quoque
868 2486 969 2548 suncti
985 2490 1096 2566 patres
1147 2485 1290 2564 spiritus,
1314 2485 1361 2548 ita
1381 2505 1463 2548 rvrruc
1483 2486 1653 2549 discrimen
1672 2486 1781 2551 statuit
1801 2487 1962 2566 utrimque
1983 2491 2125 2550 natrrroc.

116 2568 216 2632 trombi
243 2569 373 2651 suerunt
405 2571 486 2633 inter
507 2570 572 2634 Dei
596 2570 706 2650 filios?
750 2570 820 2632 Iuro
846 2569 900 2633 hoc
928 2571 997 2635 iure
1021 2571 1095 2653 freti
1150 2568 1237 2634 Certe
1268 2571 1431 2634 caruedant
1463 2591 1582 2635 neccsse
1615 2577 1671 2649 εει,
1711 2572 1805 2635 sicuti
1835 2594 1857 2636 o
1885 2577 1984 2635 matre
2012 2573 2128 2654 aceepit

116 2654 223 2719 Deum
245 2656 428 2720 invocarunt
444 2662 577 2738 patrem.
624 2655 686 2720 Sed
712 2657 789 2737 quia
809 2676 849 2719 ec
869 2677 928 2737 quo
949 2657 985 2720 in
1006 2677 1096 2720 mnu
1147 2657 1238 2720 aui-us
1259 2677 1355 2721 causa
1375 2656 1464 2736 tilius
1482 2655 1622 2720 Doridis
1641 2661 1776 2734 vocatur,
1799 2658 1846 2721 ila
1868 2679 1889 2722 a
1904 2662 1999 2737 patre
2016 2657 2127 2722 babere

115 2743 192 2807 dnm
206 2743 381 2821 productus
402 2746 446 2805 est
466 2743 647 2825 uniqenitus
664 2741 728 2805 Dei
747 2741 846 2822 tilius,
869 2743 989 2806 clarius
1009 2744 1098 2808 inno·
1147 2743 1238 2806 cuius
1265 2763 1373 2806 causa
1389 2743 1432 2806 sit
1450 2742 1540 2822 filins
1561 2742 1638 2820 Dei,
1667 2745 1759 2823 idque
1788 2743 1826 2806 ob
1848 2742 1988 2806 hunrana
2009 2749 2126 2808 natura

116 2829 176 2891 tuit
197 2829 332 2892 eoelestis
347 2829 534 2909 paternitas,
556 2828 611 2892 hoc
632 2828 939 2910 quasiprioilepium
956 2829 1098 2911 assiqnot
1149 2828 1241 2893 aliud
1262 2849 1326 2893 esse
1346 2848 1384 2891 oe
1404 2829 1571 2893 diversum.
1610 2826 1742 2910 Duplici
1763 2830 1885 2892 rronn'ne
1907 2849 1976 2891 eum
1998 2829 2131 2911 iusiqnit

119 2912 242 2977 Pontus
256 2913 379 2979 Christi
398 2935 499 2996 reqna.
533 2914 602 2978 Hoc
622 2919 724 2978 tamen
743 2919 914 2979 corustoruer
935 2916 1098 2979 uerendum
1148 2915 1323 2993 scriptura,
1351 2915 1480 2993 possim
1511 2935 1624 2979 vocans
1656 2934 1737 2978 riurrc
1769 2914 1846 2993 Dei,
1879 2935 1960 2978 nunc
1993 2914 2130 2979 hominis

116 3004 175 3074 est,
203 3020 365 3081 nunqnam
393 3001 440 3064 vel
462 3001 581 3083 anpelis
603 3001 650 3064 vel
671 2999 848 3080 loominibus
870 2999 976 3065 Deum
995 3001 1098 3081 fuisse
1147 3000 1261 3079 fili-nm.
1304 3000 1354 3065 De
1386 3003 1518 3067 socienda
1550 3002 1593 3066 lis
1624 3001 1741 3065 moveri
1767 3021 1827 3064 non
1854 3006 1954 3082 potest
1986 3002 2064 3081 quin
2090 3019 2131 3064 eu

110 3091 235 3166 patrem
261 3087 325 3149 uisi
347 3088 501 3168 corruendi
525 3087 589 3167 tilii
609 3091 766 3166 respectu·
786 3087 975 3167 praesertim
1001 3087 1099 3152 leomi-
1148 3087 1303 3151 emmruui
1323 3086 1448 3169 linquae
1469 3087 1629 3152 liebraicoe
1649 3107 1711 3151 run
1732 3086 1869 3151 hominis
1890 3087 2015 3151 dicatur
2030 3088 2129 3166 filius,

116 3191 178 3249 nes,
201 3192 279 3252 qnos
295 3174 432 3253 proprio
453 3174 606 3254 iniquitas
619 3172 687 3237 Deo
705 3192 811 3237 exosos
828 3173 938 3252 reddit,
957 3174 1098 3255 qraluita
1149 3173 1225 3251 quia
1246 3177 1291 3236 est
1309 3193 1349 3236 eu
1366 3175 1516 3254 propenie
1533 3174 1634 3237 Adae.
1667 3171 1721 3236 Eo
1744 3174 1882 3253 opposito
1903 3174 2046 3237 contendo
2067 3172 2132 3235 dei·

115 3258 278 3338 adoptione
299 3279 364 3323 esse
383 3257 475 3337 lilios,
498 3260 575 3340 qaia
596 3259 650 3322 ille
672 3263 854 3323 estuotura.
884 3259 1098 3338 Necestquad
1148 3260 1223 3322 totis
1244 3263 1443 3340 admotaeque
1469 3261 1619 3324 essentiae
1647 3260 1768 3323 rutione
1794 3260 1899 3322 vocari
1921 3258 1985 3322 Dei
2010 3259 2131 3338 fili-um3

26 3405 41 3424 ‚,
115 3343 267 3422 obstrepat
287 3344 439 3421 Serretes,
457 3345 592 3424 pendere
614 3344 668 3409 boc
691 3344 878 3425 atiliatione
895 3365 990 3426 quam
1007 3344 1098 3410 Dens
1149 3345 1226 3424 quio
1243 3365 1305 3408 non
1322 3346 1429 3409 minus
1445 3351 1681 3410 consentaneum
1700 3351 1744 3408 est
1761 3344 1804 3409 od
1821 3345 1965 3408 divinam
1982 3349 2131 3407 naturam

114 3429 203 3510 apud
230 3448 263 3490 se
289 3428 477 3494 decreverat:
509 3433 586 3510 quio
620 3429 670 3494 hic
697 3450 758 3494 non
784 3432 891 3513 aqitur
917 3432 955 3496 de
973 3432 1096 3514 fiquris,
1149 3430 1264 3512 referri
1290 3432 1371 3511 qnod
1394 3437 1520 3502 vuatur
1541 3431 1606 3495 Dei
1625 3430 1729 3512 (ilius,
1758 3450 1853 3511 quarn
1880 3431 1923 3494 ad
1949 3430 2129 3507 humanam,

115 3513 254 3595 qualiter
281 3516 418 3593 capiclia
446 3517 481 3579 in
507 3517 660 3598 sanquine
682 3516 840 3596 pecudum
871 3521 992 3582 ostensa
1017 3517 1098 3598 fuil,·
1149 3516 1230 3595 quad
1251 3521 1376 3583 vocatur
1393 3517 1483 3597 lilius
1504 3516 1648 3581 hominis.
1688 3516 1846 3595 Denique,
1869 3535 2014 3596 ecquem
2035 3515 2133 3579 citavi

116 3599 172 3664 sed
195 3618 292 3678 quum
313 3621 346 3662 re
367 3601 439 3680 ipsa
459 3600 522 3680 pilii
543 3603 607 3681 Dei
632 3623 696 3667 esse
718 3624 780 3667 non
797 3605 953 3684 potuerint
974 3605 1040 3668 nisi
1061 3604 1098 3666 in
1149 3602 1227 3680 loeo,
1254 3623 1315 3666 uon
1338 3603 1431 3666 aliter
1451 3603 1599 3686 intelliqit
1623 3602 1747 3666 Paulus
1768 3621 1851 3676 erem,
1880 3603 1936 3683 qui
1962 3603 2131 3666 secundnm

116 3686 217 3764 capite
248 3685 383 3765 fuvdato
410 3692 484 3750 esset
511 3707 617 3752 eorum
646 3688 782 3771 adoptio,
816 3688 974 3754 detrahere
1000 3689 1097 3769 capiti
1148 3707 1276 3752 carnem
1305 3690 1427 3770 penitus
1458 3694 1504 3753 est
1536 3710 1575 3752 ea
1602 3689 1719 3753 semine
1747 3686 1903 3767 Doridis,
1937 3688 2130 3752 declaratum

117 3771 199 3851 quod
231 3772 377 3835 urembris
408 3791 564 3837 comrrruue
595 3774 673 3855 fuit,
706 3776 826 3840 ratione
857 3780 947 3841 caret.
1005 3772 1098 3840 Ultro
1149 3795 1214 3839 esse
1240 3775 1275 3837 in
1301 3775 1415 3838 virtute
1438 3775 1543 3855 filium
1570 3775 1649 3852 Dei,
1679 3794 1773 3854 quom
1802 3773 1879 3838 alibi
1907 3773 2017 3855 (Rom.
2039 3776 2073 3850 9,
2094 3772 2129 3855 5)

112 3858 314 3939 propredior:
334 3877 430 3938 quum
451 3858 576 3940 onpelas
596 3866 677 3925 vacet
698 3862 857 3941 scriptura
880 3861 982 3945 (Psal.
997 3865 1048 3940 82,
1062 3860 1096 3944 6)
1148 3863 1245 3938 docet,
1282 3858 1441 3925 Christum
1475 3862 1530 3941 qni
1557 3882 1595 3926 ee
1618 3860 1753 3925 Iudaeis
1779 3859 1935 3923 deseendit
1961 3858 2131 3923 secundum

118 3942 181 4007 Dei
202 3942 294 4022 filios,
316 3964 450 4024 quorum
471 3949 557 4008 tardo
577 3948 717 4029 diquilas
736 3948 882 4029 afuturo
894 3949 1098 4028 redemptione
1148 3966 1288 4024 earnem,
1316 3967 1382 4011 esse
1403 3946 1508 4011 Deum
1532 3947 1722 4012 benedictum
1748 3945 1783 4009 in
1811 3945 1943 4009 soeculo.
1991 3944 2078 4025 Quod
2100 3945 2130 4009 si

118 4048 177 4092 non
193 4030 358 4109 pendebat,
391 4029 551 4094 Christum
577 4035 679 4097 tamen
704 4033 813 4099 ordine
828 4036 958 4113 praeire
978 4054 1097 4099 necesse
1148 4038 1276 4113 utroque
1303 4032 1366 4098 loco
1391 4035 1534 4115 qeminoc
1561 4038 1695 4096 naturae
1722 4031 1879 4095 distinctio
1905 4035 2042 4108 rutatur,
2071 4051 2131 4112 quo

118 4120 176 4192 εει,
203 4117 259 4196 qui
280 4121 407 4196 patrem
432 4117 501 4181 illis
530 4118 674 4182 coruiliet.
718 4118 862 4183 Breviter
881 4121 996 4185 iterum
1015 4141 1097 4201 repe
1149 4120 1219 4182 iure
1250 4118 1404 4201 neqobunt
1433 4118 1538 4199 lilium
1564 4117 1629 4182 Dei
1661 4138 1726 4182 esse
1757 4122 1890 4180 notione
1923 4116 2051 4182 divinoe
2082 4136 2130 4181 re-

119 4206 197 4279 tam,
230 4206 258 4264 ει
289 4202 373 4267 idem
405 4203 523 4268 addam
553 4204 591 4266 de
615 4224 722 4285 qeuere
753 4205 897 4269 humano.
944 4207 1048 4287 Quum
1075 4226 1097 4270 a
1147 4209 1261 4285 spectu,
1283 4206 1338 4284 qui
1353 4205 1526 4268 secuudum
1543 4224 1669 4269 earrrem
1683 4203 1772 4283 filins
1788 4204 1883 4266 etiarn
1902 4208 1947 4267 est
1965 4201 2130 4266 banrinis?

115 4287 228 4367 prima
263 4289 382 4370 oriqine
414 4289 529 4353 conditi
560 4288 620 4353 hac
652 4290 715 4371 lcqe
745 4291 865 4372 fuerint
897 4286 962 4355 lam
995 4291 1099 4374 orrqeli
1236 4294 1264 4354 7.
1305 4291 1334 4371 ²)
1347 4289 1561 4356 Tumultuase
1583 4289 1715 4372 quidem
1736 4288 1783 4353 illi
1806 4289 1925 4352 erroris
1947 4288 1997 4352 sui
2019 4295 2129 4368 putro-

121 4393 218 4452 quam
236 4372 384 4454 bouvines,
402 4381 438 4438 ut
450 4375 541 4440 Deus
551 4377 723 4440 communis
743 4378 883 4458 utrisque
904 4383 981 4442 εεεει
991 4383 1096 4457 poter,
1149 4374 1271 4439 ciuium
1292 4383 1425 4459 urgent,
1454 4379 1542 4459 quod
1565 4376 1685 4441 dieitur
1706 4376 1797 4439 Deus
1819 4375 1949 4456 proprio
1971 4371 2038 4435 filio
2060 4392 2127 4435 non

119 4459 149 4521 si
176 4479 285 4522 verum
299 4466 353 4525 εει
382 4461 462 4526 illud
484 4461 584 4526 Pauli
606 4460 691 4544 (Col.
714 4465 747 4538 l,
770 4462 838 4547 15),
865 4483 985 4545 semper
1008 4461 1097 4527 Chri-
1148 4461 1345 4544 pepercisse,
1372 4462 1459 4544 quod
1480 4462 1575 4527 illum
1596 4463 1719 4546 ipsum,
1747 4461 1803 4543 qui
1824 4481 1842 4523 ε
1864 4459 1992 4541 virg-ine
2014 4477 2127 4521 nasce

119 4547 201 4607 stum
227 4545 327 4626 fuisse
354 4552 447 4627 caput
473 4553 502 4611 et
523 4548 767 4629 primoqenitum
794 4549 896 4612 onmis
924 4553 1095 4629 creaturae,
1148 4556 1248 4625 retur,
1271 4546 1377 4612 filium
1399 4548 1549 4614 altissimi
1571 4547 1682 4613 vocari
1700 4545 1836 4628 angelus
1853 4543 2018 4626 praecepit
2030 4543 2126 4628 (Luc.

120 4635 154 4692 ut
174 4633 352 4711 primatum
375 4634 413 4697 in
438 4633 580 4698 uunibm
606 4638 732 4698 teneret:
765 4633 823 4698 rite
850 4633 930 4697 mihi
956 4635 1097 4717 collipere
1153 4637 1179 4711 l,
1200 4632 1265 4717 32).
1302 4633 1429 4698 Verum
1451 4636 1508 4718 (ne
1530 4642 1597 4697 tam
1618 4632 1704 4697 futili
1723 4631 1902 4694 obiectione
1920 4627 2127 4714 superbiunt)

120 4716 237 4796 uideor,
268 4718 375 4798 hlirnn
404 4739 521 4800 quoque
548 4720 612 4786 Dei
642 4720 745 4801 fuisse
776 4724 847 4784 onte
872 4719 984 4783 mundi
1012 4740 1096 4785 erea-
1148 4718 1337 4802 expendunt
1368 4720 1533 4803 paulisper
1564 4719 1733 4783 nobiseum
1763 4736 1863 4798 quam
1889 4715 1997 4780 valide
2025 4716 2127 4779 ratio-

118 4801 238 4866 tionem.
780 4855 788 4877 ,
1149 4805 1309 4871 sinentur.
1354 4804 1393 4872 si
1420 4807 1508 4871 enim
1536 4806 1598 4868 riu
1620 4801 1838 4881 concluditur,
1867 4822 1887 4866 a
1914 4802 2127 4885 conceptione

208 4891 235 4951 6.
285 4889 372 4970 Quod
399 4890 430 4954 si
450 4890 647 4973 principium
673 4890 782 4957 habuit
808 4890 878 4957 eins
904 4889 1019 4970 filiatio
1048 4890 1097 4978 (ut

120 4972 167 5069 itu
189 4973 317 5060 loquar)
342 4996 381 5039 cre
402 4996 461 5058 quo
487 4979 523 5042 in
550 4997 642 5042 earne
663 4977 843 5061 puefactus
869 4982 926 5056 est,
956 4983 1098 5059 sequetur
1150 4999 1353 5005 *-

116 5057 221 5141 filum
246 5060 403 5127 humanae
429 5082 547 5144 W
567 5068 700 5129 murae
713 5068 859 5164 sispmf
878 5063 987 5147 ΜΝ·
1029 5064 1098 5163 Vl*
1217 5115 1245 5180 1)
1266 5114 1343 5167 Idem
1361 5129 1395 5165 or
1432 5117 1548 5164 uentrem
1572 5126 1713 5165 excussum
1740 5110 1946 5178 habuisti-Cap.
1972 5109 2039 5164 VII.
2058 5112 2081 5177 ξ.
2100 5109 2125 5163 6.

118 5145 187 5210 lunt
213 5144 414 5248 Servatus-el
438 5149 558 5216 srmhlw
576 5148 764 5251 limum,
779 5149 953 5229 Ohmm,
980 5170 1035 5231 qul
1061 5170 1097 5214 m
1143 5198 1237 5251 praec.
1263 5183 1326 5237 edit.
1412 5180 1424 5248 )
1454 5181 1518 5234 Huc
1544 5195 1648 5250 quoque
1675 5181 1809 5234 nonnulla
1838 5183 1975 5233 translata
2001 5185 2065 5232 sunt
2090 5196 2125 5233 en·

117 5251 211 5297 carru
231 5239 393 5315 apparuit
415 5255 481 5303 esse
492 5233 558 5300 Du
575 5235 688 5315 huon,
708 5257 765 5319 qm
784 5241 876 5304 entra
894 5257 1019 5304 camon
1035 5255 1098 5303 non
1151 5251 1216 5320 cap.
1240 5252 1308 5306 1⁷11.
1328 5252 1350 5318 ς.
1369 5251 1393 5303 6.

1866 5329 1921 5386 23*
1970 5335 1978 5353 “
