4672 5842
125 315 188 376 217
489 313 578 379 LIB.
600 313 645 378 11.
688 314 752 379 DE
774 313 1062 383 COGNI'PIONE
1084 318 1168 384 Dnl
1188 318 1533 386 REDEMPTORIS.
1579 318 1678 386 OAP.
1700 319 1765 385 HL
2067 327 2133 392 218

123 501 201 580 fuit,
231 500 311 566 dum
333 501 560 585 pedissequam
582 503 707 586 gratiae
726 512 822 570 vocat
849 504 1029 569 humanam
1046 527 1104 571 vo·
1156 505 1237 571 haec
1255 507 1354 589 ponit,
1374 515 1413 571 ut
1433 529 1486 571 cor
1503 507 1552 571 illi
1569 507 1733 590 lapideum
1746 509 1879 588 auferat,
1900 509 2132 594 dotcarneum,

125 587 302 666 luntatem,
343 587 501 654 secundas
535 586 691 671 quasdam
724 611 744 653 a
776 592 883 674 gratia
913 604 1023 673 partes
1054 593 1104 658 illi
1157 602 1267 675 aperte
1295 600 1436 658 testatur
1463 602 1612 676 oportere
1640 594 1762 658 aboleri
1783 595 1870 676 quod
1892 618 1934 659 ex
1955 598 2049 662 nobis
2072 606 2131 679 est,

125 673 295 756 assignare
322 675 358 738 in
384 675 469 739 bono
492 695 602 756 opere;
630 674 686 739 sed
715 676 790 756 qnia
819 675 881 742 boe
903 677 951 740 illi
973 685 1104 743 tantum
1155 700 1218 759 quo
1246 677 1288 741 ad
1314 679 1474 742 iustitiam
1502 688 1745 758 convertamur;
1773 679 1929 763 quidquid
1957 693 2069 747 autem
2095 686 2133 749 ln

123 760 328 843 propositum
351 767 436 838 erat,
460 760 607 825 refellere
628 762 807 843 pessimum
827 762 953 846 Pelagii
976 763 1102 847 dogma,
1156 764 1227 828 eius
1255 764 1363 828 locum
1389 765 1496 841 subit,
1528 787 1548 828 a
1575 785 1609 828 se
1636 765 1707 846 ipso
1737 786 1817 830 esse.
1847 767 1975 850 ¹Neque
2003 768 2036 831 id
2064 790 2131 834 uno

124 843 213 928 quod
234 846 376 927 primam
398 846 513 910 salutis
535 866 665 911 causam
686 848 721 910 in
745 847 887 912 hominis
907 850 1024 914 merito
1046 872 1103 933 po-
1154 849 1224 913 loco
1242 850 1448 931 pronuntiet;
1470 848 1549 914 dicit
1572 850 1660 914 enim
1682 849 1770 932 apud
1786 851 1961 916 Ieremiam
1978 854 2045 937 (32,
2059 855 2129 937 39):

125 931 239 1008 nebat,
272 931 360 1013 quod
389 932 468 996 satis
490 941 561 996 erat
582 935 746 1015 praesenti
768 955 901 1012 causae,
926 936 1101 1016 contendit,
1155 934 1238 999 dabo
1259 936 1306 998 eis
1328 955 1384 998 cor
1406 956 1525 1014 unum,
1553 942 1586 1000 et
1606 936 1695 1001 viam
1717 957 1831 1016 unam,
1861 953 1898 1001 ιιι
1919 938 2057 1003 timeant
2077 962 2131 1005 me

126 1017 268 1100 gratim
296 1018 385 1080 omni
413 1018 527 1082 merito
558 1040 628 1082 esse
657 1020 813 1101 priorem3
846 1020 950 1084 altera
970 1022 1103 1087 interim
1153 1021 1317 1086 universis
1339 1020 1461 1086 diebus.
1493 1021 1598 1085 Paulo
1619 1028 1707 1103 post:
1731 1023 1884 1088 timorem
1904 1024 2047 1089 nominis
2065 1025 2131 1090 mei

125 1101 314 1186 quaestione
327 1103 456 1181 omissa,
480 1102 520 1167 de
537 1113 693 1185 perpetuo
710 1106 835 1187 gratiae
853 1106 981 1185 effectu,
1004 1128 1102 1188 qnam
1154 1105 1236 1171 dabo
1258 1107 1294 1169 in
1316 1128 1371 1172 cor
1392 1127 1520 1185 eorum,
1550 1115 1587 1170 ut
1618 1128 1684 1170 non
1711 1106 1867 1173 reeedant
1896 1130 1998 1173 ame.
2040 1111 2130 1175 Rur-

123 1196 237 1253 tamen
267 1188 344 1252 alibi
372 1189 503 1272 egregie
530 1197 658 1255 tractat.
703 1191 885 1272 Aliquoties
914 1193 1001 1256 enim
1023 1193 1102 1258 dum
1154 1213 1227 1256 sum
1250 1191 1337 1273 apud
1358 1193 1564 1257 Ezechielem
1584 1190 1650 1272 (11,
1672 1192 1742 1276 19);
1767 1193 1849 1258 dabo
1871 1194 1919 1258 eis
1941 1214 1996 1258 cor
2016 1218 2129 1275 unum,

124 1273 215 1352 dicit,
233 1275 413 1338 Dominum
432 1275 624 1357 praevenire
642 1275 808 1340 nolentem
824 1277 967 1357 ntvelit;
990 1279 1101 1344 volen-
1154 1284 1187 1341 et
1229 1277 1381 1359 spiritum
1424 1299 1547 1343 novum
1585 1276 1666 1341 dabo
1704 1279 1740 1341 in
1778 1280 1957 1343 vacuatus
1999 1303 2129 1362 eorum,

122 1367 192 1424 tem
214 1360 367 1441 subsequi
389 1382 430 1424 ne
453 1361 577 1425 frustra
595 1361 686 1426 velit:
709 1363 817 1444 ipsum
839 1362 916 1427 boni
937 1367 1043 1445 operis
1064 1367 1102 1430 in
1154 1384 1209 1426 cor
1240 1362 1406 1444 lapideum
1438 1365 1584 1428 anferam
1617 1362 1656 1428 de
1690 1385 1788 1428 carne
1821 1386 1947 1443 eorum,
1980 1375 2013 1429 et
2045 1366 2128 1431 dabo

124 1445 265 1510 solidum
286 1446 365 1510 facit
387 1453 543 1511 autorem.
587 1446 784 1530 Quanquam
803 1449 955 1514 clariores
978 1449 1017 1516 de
1039 1451 1101 1517 hae
1154 1449 1200 1511 eis
1227 1468 1282 1512 cor
1307 1468 1471 1513 carneum.
1516 1449 1592 1513 Non
1618 1456 1728 1531 posset
1752 1449 1937 1515 evidentius
1959 1449 2022 1515 sibi
2050 1474 2129 1518 ven·

124 1552 160 1595 re
183 1538 262 1595 sunt
284 1533 353 1596 eins
373 1533 555 1596 sententiae
582 1554 679 1614 quam
708 1541 745 1597 ut
771 1535 904 1618 longam
926 1557 1100 1618 argumen-
1153 1533 1276 1612 dicare,
1309 1534 1402 1598 nobis
1430 1534 1588 1612 adimere,
1621 1533 1779 1617 quidquid
1811 1543 1861 1600 est
1890 1536 1926 1598 in
1959 1537 2129 1602 voluntate

122 1618 282 1680 tationem
310 1616 502 1682 desiderent.
548 1617 729 1697 Laborant,
759 1620 877 1702 inquit,
893 1622 917 1705 ¹)
951 1621 1100 1688 homines
1153 1628 1264 1683 nostra
1291 1619 1368 1683 boni
1398 1627 1431 1683 et
1454 1620 1550 1697 recti,
1580 1640 1677 1702 quam
1699 1619 1779 1684 dum
1800 1621 2047 1686 conversionem
2069 1646 2128 1688 no·

122 1704 271 1769 invenire
298 1704 332 1767 in
359 1712 473 1768 nostra
499 1705 669 1769 voluntate
696 1704 782 1787 qnod
809 1715 959 1770 nostrum
981 1708 1039 1785 sit,
1068 1717 1101 1774 et
1153 1712 1269 1782 stram,
1300 1706 1496 1769 creationem
1519 1706 1597 1769 novi
1619 1706 1753 1787 spiritns
1775 1714 1808 1770 et
1827 1706 1905 1770 novi
1927 1705 2032 1771 cordis
2057 1729 2128 1773 esse

122 1810 188 1853 non
217 1810 259 1853 ex
286 1789 373 1868 Dco;
408 1798 441 1853 et
473 1790 632 1872 quomodo
666 1791 808 1855 inveniri
841 1792 942 1874 possit
974 1793 1098 1875 ignoro.
1152 1798 1299 1855 testatur.
1345 1788 1502 1872 Sequitur
1533 1792 1622 1855 enim
1651 1812 1793 1873 semper,
1828 1801 1861 1855 ct
1888 1812 1930 1855 ex
1957 1793 2128 1858 voluntate

122 1875 225 1939 Libro
248 1883 358 1938 autem
380 1883 491 1940 contra
514 1876 688 1960 Pelagium
709 1886 742 1941 et
764 1876 963 1941 Caelestium
984 1881 1098 1961 primo,
1151 1883 1265 1940 nostra
1285 1876 1367 1939 nihil
1389 1876 1518 1957 prodire
1540 1877 1618 1941 boni
1640 1876 1741 1942 donee
1762 1878 1937 1941 reformata
1958 1877 2070 1956 fucrit,
2094 1884 2127 1943 et

122 1961 178 2024 nbi
208 1960 330 2025 dictum
357 1960 439 2024 illud
467 1961 593 2026 Christi
625 1963 871 2045 intorpretatur:
906 1966 1011 2029 omnis
1044 1969 1099 2048 qui
1150 1970 1224 2043 post
1245 1961 1518 2040 reformationem,
1542 1972 1703 2044 quatenus
1724 1964 1810 2027 bona
1832 1968 1890 2040 est,
1914 1962 2023 2028 aDeo
2045 1985 2125 2044 esse,

122 2046 263 2110 audierit
281 2067 301 2110 a
317 2056 410 2129 patre
428 2069 509 2125 meo,
533 2049 624 2112 venit
641 2047 682 2112 ad
700 2070 752 2112 mo
770 2049 898 2131 (loann.
914 2053 942 2128 6,
955 2048 1022 2134 45),
1046 2074 1098 2116 ar·
1151 2067 1217 2110 non
1240 2069 1260 2111 a
1281 2047 1384 2112 nobis.

120 2130 272 2210 bitrium,
305 2132 427 2215 inquit,
454 2133 499 2198 sio
526 2133 700 2197 adiuvatur
725 2141 763 2197 nt
790 2156 856 2198 non
884 2135 990 2200 solum
1020 2138 1099 2219 qnid
1237 2139 1264 2195 9.
1310 2130 1367 2197 Sic
1384 2143 1418 2197 et
1434 2134 1638 2215 precationes
1661 2141 1847 2197 sanctorum
1865 2135 2061 2215 compositae
2078 2134 2125 2199 le-

121 2217 307 2283 faciendum
329 2220 371 2282 sit
393 2219 489 2295 sciat,
518 2217 575 2283 sed
597 2219 684 2300 quod
712 2221 844 2285 sciverit
870 2224 968 2286 etiam
990 2224 1096 2288 faciat.
1150 2227 1282 2302 guntur.
1328 2218 1472 2283 Inclinat
1497 2240 1552 2283 eor
1577 2227 1725 2284 nostrum
1747 2219 1789 2283 ad
1811 2241 1845 2283 se
1867 2220 2046 2298 Dominus,
2076 2220 2125 2283 di·

120 2300 230 2386 Atque
253 2304 299 2368 ita
321 2325 421 2385 quum
443 2303 536 2369 Deus
558 2305 659 2383 docet,
685 2327 751 2369 non
772 2307 934 2391 perlegis
956 2309 1096 2388 literasn,
1149 2304 1242 2368 eebat
1265 2301 1397 2368 Solomo
1419 2305 1451 2388 (l
1472 2305 1554 2387 Reg.
1575 2310 1603 2383 8,
1625 2308 1695 2387 58),
1720 2313 1757 2368 ut
1780 2326 1948 2370 servemus
1968 2304 2125 2371 mandata

121 2389 179 2453 sed
199 2412 259 2473 per
280 2390 415 2472 spiritus
436 2391 590 2474 matiam,
613 2391 661 2455 ita
682 2390 775 2456 docet
797 2400 835 2456 ut
855 2394 940 2475 qnod
962 2394 1097 2478 quisque
1149 2412 1216 2454 sua.
1247 2389 1471 2455 Pervicaoiam
1494 2389 1599 2456 cordis
1619 2391 1724 2455 nostri
1746 2389 1896 2467 ostendit,
1918 2390 2005 2473 quod
2026 2391 2061 2454 in
2078 2391 2126 2455 le·

123 2474 280 2553 didicerit,
304 2498 369 2540 non
392 2483 519 2541 tantum
541 2477 763 2560 cognoscendo
780 2477 899 2558 videat,
918 2469 1096 2546 sed‘btiam
1147 2476 1198 2558 gis
1230 2474 1359 2541 divinae
1392 2476 1602 2541 rebellionem
1634 2476 1828 2541 naturaliter
1861 2477 2019 2555 exsultet,
2060 2477 2125 2541 nisi

121 2560 258 2628 volendo
279 2569 412 2645 appetat
433 2562 622 2646 agendoque
644 2565 799 2645 perficiat
940 2588 944 2596 ·
1147 2563 1304 2627 flectatur.
1351 2561 1439 2627 Idem
1462 2567 1489 2625 et
1510 2562 1544 2624 ia
1568 2561 1696 2626 Psalmo
1718 2563 1812 2644 (119,
1833 2561 1888 2645 36)
1911 2562 2055 2626 labetur:
2076 2563 2125 2627 iu·

205 2651 235 2710 8.
280 2648 327 2712 Ει
347 2649 500 2730 quonium
527 2648 563 2713 in
584 2651 757 2732 praecipuo
779 2651 913 2716 cardine
933 2654 1000 2717 iam
1022 2674 1096 2717 ver-
1148 2648 1230 2712 elluo
1251 2668 1301 2711 cor
1323 2668 1424 2712 meum
1446 2649 1489 2712 ad
1509 2649 1684 2713 matamala
1710 2654 1773 2712 tua.
1819 2646 1946 2729 Semper
1968 2649 2051 2712 arim
2071 2669 2125 2712 oo-

119 2754 247 2812 samur,
277 2732 416 2816 agedum
437 2755 600 2799 summam
622 2737 670 2799 rei
688 2736 799 2818 paucis
823 2757 860 2800 ac
883 2740 1096 2821 apertissimis
1147 2734 1244 2798 leuda
1266 2738 1310 2797 est
1326 2734 1486 2798 antithesis
1506 2735 1588 2799 aaa
1601 2755 1786 2815 perversum
1807 2733 1908 2798 cordis
1928 2739 2045 2798 motum
2064 2754 2125 2814 quo

119 2827 249 2882 tantum
281 2821 464 2901 scripturae
496 2821 691 2885 testimoniis
730 2823 899 2904 probatam
931 2825 1096 2890 tradamus
1144 2821 1245 2900 settttr
1271 2819 1313 2882 act
1340 2820 1578 2898 contumaciam,
1606 2824 1634 2882 et
1659 2820 1869 2884 correctionem
1896 2817 1975 2882 barre
2001 2840 2066 2899 qua
2087 2818 2124 2882 iu

119 2903 296 2985 ludmilae·
322 2912 393 2969 tum
416 2904 533 2971 deinde
556 2906 613 2990 (ne
635 2908 708 2989 quis
730 2929 789 2973 nos
812 2908 958 2974 detortae
979 2931 1094 2992 perpe-
1146 2904 1323 2984 obsequium
1345 2907 1469 2988 meatur.
1513 2903 1623 2971 David
1651 2914 1762 2969 autem
1783 2926 1887 2987 quum
1910 2925 1943 2968 se
1963 2904 2124 2970 directriee
2228 2940 2231 2947 v

117 3010 189 3054 ram
211 2992 392 3073 scripturae
415 2991 598 3075 insimrdct)
624 2992 835 3058 ostendamus
863 3017 968 3078 neque
994 2996 1094 3060 huius
1143 2992 1250 3073 aratia
1272 2991 1313 3056 art
1333 2995 1454 3072 tempus
1475 2991 1617 3056 orbetana
1642 2991 1743 3071 fuisse
1763 2992 1908 3068 sarteas,
1936 2990 2047 3054 Deum
2069 3009 2123 3053 ro-

119 3077 223 3143 sancti
256 3078 320 3143 viri
354 3077 584 3161 (Aupumiuum
612 3078 695 3163 dico)
729 3080 915 3145 testimonio
949 3080 1092 3160 destitui,
1145 3085 1203 3159 gat
1230 3083 1267 3139 ut
1292 3097 1348 3141 eor
1373 3076 1534 3141 mundum
1561 3076 1596 3139 in
1626 3096 1660 3140 se
1688 3083 1791 3154 creet,
1824 3076 1976 3158 spiritum
1998 3081 2124 3138 rectum

118 3183 217 3245 quam
244 3184 287 3227 ex
307 3164 469 3245 scriptura
490 3163 696 3246 desumptam
716 3166 890 3231 asserimus
910 3168 1092 3233 vamtatem.
1144 3161 1281 3228 innovet
1301 3161 1337 3226 in
1359 3161 1428 3227 suis
1446 3163 1624 3226 visceribus
1642 3161 1732 3245 (ibid.
1747 3167 1797 3241 51,
1814 3160 1878 3244 12),
1901 3181 1945 3224 an
1963 3181 2030 3224 non
2053 3180 2123 3223 om·

116 3246 201 3325 Nam
230 3270 337 3332 neque
364 3248 518 3332 expedire
544 3272 659 3316 censeo
688 3259 726 3314 ut
750 3253 889 3332 quaein
912 3254 1093 3318 sententiae
1144 3269 1203 3312 nes
1232 3247 1338 3312 cordis
1367 3248 1419 3311 sui
1446 3255 1556 3328 partes
1583 3247 1773 3329 impuritate
1800 3247 1937 3311 refertas
1966 3247 2122 3328 agnoscit,

116 3341 246 3398 nostrae
264 3337 546 3401 confirmationem
563 3335 682 3401 adduei
699 3358 740 3401 ex
756 3339 927 3420 scripturis
943 3351 1092 3422 possunt,
1144 3341 1177 3398 et
1198 3333 1350 3414 spiritum
1371 3333 1501 3415 obliqua
1517 3333 1678 3415 pravitate
1698 3332 1903 3397 contortum?
1926 3330 2123 3396 munditiem

115 3419 230 3483 ordine
252 3421 384 3503 singula
405 3430 637 3487 recenseantur
643 3445 652 3501 ;
680 3422 777 3487 modo
799 3444 841 3487 ex
862 3425 1093 3505 selectissimis,
1144 3427 1253 3483 autem
1270 3440 1370 3500 quam
1386 3419 1522 3501 flagitat,
1540 3418 1605 3483 Dei
1623 3430 1807 3483 creaturam
1825 3416 1980 3494 vocando,
1993 3438 2037 3481 an
2055 3437 2123 3481 non

113 3523 198 3588 quae
226 3505 447 3586 proferentur,
473 3508 528 3573 via
549 3508 723 3576 ‚sternatur
749 3508 791 3573 ad
820 3509 944 3592 reliqna
971 3513 1090 3590 omnia,
1143 3510 1246 3569 totam
1275 3503 1325 3567 illi
1352 3512 1518 3587 acceptam
1544 3503 1666 3568 refert?
1713 3503 1751 3569 Sl
1778 3504 1851 3584 quis
1871 3504 2022 3586 mahalat,
2050 3522 2123 3583 pre·

113 3609 198 3672 quae
226 3591 366 3673 sparsim
392 3591 547 3676 leguntur
575 3593 803 3678 intelligenda3
831 3617 937 3679 neque
959 3618 1092 3662 rursum
1142 3593 1293 3655 rationem
1326 3591 1430 3672 ipsam
1462 3590 1587 3672 mpuum
1620 3609 1685 3655 esse
1712 3591 1767 3671 pa·
1796 3590 1955 3670 sanatque
1982 3589 2122 3670 affectus,

111 3675 344 3759 intempestive
366 3677 488 3741 factum
511 3679 566 3758 iri,
596 3681 624 3744 si
652 3680 761 3762 palam
783 3681 888 3747 fecero
910 3682 994 3746 mihi
1014 3703 1091 3748 eum
1136 3680 1286 3759 prompta
1307 3681 1352 3741 est
1373 3676 1498 3754 solum,
1526 3677 1671 3756 quanvis
1691 3675 1889 3756 amotique
1911 3679 2123 3754 exportare

112 3784 151 3826 eo
180 3762 253 3828 viro
283 3783 351 3825 non
372 3763 458 3844 male
480 3766 669 3845 convenire,
693 3767 745 3831 oui
766 3767 945 3851 plurimum
968 3769 1091 3832 autori·
1141 3761 1435 3844 almasanum,
1464 3764 1600 3843 causare
1629 3767 1731 3826 tamea
1751 3762 1892 3843 priorem
1913 3764 2028 3823 aarum
2051 3779 2121 3823 euru

112 3848 194 3912 tatis
226 3847 345 3913 merito
379 3846 483 3912 defert
514 3851 642 3932 piorum
673 3873 858 3918 consensus.
906 3853 991 3919 Certe
1020 3855 1091 3920 boul
1140 3848 1199 3912 itta
1220 3848 1306 3912 tristi
1326 3849 1424 3912 rutuu
1449 3868 1545 3928 quum
1566 3852 1710 3929 expertus
1732 3851 1806 3911 erat.
1852 3845 2025 3910 Persouam
2049 3865 2120 3928 erpo

112 3936 276 3999 exordium
298 3955 360 3999 aaa
382 3935 509 3999 aliunde
530 3957 626 4016 quam
646 3958 668 4001 a
689 3937 752 4003 soto
768 3938 837 4004 Deo
858 3959 932 4018 esse,
951 3941 1092 4023 faculiet
1140 3935 1277 3999 tentetis
1305 3956 1326 3999 a
1353 3934 1422 3998 Deo
1449 3934 1580 3997 utututl
1607 3933 1795 4015 auscultent,
1827 3932 1934 3995 merito
1957 3930 2019 3994 sthi
2046 3930 2120 3996 dart

112 4025 196 4085 certa
222 4021 344 4085 ratione
368 4021 472 4100 liquet.
517 4021 625 4102 Neque
653 4024 736 4087 euim
758 4025 901 4089 columae
920 4028 1091 4109 reperietur
1135 4022 1218 4102 petit
1243 4039 1441 4101 quaecuuque
1470 4018 1570 4084 electis
1596 4020 1666 4082 suto
1694 4019 1729 4081 iu
1757 4017 1984 4100 repereratioae
2005 4017 2120 4098 musert

111 4104 155 4169 ad
182 4105 293 4170 bouum
320 4126 479 4188 propensa
508 4108 572 4170 uisi
598 4109 634 4171 tu
658 4110 765 4174 electis.
809 4111 911 4191 Atqui
938 4113 1090 4178 electionis
1140 4106 1238 4173 Deus.
1281 4105 1393 4187 Itaque
1413 4110 1532 4170 mortuo
1553 4103 1685 4184 similis,
1715 4109 1798 4185 optat
1819 4125 1852 4168 se
1872 4104 1988 4167 iterum
2009 4102 2119 4181 creari,

110 4211 210 4256 rausa
243 4196 331 4256 astra
359 4191 498 4256 homiues
528 4196 706 4274 quaerenda
733 4201 793 4276 eot;
825 4198 908 4262 uude
934 4200 1091 4280 cmfieitur
1140 4198 1175 4256 ut
1195 4214 1234 4258 aa
1250 4192 1407 4273 meueipto
1427 4196 1573 4269 satanae,
1601 4188 1661 4272 fiat
1680 4191 1814 4271 spiritua
1835 4190 1936 4254 saaca
1958 4208 2117 4273 orpauum.

108 4282 227 4341 rectam
252 4278 437 4343 uoluntatem
457 4300 517 4345 uou
539 4299 604 4345 esse
624 4279 741 4345 homiui
762 4304 783 4346 a
805 4303 838 4346 se
858 4284 940 4364 meo,
971 4284 1026 4350 sed
1051 4306 1089 4350 err
1140 4279 1228 4343 Mira
1260 4298 1338 4343 sans
1371 4283 1404 4342 et
1435 4282 1624 4359 portentosa
1651 4275 1823 4358 superbiae
1850 4282 1981 4340 nostrae
2008 4271 2116 4338 libido.

108 4364 213 4428 eodem
246 4363 443 4447 beueplacito,
472 4386 532 4446 quo
560 4371 631 4431 aute
657 4368 767 4433 muudi
799 4370 981 4434 creationem
1007 4371 1091 4436 oleru
1140 4363 1232 4428 Nihil
1259 4363 1405 4429 severius
1437 4362 1601 4427 D0mim¹⁸
1634 4361 1753 4445 exigit,
1788 4382 1887 4445 quam
1919 4359 2116 4456 Ulfflllgffi·

73 4497 78 4503 .
107 4468 232 4528 sumus,
247 4450 353 4529 fluere.
380 4451 509 4517 Accedit
525 4453 698 4517 admouere
711 4453 869 4520 absimilis
884 4459 973 4521 ratio.
1003 4457 1090 4523 Nam
1140 4451 1267 4516 sissimo
1299 4470 1397 4514 suum
1431 4447 1628 4513 sabbathum
1661 4448 1883 4523 observemus,
1920 4442 2116 4526 quiescendo

110 4554 209 4615 quum
236 4534 307 4600 leue
333 4536 454 4602 volendi
483 4543 511 4601 et
540 4539 652 4621 apeudr'
672 4539 869 4622 paramum
895 4544 937 4606 sit
959 4563 997 4607 ea
1016 4544 1085 4624 fide,
1139 4535 1260 4601 scilieet
1302 4536 1342 4600 ab
1376 4532 1526 4618 operibus
1567 4535 1702 4612 nostris;
1742 4554 1762 4595 a
1795 4529 1900 4596 nobis'
1921 4549 2000 4626 vero
2032 4527 2115 4593 nihil

109 4621 276 4686 ridendum
298 4628 343 4688 est
363 4624 446 4688 uude
465 4625 508 4688 sit
526 4625 599 4706 apsa
620 4624 706 4705 fides.
754 4627 855 4706 Quum
876 4648 947 4691 aero
965 4630 1087 4710 praum-
1138 4620 1243 4704 magis
1276 4640 1373 4704 aegre
1405 4622 1615 4703 impetratum,
1653 4639 1753 4701 quam
1785 4615 2026 4714 ut,·oper1bus
2056 4635 2115 4678 no-

109 4710 175 4770 tum
202 4728 268 4773 esse
288 4706 353 4773 Dei
379 4709 495 4774 clauum
523 4711 630 4777 clamet
655 4715 717 4775 tota
741 4713 913 4793 scriptura,
945 4715 1087 4793 sequitur
1138 4708 1215 4773 stris
1254 4705 1364 4771 valere
1403 4707 1517 4786 iussis,
1556 4705 1622 4769 Dei
1654 4703 1825 4785 operibns·
1844 4708 1967 4800 rustum
2005 4699 2115 4766 locum

109 4813 146 4857 ea
173 4812 262 4857 mera
281 4796 388 4876 pratia
414 4816 479 4860 esse
505 4796 560 4861 ubi
588 4796 662 4861 cette
681 4797 793 4861 bouum
819 4798 1002 4879 incepimus,
1030 4801 1086 4881 qui
1119 4792 1299 4858 cedamus.
1343 4790 1417 4856 Nisi
1446 4790 1590 4856 obstaret
1618 4787 1781 4866 vecordia,
1809 4794 1889 4852 satrs
1910 4786 2115 4852 luculentum

109 4879 151 4942 ad
184 4880 303 4944 matum
340 4885 398 4945 toto
430 4883 534 4947 auimo
571 4892 682 4947 sumus
712 4885 898 4948 naturaliter
923 4888 1084 4966 propensi.
1137 4877 1361 4945 testimonium
1389 4876 1531 4942 reddidit
1557 4875 1670 4960 gratiis
1692 4875 1760 4938 suis
1782 4873 1953 4951 Christus,
1980 4894 2023 4938 11⁰
2043 4892 2114 4936 ma-
2209 4912 2212 4918 ·

106 4962 198 5048 Ergo
218 4963 399 5043 Dominus,
428 4965 484 5031 ubi
511 4968 545 5033 in
573 4968 686 5051 populi
713 4969 766 5033 sui
788 4971 997 5035 conversione
1019 4969 1083 5035 duo
1135 4968 1225 5052 ligno
1236 4962 1526 5046 supprimerentur.
1559 4964 1632 5046 Ego
1645 4982 1727 5040 sum,
1746 4959 1992 5044 inquit(Ioann.
2005 4963 2055 5057 15,
2069 4957 2111 5043 1),

174 5060 176 5062 ’
1136 5051 1230 5130 vitis,
1260 5070 1319 5116 vos
1340 5049 1506 5133 palmites3
1539 5054 1633 5133 pater
1654 5068 1747 5113 mens
1768 5045 1911 5131 agricola
1933 5052 1996 5126 sst3
2030 5051 2114 5111 sieut

100 5139 307 5149 *m*
1135 5139 1261 5224 palmes
1292 5157 1358 5200 non
1390 5141 1498 5217 potest
1528 5135 1672 5200 fructum
1703 5133 1789 5199 ferre
1821 5151 1904 5197 ase
1929 5132 2016 5214 ipso,
2048 5129 2113 5195 nisi

171 5240 201 5305 1)
218 5240 292 5293 aibr.
310 5238 336 5294 a.
356 5239 390 5293 de
408 5241 513 5294 remim
531 5248 633 5310 peceat
652 5259 674 5296 o.
694 5241 733 5297 18.
1135 5222 1294 5294 manserit
1313 5222 1349 5286 in
1370 5222 1446 5301 vite,
1470 5221 1516 5288 sic
1537 5243 1599 5287 neo
1616 5242 1683 5300 vos,
1705 5220 1770 5286 nisi
1786 5219 1822 5284 in
1839 5239 1893 5282 me
1909 5217 2112 5294 manseritis3
