4672 5842
108 312 152 375 26
722 308 990 374 PRAEFATIO
1012 307 1077 372 AD
1099 308 1267 375 REGEM
1290 309 1509 376 GALLIAE.
2077 316 2122 377 26

108 506 295 582 nequeunt,
328 497 518 575 concilium,
551 512 711 580 quantum
744 496 786 561 ad
818 506 972 563 externos
1005 468 1088 562 ritus
1142 496 1305 563 debuerat.
1335 499 1399 563 Est
1419 498 1473 563 hic
1496 498 1601 563 divini
1622 499 1714 564 vorbi
1732 500 1865 581 quidam
1884 501 1977 583 quasi
1995 503 2120 584 genius,

111 612 243 688 attinet,
272 611 374 675 fuisse
395 610 593 694 legitimum,
623 630 684 675 nec
704 609 746 674 ab
765 628 831 673 uno
854 617 984 674 tantum
1005 630 1087 691 porr·
1141 616 1178 674 ut
1205 630 1373 692 nunquam
1400 620 1560 694 emergat,
1588 612 1697 693 quicto
1724 634 1762 677 ac
1784 611 1965 676 dormiente
1993 620 2119 681 satana

110 724 214 801 tiliae,
237 721 296 787 sed
323 742 343 786 a
365 721 492 787 duobus
518 721 687 787 indictum.
730 721 919 785 Damnatus
946 728 997 785 cst
1023 721 1088 785 illic
1140 722 1233 787 Haec
1255 723 1436 787 certissima
1457 731 1491 786 et
1516 722 1551 786 irr
1581 723 1695 804 primis
1716 722 1823 788 fidelis
1849 732 1942 800 nota,
1966 746 2032 806 qua
2053 723 2120 791 dis-

110 835 285 919 Eugenius
312 833 514 911 schismatis,
543 831 742 911 rebellionis,
773 832 985 913 pertinaciae,
1012 855 1087 898 cum
1141 835 1285 898 cernitur
1307 853 1328 895 a
1348 833 1559 898 mendacibus
1582 834 1747 911 doctrinis,
1770 856 1854 917 quac
1876 858 1911 901 sc
1932 836 2027 901 facile
2044 858 2120 919 pro-
2216 846 2219 853 '

111 953 181 1011 teto
203 945 422 1011 cardinalium
443 952 477 1009 et
498 945 723 1026 episcopcrum
751 962 850 1027 grege
873 945 1026 1025 quicum
1051 966 1090 1009 eo
1143 944 1226 1009 dunt
1247 943 1325 1009 dum
1354 946 1465 1027 aequis
1488 946 1635 1009 onmium
1658 946 1790 1011 auribus
1819 947 2023 1028 recipiuntur
2045 960 2079 1013 et
2099 972 2120 1015 a

109 1058 239 1124 concilii
262 1056 509 1122 dissolutionem
531 1055 677 1120 admoliti
699 1068 802 1119 erant
835 1055 956 1121 Postea
978 1066 1089 1119 tamen
1142 1056 1264 1121 mundo
1293 1055 1468 1138 plaudente
1497 1055 1683 1121 audiuntur.
1735 1056 1792 1123 Sic
1822 1058 1960 1123 sacculis
1988 1059 2118 1142 aliquot,

108 1170 297 1252 principum
324 1170 435 1233 farore
467 1166 669 1245 sublevatus,
703 1167 833 1232 salvum
864 1168 1089 1249 pontificatum
1142 1169 1260 1249 quibus
1286 1168 1455 1250 profundis
1482 1168 1624 1233 tenebris
1651 1169 1820 1234 subrrrcrsc
1846 1171 1980 1234 fuerunt
1999 1173 2118 1251 omnia,

107 1282 241 1364 recepit.
291 1281 356 1345 Illa
382 1278 542 1344 Amedaei
570 1278 698 1356 electio,
728 1279 889 1362 generalis
917 1291 950 1343 ct
982 1301 1090 1344 sacro-
1143 1280 1222 1345 huic
1259 1279 1376 1343 mundi
1415 1278 1544 1343 domino
1582 1280 1691 1345 cuncti
1724 1280 1792 1345 fero
1835 1281 1988 1347 mortales
2021 1283 2119 1351 ludu's

111 1400 246 1458 sanctae
280 1391 396 1476 synodi
429 1391 606 1455 autoritate
632 1391 694 1454 rite
724 1400 870 1472 peracta,
900 1392 935 1455 in
962 1392 1089 1455 fumum
1142 1402 1237 1456 crant
1265 1412 1302 1456 ao
1330 1392 1435 1469 iocus,
1462 1413 1522 1455 nec
1548 1413 1640 1457 secus
1669 1415 1707 1457 ac
1729 1390 1975 1474 sardanapalus
2003 1395 2120 1477 aliquis

110 1506 206 1583 abiit;
240 1504 304 1569 nisi
333 1502 419 1584 quod
444 1502 516 1584 ipss
542 1503 653 1585 galero
674 1502 893 1579 cardinalitia,
917 1524 976 1568 ceu
998 1503 1090 1568 oanis
1142 1504 1178 1566 in
1200 1504 1267 1567 alta
1291 1524 1372 1584 pace
1395 1502 1562 1567 desidebat
1586 1525 1623 1568 ac
1652 1502 1872 1569 deliciabatur.
1918 1503 2008 1584 Quid
2030 1507 2120 1571 eninr

108 1617 237 1681 latrans
252 1616 374 1680 iniecta
386 1613 461 1692 offa,
479 1615 628 1697 placatus
640 1621 699 1678 cst.
729 1615 783 1677 Ex
799 1615 931 1678 illorum
948 1615 1089 1680 haereti-
1143 1613 1232 1679 aliud
1253 1636 1352 1696 quam
1373 1614 1500 1679 risisset
1521 1636 1559 1680 ac
1581 1616 1719 1693 lusisset,
1744 1616 1921 1697 tranquilla
1944 1638 1981 1681 ac
2003 1626 2121 1699 pacata

107 1749 232 1807 corum,
251 1726 421 1791 rebellium
440 1747 477 1791 ac
488 1726 704 1808 pertinacium
720 1727 845 1809 gremio
856 1727 978 1807 prodiit
995 1727 1089 1810 quid·
1142 1726 1235 1809 regni
1268 1725 1491 1807 possessione?
1546 1729 1594 1790 rit
1626 1749 1704 1791 vero
1724 1729 1790 1799 ‚ubi
1824 1728 1883 1792 lux
1915 1749 1933 1791 a
1967 1730 2118 1810 supernis

107 1839 187 1923 quid
199 1848 313 1921 postea
324 1859 495 1921 paparum,
507 1837 732 1911 cardinalium,
744 1838 978 1919 episcoporum,
990 1839 1089 1904 abba·
1143 1838 1304 1920 aflirlgens
1337 1839 1489 1903 tenebras
1526 1839 1596 1903 eius
1623 1839 1827 1921 aliquantum
1860 1838 2026 1914 discussit,
2061 1840 2118 1905 ubi
2227 1882 2232 1897 ·

107 1964 197 2023 tum,
220 1949 487 2033 presbyterorum
510 1950 580 2013 luit
604 1950 692 2014 -Hic
715 1949 909 2032 deprehensi
932 1951 1090 2016 haereant
1141 1950 1235 2014 fortis
1265 1949 1320 2013 ille
1348 1971 1489 2033 regnum
1516 1951 1586 2015 cius
1620 1951 1766 2015 turbarit
1794 1972 1831 2015 ac
1858 1951 2012 2034 perculit,
2045 1959 2118 2015 tum

106 2082 242 2127 necesso
264 2070 323 2125 est.
354 2062 473 2127 Utrum
491 2062 578 2125 mrim
599 2062 635 2124 in
651 2070 780 2144 partem
797 2062 952 2126 ecclesiae
970 2084 1089 2128 nomen
1142 2083 1219 2126 vero
1250 2061 1384 2126 solitum
1417 2082 1514 2126 suum
1547 2068 1710 2143 torporem
1743 2070 1897 2127 excutere
1930 2064 2049 2144 coepit,
2083 2070 2118 2128 et

108 2173 301 2241 conferent?
324 2172 727 2265 negabuntnaconcilium.
739 2173 892 2256 gencrale
909 2175 1018 2251 fuisse,
1035 2176 1089 2241 cni
1143 2194 1235 2237 arma
1256 2174 1426 2254 corripere.
1471 2174 1518 2237 Et
1538 2174 1681 2255 primum
1703 2174 1833 2255 quidem
1854 2174 2025 2237 hominum
2046 2196 2117 2241 ma-

108 2286 194 2351 nihil
212 2285 256 2349 ad
272 2286 467 2350 exteriorem
484 2285 690 2353 maiestatem
708 2283 842 2349 decrat?
866 2307 983 2368 nempe
1002 2286 1089 2367 quod
1141 2306 1205 2348 nus
1227 2285 1417 2361 concitavit,
1447 2285 1564 2366 quihus
1590 2285 1832 2350 illucescentem
1855 2286 2026 2350 veritatem
2049 2288 2117 2352 vio-

108 2396 236 2463 duobus
254 2396 484 2479 diplomatibus
501 2395 681 2460 solenniter
696 2394 865 2476 indictum,
884 2397 1089 2479 praesidente
1141 2396 1247 2460 lenter
1265 2398 1471 2478 opprimeret.
1500 2396 1567 2461 Per
1584 2417 1665 2477 quas
1683 2397 1739 2461 ubi
1757 2396 1840 2459 nihil
1859 2397 2039 2477 profectum
2057 2406 2132 2477 est,¹

108 2530 264 2573 romanae
292 2506 378 2573 sedis
401 2508 510 2591 legato
539 2518 780 2586 consecratum,
809 2530 919 2573 rerum
941 2511 1103 2574 omnium*
1142 2505 1184 2571 ad
1205 2507 1340 2572 insidias
1362 2528 1397 2572 sc
1419 2515 1594 2581 convertit,
1619 2506 1753 2572 dissidia
1775 2522 1807 2571 et
1829 2507 2019 2591 dogmatum
2042 2531 2118 2573 con-

109 2619 225 2685 ordine
252 2619 336 2684 hene
362 2620 592 2701 compositum,
627 2619 740 2684 cadem
773 2640 903 2702 semper
931 2620 1088 2704 dignitate
1141 2620 1301 2683 tentiones
1324 2640 1383 2701 per
1407 2618 1649 2700 Catabaptistas
1671 2641 1746 2684 suos
1774 2628 1807 2683 ct
1830 2620 1893 2683 alia
1917 2618 2118 2685 nebulonum

109 2733 152 2797 ad
179 2742 366 2796 extremum
393 2731 623 2813 perseveravit
668 2725 878 2795 Fatehuntur
904 2732 1088 2797 schismati·
1139 2739 1293 2813 portenta
1320 2732 1490 2809 excitavit,
1518 2732 1635 2812 quihus
1658 2752 1731 2794 eanr
1752 2729 1954 2808 obscuraret,
1984 2732 2117 2801 tandem

109 2866 183 2909 cum
205 2842 395 2927 Eugenium
417 2864 493 2908 cunr
514 2850 584 2907 tota
605 2864 665 2907 sua
686 2842 828 2919 cohorte,
853 2863 955 2925 aqua
976 2864 1088 2908 omnes
1141 2851 1175 2907 et
1205 2844 1436 2925 exstingueret.
1480 2843 1527 2907 Et
1555 2865 1643 2907 nunc
1665 2850 1803 2924 utraque
1831 2842 1984 2907 machina
2010 2844 2117 2925 ipsam

108 2956 300 3021 sanctificati
323 2953 423 3019 sunt?
467 2955 538 3018 Aut
563 2954 665 3037 igitur
686 2955 839 3020 ecclesiae
867 2955 1005 3020 formam
1028 2956 1088 3019 ali·
1140 2964 1268 3018 tentare
1290 2965 1487 3038 perseverat.
1523 2952 1694 3037 Siquidem
1716 2962 1750 3018 ct
1771 2975 1886 3020 verum
1904 2954 1985 3018 illud
2005 2976 2117 3021 semen

110 3076 162 3132 ter
183 3066 350 3145 definiant,
374 3073 432 3130 aut
449 3074 608 3148 quotquot
624 3074 710 3139 sunt,
730 3066 940 3132 habebuntur
957 3089 978 3132 a
994 3068 1088 3133 nobis
1140 3066 1173 3131 vi
1202 3088 1239 3131 ac
1266 3088 1368 3131 manu
1390 3066 1562 3130 hominum
1583 3065 1723 3130 evellere
1745 3076 1896 3142 conatur,
1928 3074 1962 3129 ct
1983 3068 2050 3131 suis
2071 3068 2116 3131 ai-

111 3178 326 3259 schismatici,
353 3178 411 3261 qui
440 3178 579 3241 scientes
601 3177 749 3243 volentes
771 3178 812 3243 ab
841 3177 1013 3243 haereticis
1034 3199 1087 3243 cr·
1140 3178 1242 3242 neniis
1276 3178 1451 3261 (quantum
1482 3179 1518 3241 in
1550 3200 1585 3243 se
1612 3177 1676 3262 est)
1708 3178 1826 3242 nititur
1858 3197 2042 3255 occaecare,
2075 3200 2118 3245 ne

108 3289 214 3355 dinati
243 3299 329 3355 sunt
375 3287 471 3369 Quod
503 3289 532 3352 si
559 3309 730 3370 nunquam
757 3298 856 3354 antea
885 3298 1088 3373 compertum
1140 3298 1264 3355 crescat
1284 3298 1318 3354 ot
1338 3290 1482 3355 fructum
1502 3288 1625 3354 reddat.
1669 3289 1838 3353 letamen
1859 3290 2117 3372 ipsunrfmstra,

106 3401 242 3479 fuisset,
265 3402 412 3467 externis
429 3401 558 3484 pompis
580 3419 648 3463 non
670 3400 799 3484 alligari
821 3401 1005 3482 ecclesiam,
1024 3403 1087 3485 ipsi
1140 3401 1168 3466 si
1190 3401 1385 3466 monitorem
1406 3402 1586 3466 Dominum
1608 3400 1777 3478 audimus,
1805 3400 1861 3482 qui
1883 3410 1915 3465 et
1937 3401 2008 3466 eius
2029 3408 2117 3469 artes

105 3511 241 3596 prolixo
261 3510 453 3577 documento
474 3512 566 3577 nobis
588 3533 659 3577 esse
680 3522 830 3595 possunt,
853 3514 910 3596 qui
931 3515 992 3580 sub
1014 3535 1087 3596 spe·
1139 3514 1243 3578 multo
1266 3524 1342 3577 ante
1362 3514 1455 3578 nohis
1478 3513 1607 3596 aperuit
1623 3535 1665 3577 ne
1683 3513 1831 3577 incautos
1848 3511 2117 3593 deprehenderet,

107 3625 198 3691 cioso
219 3622 277 3688 illc
298 3623 451 3689 ccclesiae
472 3623 567 3688 titulo
588 3623 715 3688 tamdiu
734 3645 769 3687 sc
792 3625 862 3689 orbi
880 3625 1088 3708 superciliose
1139 3632 1174 3689 et
1194 3634 1309 3689 contra
1337 3645 1450 3689 omnes
1472 3626 1547 3689 eius
1570 3624 1739 3689 machinas
1761 3624 1840 3689 satis
1867 3624 1971 3689 firmis
1993 3625 2117 3707 praesi-

107 3734 339 3814 venditarunt,
368 3755 469 3816 quum
495 3741 604 3800 tenren
625 3746 735 3801 essent
762 3736 912 3802 exitiales
933 3738 1087 3803 ecclesiae
1140 3736 1202 3801 diis
1224 3736 1372 3801 armavit
1418 3736 1610 3814 (laetorum,
1633 3736 1669 3799 in
1688 3737 1797 3818 ipsum
1820 3734 1885 3799 Dei
1908 3735 2044 3799 verbum
2065 3737 2116 3799 in·
2228 3776 2233 3787 ·

109 3854 226 3930 pestes.
284 3847 337 3912 De
368 3845 513 3912 moribus
543 3868 611 3911 non
637 3848 765 3930 loquor,
800 3854 834 3913 ct
861 3849 995 3932 tragicis
1021 3849 1088 3914 illis
1139 3848 1262 3913 vidiam
1292 3849 1453 3926 conrarre,
1488 3858 1545 3913 aut
1573 3847 1784 3920 seditionum,
1809 3868 1889 3928 quas
1916 3847 2055 3929 improbi
2084 3853 2118 3912 et

110 3960 321 4037 facinoribus,
350 3959 468 4041 quibus
491 3966 594 4024 scatet
621 3968 691 4025 tota
712 3981 826 4025 eorum
847 3960 928 4024 vita:
958 3961 1088 4042 quando
1139 3959 1291 4038 rchcllcs,
1322 3966 1579 4038 anteactarum,
1609 3980 1689 4040 quas
1709 3960 1902 4040 impostores
1924 3967 2038 4024 contra
2059 3980 2117 4023 cx·

106 4070 303 4137 Pharisaeos
330 4091 365 4135 se
393 4090 465 4135 esse
491 4072 598 4148 aiunt,
632 4071 688 4153 qui
720 4072 786 4137 sint
818 4071 986 4150 audiendi,
1019 4092 1087 4136 non
1140 4072 1253 4151 citant,
1276 4080 1401 4154 quanta
1417 4078 1468 4135 est
1484 4069 1695 4155 malignitas?
1725 4070 1858 4137 Novum
1876 4079 1987 4136 tamen
2006 4092 2116 4136 exem·

107 4181 266 4247 imitandi.
315 4182 443 4264 Ipsam,
470 4182 576 4263 ipsam
603 4181 808 4260 doctrinam,
836 4183 887 4250 cui
914 4183 948 4248 id
977 4182 1087 4248 deberi
1139 4182 1232 4264 plum
1252 4205 1317 4247 non
1338 4191 1397 4247 est.
1441 4183 1713 4266 interrogabatur
1733 4182 1825 4247 Elias
1847 4203 1957 4247 annon
1979 4184 2009 4247 is
2030 4191 2117 4247 esset

108 4294 202 4358 aiunt
222 4293 309 4377 quod
336 4301 414 4359 sunt
441 4292 593 4371 ecclesia,
620 4294 993 4361 exitialem-animarum
1015 4317 1087 4361 car-
1138 4297 1194 4380 qui
1227 4294 1380 4361 turbabat
1411 4294 1540 4360 Israel?
1596 4292 1749 4359 Christus
1783 4292 1953 4359 seditiosus
1985 4291 2116 4357 ludaeis

106 4405 284 4483 nificinam
306 4405 419 4482 facem
443 4404 584 4483 ruinam,
607 4412 641 4468 et
662 4405 823 4470 excidium
841 4408 996 4473 ccclesiae
1015 4428 1086 4473 esse
1138 4416 1218 4472 erat
1267 4406 1435 4489 Apostolis
1463 4407 1586 4471 crimen
1621 4407 1864 4490 impingebatur
1892 4404 2117 4471 commotionis

105 4537 175 4581 non
195 4517 332 4582 obscure
353 4530 542 4601 cognosces,
571 4517 599 4580 si
627 4515 775 4599 legendis
797 4519 916 4583 nostris
937 4519 1085 4602 aliquan·
1138 4520 1312 4602 popularis.
1358 4517 1448 4599 Quid
1471 4518 1560 4583 aliud
1582 4526 1685 4601 agunt
1713 4518 1767 4599 qui
1792 4514 1887 4579 bodie
1910 4537 2023 4578 omncs
2045 4523 2116 4578 tur-

106 4638 179 4693 tum
204 4629 264 4693 otii
286 4629 338 4695 tui
367 4628 505 4695 decidas.
550 4629 738 4706 Postrema,
760 4650 826 4693 non
848 4631 927 4695 satis
948 4631 1086 4696 candide
1138 4630 1216 4707 bas,
1239 4631 1411 4709 tumultus,
1439 4630 1670 4706 contentiones,
1700 4649 1782 4709 quae
1805 4628 1841 4691 in
1863 4648 1923 4691 nos
1945 4624 2116 4707 ebulliunt,

106 4741 245 4819 iaciunt,
267 4760 369 4822 quum
396 4740 555 4806 invidiose
577 4749 835 4807 commemorant
855 4749 994 4823 quantas
1015 4749 1085 4807 tur·
1137 4743 1232 4808 nobis
1264 4741 1449 4824 imputant?
1506 4742 1639 4806 Talibus
1666 4750 1774 4803 autem
1807 4737 1885 4821 quid
1918 4739 2116 4822 responden-

105 4852 180 4929 bas,
202 4841 378 4931 tumultus,
407 4854 631 4919 contentiones
657 4874 770 4919 secum
797 4853 935 4917 amerit
956 4862 1086 4919 nostrae
1138 4852 1218 4919 dum
1250 4856 1306 4934 sit,
1341 4854 1451 4919 docuit
1476 4875 1535 4918 nos
1561 4852 1668 4930 Elias,
1698 4873 1758 4916 nos
1785 4873 1852 4916 non
1880 4873 1951 4917 csso
1979 4853 2034 4935 qui
2063 4851 2116 4917 vol

105 4963 274 5030 doetrinae
294 4963 507 5045 praedicatio,
536 4973 571 5030 et
592 4987 672 5050 quos
692 4987 782 5031 nunc
803 4965 840 5029 in
866 4965 979 5030 multis
999 4966 1085 5031 fruc·
1137 4988 1265 5033 errores
1286 4966 1486 5050 spargimus,
1514 4964 1567 5031 vel
1587 4964 1748 5029 tumultus
1773 4985 2028 5039 commovemus,
2057 4963 2115 5029 sed

106 5086 160 5141 tus
188 5076 282 5141 ferat
326 5074 416 5141 Nam
442 5077 561 5142 horum
587 5078 750 5143 malorum
772 5077 869 5161 culpa
895 5076 1029 5161 indigne
1050 5078 1086 5141 in
1137 5100 1192 5143 eos
1220 5079 1307 5161 ipsos
1333 5079 1389 5161 qui
1414 5078 1480 5143 Dei
1507 5077 1624 5144 virtuti
1655 5076 1872 5141 obluctantur.
1922 5076 2050 5141 Verum
2077 5081 2116 5138 ut

104 5188 213 5271 ipsam
234 5184 417 5268 derivatur,
445 5208 529 5272 quae
548 5189 586 5255 in
606 5196 739 5255 satanae
761 5190 921 5255 malitiam
942 5188 1087 5271 torqueri
1136 5189 1220 5257 illud
1256 5212 1360 5255 unum
1401 5188 1443 5254 ad
1482 5187 1721 5255 retundendam
1754 5209 1866 5252 eorum
1896 5187 2114 5251 temeritatem
