4672 5842
242 314 304 374 rra
886 303 1154 372 mamaeam
1176 304 1281 370 aaa.
1304 301 1484 397 eflslsu.
1511 308 1602 371 1559.
2183 307 2248 368 tre

241 499 307 565 Dei
329 499 450 562 alienos
472 496 585 573 fuisse,
616 496 650 558 in
671 493 794 558 Israele
822 493 953 575 quidem
975 493 1124 573 Heliam,
1153 494 1217 557 Mi·
1270 498 1480 574 tempserant,
1503 492 1691 557 horribilem
1710 496 1951 576 quassationem
1969 514 2006 559 ac
2024 493 2249 560 disiectionem

243 585 378 650 chaeam
406 589 439 645 et
466 580 603 659 similes;
632 581 667 643 in
695 578 778 644 Iuda
805 586 915 643 autem
944 579 1098 655 Iesaiam,
1127 578 1217 643 Iere-
1269 579 1340 641 fieri
1367 579 1566 661 permiserit;
1595 578 1652 642 sed
1681 580 1721 643 ab
1751 580 1824 662 ipsa
1844 602 1970 663 quoque
1992 581 2176 645 vastatione
2198 601 2249 645 se-

242 670 358 746 niam,
389 665 510 732 Oseam
540 676 572 731 et
600 667 741 749 reliquos
768 665 839 729 eius
867 674 976 742 notae,
1011 685 1091 746 quos
1124 666 1217 747 peius
1269 665 1429 728 miratum
1450 663 1634 728 aedificium
1656 685 1825 746 superesse
1846 666 1958 732 voluit.

240 754 409 838 quibusvis
435 752 670 819 incircumcisis
692 751 828 816 oderant
842 758 876 814 et
891 751 1145 815 exsecrabantur
1166 752 1216 814 sui
1359 754 1406 813 12.
1441 748 1553 830 Quum
1575 770 1653 833 ergo
1673 751 1827 816 ecelesiae
1849 753 1981 816 titulum
2003 774 2069 816 non
2091 752 2249 834 simplici-

242 841 364 906 saeculi
390 840 584 922 prophetae,
613 836 795 902 sacerdotes
823 844 857 900 et
884 836 1031 917 populus.
1077 834 1115 900 si
1143 836 1217 900 illae
1269 842 1321 899 ter
1343 836 1492 900 volumus
1514 836 1691 901 concedere
1718 838 1870 920 papistis,
1900 860 1966 903 non
1993 838 2066 902 ideo
2094 838 2249 904 ecelesias

242 927 410 1012 ecelesiae,
440 947 517 1008 crgo
545 924 680 988 eeclesia
708 943 776 985 nen
798 921 949 985 columna
970 923 1132 999 veritatis,
1161 921 1218 986 sed
1270 920 1356 1002 apud
1378 942 1433 986 eos
1454 942 1525 986 esse
1553 922 1748 1001 infitiamur;
1775 922 1832 988 sed
1858 931 1989 988 tantum
2015 924 2186 1007 litigamus
2208 923 2249 989 de

240 1014 490 1078 firmamentum
516 1008 690 1086 mendacii;
718 1027 784 1071 non
812 1007 1059 1072 tabernaculum
1081 1007 1146 1071 Dei
1170 1008 1217 1070 vi-
1269 1027 1349 1071 vera
1381 1016 1415 1071 et
1446 1007 1592 1089 legitima
1625 1009 1778 1073 ecclesiae
1812 1011 2061 1085 constitutione,
2096 1032 2181 1092 quae
2213 1013 2249 1074 in

243 1100 365 1174 ventis,
392 1095 450 1162 scd
475 1096 636 1161 idolorum
657 1093 909 1176 receptaculum.
953 1093 1093 1158 Necesse
1115 1093 1218 1176 igitur
1269 1093 1496 1157 communione
1514 1115 1588 1158 cum
1611 1115 1788 1171 sacrorum,
1811 1117 1895 1177 quae
1917 1097 2013 1179 signa
2034 1096 2101 1160 sint
2122 1097 2250 1177 profes·

242 1184 409 1249 habebant
430 1183 469 1247 ab
492 1202 605 1246 eorum
627 1188 777 1244 coetuum
799 1179 1010 1245 consensione
1029 1177 1216 1254 desciscere,
1269 1178 1383 1255 sionis,
1419 1187 1490 1242 tum
1523 1200 1600 1243 vero
1633 1182 1838 1261 potissimum
1867 1182 2032 1246 doctrinae
2060 1183 2248 1264 requiritur.

243 1291 328 1354 quae
355 1269 438 1333 nihil
466 1264 555 1331 aliud
581 1274 652 1330 erat
677 1285 775 1347 quam
801 1265 902 1346 impia
929 1262 1087 1328 adversus
1108 1265 1217 1328 Deum
1269 1264 1511 1328 Antichristum
1534 1265 1569 1327 in
1592 1267 1712 1349 templo
1734 1266 1798 1330 Dei
1820 1290 1987 1332 sessurum
2009 1267 2250 1350 praedixerunt

243 1355 447 1438 conspiratio.
491 1351 619 1417 Eadem
646 1352 771 1415 ratione
795 1351 823 1413 si
843 1351 916 1431 quis
937 1358 1125 1431 praesentes
1145 1371 1217 1414 coe·
1269 1350 1390 1413 Daniel
1423 1351 1474 1435 (9,
1496 1349 1553 1434 27)
1588 1358 1621 1414 et
1648 1352 1773 1416 Paulus
1806 1354 1841 1434 (2
1865 1353 1978 1419 Thess.
2003 1358 2037 1430 2,
2061 1354 2106 1437 4).
2152 1354 2249 1418 Illius

242 1449 297 1506 tus
318 1440 515 1515 idololatria,
545 1438 790 1518 superstitione,
814 1435 914 1517 impia
935 1435 1084 1499 doctrina
1106 1445 1216 1500 conta·
1269 1435 1416 1500 scelerati
1445 1444 1478 1500 et
1504 1437 1711 1501 abominandi
1739 1439 1831 1521 regni
1855 1438 1972 1505 ducem
1998 1449 2032 1503 et
2057 1441 2249 1523 antesigna-

242 1528 384 1591 minatos
412 1547 472 1608 pro
499 1523 641 1589 ecclesiis
675 1529 844 1605 agnoscat,
878 1522 913 1583 in
946 1541 1086 1602 quarum
1119 1520 1217 1602 plena
1268 1541 1348 1584 num
1371 1520 1457 1602 apud
1479 1543 1538 1587 nos
1560 1523 1695 1587 iacimus
1717 1545 1889 1588 romanum
1910 1525 2106 1609 pontificem.
2148 1524 2250 1605 Quod

242 1611 469 1678 communione
496 1608 710 1691 perstandum
738 1608 781 1672 sit
808 1606 934 1670 homiui
961 1606 1139 1671 christiano
1163 1629 1217 1670 us·
1268 1606 1362 1670 sedes
1389 1608 1458 1671 eius
1486 1608 1521 1670 in
1550 1609 1672 1690 templo
1700 1608 1764 1673 Dei
1792 1611 1981 1688 collocatur,
2011 1611 2059 1675 ita
2087 1612 2248 1688 innuitur,

240 1718 303 1781 que
326 1696 367 1761 ad
390 1697 556 1761 doetrinae
577 1694 831 1770 consensionem,
853 1691 948 1756 valde
966 1691 1096 1756 errabit.
1130 1692 1217 1755 Nam
1267 1691 1332 1756 tale
1350 1694 1418 1757 lore
1436 1693 1505 1757 eius
1523 1714 1662 1776 regnum
1680 1695 1765 1775 quod
1783 1717 1843 1761 nec
1860 1695 1986 1761 Christi
2007 1718 2069 1762 nec
2090 1697 2249 1762 eeclesiae

242 1783 445 1848 siecclesiae
467 1791 560 1857 sunt,
611 1787 733 1844 otestas
755 1778 898 1843 clavium
919 1798 1019 1860 penes
1041 1779 1128 1860 ipsas
1151 1788 1215 1856 est;
1268 1798 1388 1841 nornen
1423 1777 1557 1842 aboleat.
1615 1779 1703 1844 Hinc
1743 1782 1845 1864 igitur
1876 1790 1981 1863 patet,
2015 1803 2075 1847 nos
2106 1782 2248 1847 minime

241 1870 332 1950 atqui
354 1869 462 1934 claves
484 1803 689 1931 individuum
712 1863 834 1929 habent
856 1884 980 1926 nexum
1005 1885 1079 1928 cum
1105 1863 1214 1940 verbo,
1268 1884 1390 1946 negare
1416 1864 1497 1946 quin
1524 1863 1584 1928 sub
1612 1866 1682 1929 cius
1715 1886 1843 1948 quoque
1876 1868 2051 1952 tyrannide
2089 1867 2246 1933 eeclesiae

240 1953 327 2038 quod
360 1954 449 2019 illinc
482 1953 693 2035 profligatum
724 1958 781 2015 est.
836 1946 966 2012 Deinde
1000 1950 1027 2013 si
1061 1948 1216 2013 ecclesiae
1268 1959 1440 2026 maneant,
1475 1949 1532 2014 sed
1565 1971 1646 2031 quas
1679 1952 1838 2035 sacrilega
1864 1953 2030 2035 impietate
2052 1954 2245 2036 proianarit,

237 2050 322 2113 sunt,
346 2039 435 2104 valet
457 2038 545 2121 apud
566 2058 620 2101 eas
643 2036 768 2101 Christi
791 2034 977 2117 promissio:
1001 2032 1215 2117 quodeunque
1267 2054 1348 2115 quas
1375 2035 1512 2098 immani
1541 2035 1761 2102 dominatione
1783 2040 1951 2115 afflixerit,
1979 2061 2061 2121 quas
2089 2039 2187 2103 malis
2212 2048 2247 2104 et

235 2125 427 2210 ligaveritis,
451 2136 511 2188 etc.
547 2123 671 2189 Contra
689 2130 807 2198 autem,
831 2119 984 2185 abdicant
1005 2141 1025 2184 a
1046 2141 1105 2185 sua
1128 2142 1215 2185 com·
1267 2119 1454 2185 exitialibus
1477 2121 1647 2198 doctrinis,
1675 2144 1734 2187 ceu
1758 2127 1928 2190 venenatis
1949 2125 2149 2208 petionibus,
2174 2147 2245 2191 cor-

236 2213 391 2276 munioue
413 2211 597 2292 quicunque
620 2230 654 2272 se
672 2206 797 2272 Christi
820 2226 930 2271 servos
952 2226 1018 2270 non
1041 2208 1116 2271 ficte
1138 2227 1214 2289 pro·
1266 2207 1394 2288 ruperit
1415 2216 1448 2270 et
1473 2208 1709 2289 propemodum
1732 2212 1875 2274 enecarit
1881 2235 1890 2290 ;
1913 2211 2088 2293 inquibus
2111 2213 2246 2276 semise-

236 2299 381 2362 fitentur.
399 2329 408 2344 ·
426 2296 517 2377 Ergo
547 2303 604 2358 aut
630 2293 770 2357 evanida
797 2302 847 2356 est
873 2289 999 2380 Christi
1030 2293 1212 2373 promissio,
1265 2291 1377 2373 pultus
1399 2292 1499 2356 lateat
1521 2292 1689 2371 Christus,
1712 2294 1865 2359 obrutum
1887 2297 2110 2379 evangelium,
2132 2298 2245 2379 profli-

237 2390 382 2447 autnon
404 2388 495 2456 sunt,
523 2380 585 2444 hoc
607 2377 723 2443 saltem
745 2379 877 2452 intuitu,
901 2377 1064 2442 ecclesiae.
1109 2376 1213 2442 Deni-
1308 2385 1344 2440 ta
1377 2379 1497 2460 pietas,
1532 2379 1639 2444 cultus
1672 2380 1737 2444 Dei
1770 2381 1837 2446 fere
1869 2382 2008 2447 abolitus
2015 2406 2023 2460 ;
2057 2384 2092 2446 in
2126 2383 2245 2465 quibus

237 2487 299 2550 que
328 2486 387 2548 pro
416 2464 507 2530 verbi
536 2464 718 2529 ministerio
740 2463 862 2527 habent
883 2461 1010 2526 scholas
1033 2463 1213 2545 impietatis
1287 2463 1404 2544 enique
1437 2465 1547 2529 omnia
1579 2465 1625 2529 sie
1658 2467 1725 2528 sint
1756 2469 1964 2546 conturbata,
1998 2478 2035 2532 ut
2062 2468 2245 2553 Babylonis

237 2561 271 2617 et
292 2572 441 2616 errorum
463 2572 558 2615 omne
580 2570 684 2633 genus
707 2548 879 2614 sentinam.
916 2547 1060 2612 Proinde
1082 2557 1140 2612 ant
1161 2570 1213 2615 ec·
1263 2549 1371 2631 potius
1394 2571 1492 2631 quam
1514 2550 1656 2615 civitatis
1678 2550 1743 2615 Dei
1771 2563 1906 2618 sanctae
1927 2555 2026 2619 facies
2053 2554 2119 2618 illic
2141 2574 2245 2637 appa-

237 2638 367 2715 clesiae,
402 2635 582 2702 secundum
610 2636 695 2700 hanc
724 2636 900 2710 rationem,
931 2655 996 2697 non
1029 2641 1121 2712 sunt;
1154 2644 1213 2698 aut
1264 2646 1344 2699 reat.
1378 2635 1419 2699 In
1438 2657 1574 2714 summa,
1598 2636 1750 2702 ecclesias
1769 2659 1839 2704 esse
1858 2640 1928 2704 dico
1949 2650 2106 2721 quatenus
2127 2640 2245 2721 populi

236 2723 364 2789 nullum
397 2723 533 2788 restabit
565 2721 749 2806 symbolum
782 2742 846 2802 quc
885 2718 1024 2802 legitimi
1063 2719 1211 2785 fidelium
1264 2720 1316 2785 sui
1333 2720 1496 2803 reliquias,
1519 2731 1684 2804 utcunque
1702 2724 1820 2789 misere
1838 2724 2002 2809 dispersas
2018 2747 2053 2790 ac
2076 2724 2240 2803 disiectas,

235 2818 347 2876 coetus
368 2829 388 2872 a
410 2810 593 2873 ‘furcarum
615 2805 827 2873 conventibus
849 2805 1085 2870 discernantur.
1264 2805 1330 2872 illic
1357 2805 1550 2871 mirabiliter
1572 2806 1735 2872 Dominus
1762 2820 1949 2889 conservat,
1980 2819 2135 2894 quatenus
2150 2831 2240 2892 ,per-

326 2899 373 2958 11..
418 2894 465 2959 Ut
493 2902 602 2958 tamen
629 2893 808 2957 manebant
842 2891 921 2954 olim
954 2892 1041 2956 inter
1073 2892 1212 2956 Iudaeos
1264 2900 1400 2956 manent
1412 2893 1534 2974 aliquot
1551 2892 1705 2959 ecclesiae
1716 2895 1872 2979 symbola,
1891 2897 2242 2980 atqueeapraesertim

295 2981 415 3045 uliares
436 2978 597 3062 quaedam
619 2979 772 3044 eeclesiae
793 2977 1054 3061 praerogativae,
1083 2978 1130 3040 ita
1151 2999 1212 3043 nec
1264 2998 1403 3060 quorum
1431 2979 1609 3044 efficaciam
1629 3002 1690 3044 nee
1713 2979 1833 3046 diaboli
1856 2984 1986 3060 astutia,
2010 3003 2069 3048 nec
2090 2982 2243 3047 humana

259 3066 332 3131 odic
359 3067 494 3148 papistis
517 3065 691 3130 adimimus
712 3085 795 3147 quae
818 3083 987 3145 superesse
1009 3083 1050 3125 ex
1074 3061 1211 3145 dissipa·
1263 3063 1410 3145 pravitas
1432 3063 1600 3130 destruere
1621 3072 1737 3149 potest.
1778 3065 1847 3132 Sed
1868 3070 1945 3151 quia
1966 3089 1985 3132 e
2006 3089 2164 3134 converso
2186 3068 2242 3133 de-

234 3154 324 3217 tione
351 3151 491 3235 vestigia
519 3150 673 3217 ecclesiae
701 3151 788 3214 inter
817 3170 872 3215 eos
899 3148 1065 3212 Dominus
1097 3148 1210 3215 veluit.
1263 3148 1348 3213 letae
1377 3157 1456 3214 sunt
1482 3150 1549 3216 illic
1571 3159 1668 3216 notae
1690 3172 1771 3234 quas
1792 3155 1966 3237 praecipue
1988 3156 2023 3218 in
2046 3155 2108 3220 hae
2130 3153 2242 3236 dispu-

234 3236 322 3305 Oum
351 3237 416 3303 illis
443 3236 557 3301 foedus
584 3257 682 3302 suum
709 3236 809 3300 semel
842 3234 1144 3317 pepigerat‚Deus;
1177 3234 1211 3299 id
1263 3235 1386 3299 tatione
1407 3236 1569 3318 respicere
1590 3236 1760 3315 debemus,
1789 3237 1859 3304 dico
1882 3260 2147 3322 unumquemque
2170 3260 2241 3304 eoe-

233 3345 294 3391 sua
320 3324 426 3406 magis
454 3322 557 3404 ipsius
585 3322 740 3386 firmitate
762 3321 941 3386 subnixum
963 3327 1077 3384 contra
1098 3341 1212 3387 eornm
1262 3325 1334 3384 tum
1373 3328 1406 3385 et
1444 3330 1549 3387 tetum
1589 3343 1705 3406 eorpus
1749 3345 1860 3390 carere
1898 3326 2046 3410 legitima
2087 3326 2242 3392 ecclcsiae

233 3409 437 3490 impietatem
459 3407 631 3472 eluctando
648 3405 850 3489 persistebat,
874 3425 974 3487 quam
992 3406 1032 3470 ab
1050 3405 1116 3471 illis
1134 3427 1211 3471 eon-
1262 3405 1374 3471 forma.

234 3494 438 3560 servabatur.
471 3490 565 3572 Quae
586 3493 695 3574 itaque
717 3491 877 3557 certitudo
900 3499 950 3556 est
971 3511 1008 3556 ao
1030 3494 1212 3557 constantia

235 3579 367 3645 divinae
389 3577 552 3654 bonitatis,
566 3577 729 3643 residebat
750 3579 815 3644 illic
838 3576 953 3643 foedus
975 3578 1127 3656 Domini;
1150 3600 1211 3644 nec

233 3664 400 3732 DblliCfflI'l
429 3662 562 3726 illorum
590 3663 729 3746 perfidia
758 3672 887 3747 poterat
918 3663 989 3728 eius
1021 3662 1118 3742 fides,
1150 3685 1211 3728 DCC
1611 3698 1762 3766 CAPUT
1785 3699 1839 3764 HJ
1869 3699 1894 3785 Ι)

233 3751 371 3834 impuris
404 3770 518 3813 eorum
550 3748 699 3815 manibus
731 3750 896 3833 profanari
930 3749 977 3811 ita
1009 3749 1211 3814 circumcisio
1841 3751 1848 3764 '

233 3843 383 3988 miz,
404 3857 484 3986 ἓξὲξ
495 3835 1082 4000 fffiffffiffieffioffimfflffl
1098 3854 1211 3985 iffi
1306 3857 1373 3939 De
1405 3858 1605 3942 ecelesrae
1637 3859 1878 3942 doctonbus
1911 3870 1956 3942 et
1985 3870 2197 3963 mmrstrrs,

233 4009 369 4084 bantur,
393 4013 473 4072 ‘suos
500 4006 663 4071 Dominus
692 4007 830 4073 vocabat
909 4027 935 4068 a.
962 4008 1014 4083 16,
1039 4006 1110 4087 20),
1143 4007 1209 4087 qui,
1437 4007 1583 4060 eorum
1614 3978 1819 4062 elOCblOBO
1851 3991 1897 4062 Ob
1927 3979 2071 4063 Officio·

234 4094 299 4159 nisi
321 4092 453 4174 speciali
474 4093 707 4172 benedictione,
732 4093 816 4157 nihil
903 4111 978 4154 eum
1000 4091 1209 4173 pertinerent.

234 4179 291 4248 Sic
313 4200 414 4262 quum
435 4177 548 4243 foedus
570 4201 664 4244 suum
687 4181 722 4243 in
744 4179 864 4255 Gallia,
887 4177 993 4254 Italia,
1020 4175 1209 4253 Germania,
1351 4182 1377 4242 1.
1421 4179 1495 4243 Iam
1517 4178 1558 4243 de
1579 4179 1888 4245 ordinedicendum
1910 4189 1960 4246 est
1979 4201 2041 4263 quo
2065 4178 2243 4244 ecelesiam

233 4265 410 4349 Hispania,
445 4264 568 4347 Anglia
600 4264 799 4347 deposuerit,
832 4265 888 4329 ubi
921 4262 997 4327 illae
1024 4262 1210 4344 provinciae
1262 4284 1355 4328 suam
1389 4265 1566 4347 gubernari
1598 4266 1704 4329 voluit
1736 4266 1909 4331 Dominus.
1965 4265 2110 4331 Tametsi
2150 4267 2242 4331 enim

233 4352 418 4418 antichristi
451 4348 626 4435 tyrannide
659 4370 832 4433 oppressae
865 4357 963 4425 sunt,
1003 4369 1067 4430 quo
1100 4359 1209 4413 tamen
1262 4348 1369 4414 solum
1397 4351 1503 4432 ipsum
1532 4373 1646 4435 regere
1674 4372 1712 4416 ao
1740 4373 1880 4435 regnare
1901 4352 2109 4430 in'eoclesia,
2138 4353 2174 4416 ia
2202 4373 2241 4417 eo

232 4439 345 4506 foedus
367 4458 463 4502 suum
485 4433 674 4500 inviolabile
695 4442 860 4510 manaret,
885 4433 1082 4516 baptismum
1105 4435 1210 4516 primo
1261 4455 1380 4516 quoque
1402 4457 1548 4517 praeesse
1568 4438 1617 4502 cel
1638 4439 1786 4515 minere,
1815 4446 1849 4502 et
1875 4439 2049 4521 imperium
2077 4438 2140 4504 hoc
2170 4438 2241 4502 solo

232 4526 300 4592 illic
322 4523 540 4598 conservavit,
562 4521 701 4586 foederis
723 4521 961 4597 testimonium,
985 4521 1041 4601 qui
1063 4520 1133 4585 eius
1154 4540 1210 4584 ore
1262 4521 1333 4585 eius
1351 4521 1451 4586 verbo
1468 4524 1614 4588 exerceri
1632 4531 1729 4606 atque
1747 4523 1972 4590 administrari
1994 4531 2139 4607 oportet,
2161 4525 2241 4606 quia

232 4616 448 4685 consecratus,
466 4607 573 4672 invita
588 4606 734 4670 humana
753 4608 929 4688 impietate,
953 4606 1020 4670 vim
1043 4625 1136 4669 suam
1159 4626 1210 4671 re·
1261 4613 1371 4671 tamen
1394 4606 1515 4673 visibili
1536 4610 1722 4691 praesentia
1748 4610 1914 4675 internos
1941 4632 2009 4675 nen
2031 4610 2173 4686 habitat,
2202 4618 2242 4673 ut

231 4700 329 4774 tinct3
352 4693 470 4758 deiude
492 4715 552 4758 sua
573 4693 781 4775 providentia
802 4693 909 4757 eil'ecit
930 4698 968 4756 ut
984 4691 1066 4756 aliae
1083 4711 1211 4773 quoque
1260 4693 1464 4759 voluntatem
1476 4694 1569 4760 nobis
1586 4717 1679 4761 suam
1698 4716 1754 4760 ore
1771 4716 1882 4761 coram
1892 4696 2044 4775 declaret,
2068 4696 2242 4761 hominum

231 4782 390 4866 reliquiae
422 4788 610 4857 exstarent,
644 4801 686 4844 ne
719 4779 855 4845 ecelesia
885 4799 1020 4860 prorsus
1049 4777 1208 4841 interiret.
1261 4780 1481 4845 ministerium
1503 4783 1538 4845 in
1559 4782 1621 4847 hoc
1643 4780 1798 4846 adhibere
1820 4781 1978 4862 diximus,
2008 4789 2042 4846 et
2068 4781 2162 4864 quasi
2188 4783 2240 4847 vi·

231 4873 282 4936 Ac
309 4864 585 4948 quemadmodum
611 4866 658 4929 ita
685 4885 781 4948 saepe
805 4864 982 4928 diruuntur
1003 4862 1151 4929 aedificia
1172 4871 1210 4928 ut
1260 4866 1383 4930 cariam
1410 4886 1556 4950 operam,
1584 4888 1651 4931 non
1680 4866 1721 4932 ad
1748 4888 1803 4937 eos
1824 4869 1876 4932 ius
1897 4889 1994 4934 suum
2016 4868 2241 4951 honoremque

232 4952 446 5021 fundamenta
468 4958 501 5017 et
523 4952 638 5015 ruinae
659 4959 828 5029 maneant,
857 4951 905 5015 ita
933 4970 1000 5013 non
1020 4955 1137 5032 passus
1159 4959 1209 5015 est
1261 4951 1502 5032 transferendo,
1531 4951 1589 5019 sed
1610 4961 1741 5017 tantum
1768 4961 1807 5017 ut
1833 4974 1893 5038 per
1920 4975 1955 5020 os
1975 4956 2120 5036 ipsomm
2141 4976 2241 5019 suum

233 5037 403 5107 ecclesiam
436 5056 530 5101 suam
563 5038 603 5101 ab
637 5037 829 5103 antichristo
861 5035 915 5101 vel
944 5056 964 5100 a
996 5034 1208 5101 fundamento

233 5120 395 5199 subverti,
417 5121 471 5186 vel
493 5120 562 5186 solo
584 5123 726 5203 aequari,
755 5131 921 5204 utcunque
943 5120 985 5186 ad
1006 5121 1208 5204 puniendam
1260 5126 1463 5134 “““““““
1813 5170 1816 5175 .

227 5209 406 5278 hominum
430 5206 715 5309 ingratitudinem,
749 5210 805 5291 qui
837 5208 975 5274 verbum
1001 5227 1097 5273 suum
1129 5228 1206 5274 con·
1328 5224 1358 5293 1)
1378 5224 1449 5280 Olim
1468 5223 1534 5293 Gap.
1560 5223 1645 5280 v111.
1663 5225 1687 5293 ς.
1704 5223 1815 5283 34-5ιι
