4672 5842
227 294 291 356 ’163
872 282 1136 350 ΙΝΒΤΙΤΠΤΙΟ
1158 284 1263 350 RDL.
1286 281 1467 350 CHRIS'P.
1494 287 1586 348 1059.
2173 289 2237 351 764

225 478 418 544 mandatum
440 473 529 538 dedit
551 472 706 538 Christus
728 472 864 555 (Mattb.
887 474 935 550 16,
958 476 994 534 19
1020 480 1053 536 01
1078 476 1126 546 18,
1150 476 1201 550 18;
1227 480 1230 559 j
1255 471 1332 553 quia
1354 480 1464 536 tamen
1488 473 1655 555 reperiunt
1676 475 1732 537 isti
1760 473 1876 556 quibus
1905 475 2090 557 imponant,
2120 495 2238 556 quem-

227 564 341 630 Ioann.
366 566 421 637 20,
446 560 501 642 23)
542 569 576 623 01
613 567 809 642 0010010100
841 557 981 623 00010111
1013 558 1203 623 remittendi
1256 555 1431 622 admodum
1453 566 1487 623 et
1507 558 1655 624 Novatus
1677 559 1754 622 olim
1776 559 1933 641 plurimos
1956 560 2073 625 habuit
2094 574 2238 626 sectato-

226 656 371 734 peccata,
400 647 461 712 hoc
489 652 620 710 tautum
642 644 745 709 voluit
766 652 804 708 01
826 665 880 708 eos
902 644 1067 709 solverent
1088 666 1108 709 a
1128 665 1202 726 peo-
1256 665 1323 720 res,
1352 644 1495 708 breviter
1522 645 1733 710 ostendamus
1755 653 1957 728 quantopere
1980 647 2133 711 insuam
2155 647 2239 712 alio-

227 735 309 802 catis
335 733 392 815 qui
420 731 460 797 ab
487 732 655 813 impietate
685 729 726 795 ad
753 729 880 794 Christi
906 729 1006 793 fidem
1034 742 1202 794 converte·
1255 751 1392 810 rumque
1416 730 1593 811 perniciem
1615 730 1791 795 insaniant
1835 732 2017 813 Principio,
2041 754 2142 814 quum
2166 734 2238 798 Do·

226 829 352 897 rentur,
376 816 434 883 sed
456 818 561 900 magis
583 824 621 880 01
642 817 703 882 hoc
725 817 829 880 officio
850 817 1066 899 fungerentur
1087 836 1202 897 perpe·
1255 816 1337 878 mini
1364 816 1454 880 iussu
1484 816 1626 898 quotidie
1654 819 1759 882 sancti
1788 827 1940 899 repetant
1969 819 2055 884 hano
2087 840 2237 902 precem:

226 914 285 971 100
307 907 393 970 inter
414 903 536 968 fideles.
574 900 671 982 Quod
692 901 818 966 Paulus
841 901 943 977 docet,
967 924 1067 984 quum
1090 902 1204 966 scribit
1227 926 1229 939 ·
1254 901 1385 965 remitte
1414 902 1506 967 nobis
1535 900 1643 967 debita
1665 915 1793 981 nostra,
1823 925 1858 969 se
1879 905 2037 968 nimirum
2067 905 2233 971 debitores

227 991 261 1077 (2
280 991 355 1056 Cor.
376 995 405 1068 5,
426 991 482 1073 20)
504 990 700 1071 legationem
717 987 999 1065 reconciliationis,
1023 986 1202 1068 depositam
1255 988 1459 1051 confitentur.
1505 987 1618 1071 Neque
1645 989 1769 1054 frustra
1796 999 1928 1071 001001,
1963 991 2040 1071 0010
2068 989 2237 1058 Dominus

227 1099 298 1144 esse
321 1074 408 1159 apud
431 1076 584 1140 ecclesiae
606 1074 782 1151 ministros
805 1095 868 1156 quo
887 1074 1025 1138 subinde
1043 1073 1202 1156 populum
1226 1112 1229 1167 Ι
1255 1091 1323 1136 000
1345 1072 1435 1137 aliud
1458 1072 1575 1155 ubique
1597 1074 1775 1156 petendum
1797 1077 2007 1158 praescripsit
2028 1098 2127 1158 quarn
2145 1078 2237 1158 quod

227 1165 360 1228 nomine
389 1161 515 1226 Christi
549 1159 763 1223 exhortentur
790 1159 832 1222 ad
859 1182 893 1223 se
927 1159 1201 1225 reconciliandum
1225 1186 1228 1215 ι
1254 1159 1323 1239 1000
1356 1158 1491 1223 daturus
1523 1168 1616 1224 esset
1679 1161 1751 1224 Imo
1783 1183 1884 1243 quum
1917 1171 2020 1226 totam
2052 1163 2235 1228 orationem

227 1250 309 1315 Deo.
355 1249 445 1330 Ergo
467 1249 502 1310 10
523 1254 708 1310 0000101001
730 1247 956 1309 commuuione
978 1246 1080 1327 ipsius
1100 1245 1201 1310 eccle·
1254 1244 1444 1308 exauditum
1467 1246 1507 1308 iri
1531 1268 1550 1309 a
1571 1254 1664 1327 patre
1687 1247 1730 1311 sit
1752 1256 1904 1324 testatus,
1934 1248 2019 1313 hanc
2041 1259 2153 1313 tamen
2177 1251 2234 1314 ab·

227 1335 296 1401 siae
322 1333 500 1398 ministerio
531 1332 622 1395 nobis
650 1330 780 1395 assidue
814 1331 1028 1395 remittuntur
1061 1340 1200 1413 peccata,
1225 1382 1228 1443 Ι
1254 1329 1448 1394 solutionem
1479 1332 1634 1412 peculiari
1664 1334 1845 1396 etiamnum
1878 1336 2092 1415 promissione
2124 1335 2235 1419 obsig-

227 1443 329 1505 quum
354 1418 538 1503 presbyteri
566 1417 617 1481 vel
645 1417 803 1500 episcopi,
836 1417 954 1498 quibus
988 1417 1050 1481 boc
1080 1439 1201 1481 munus
1225 1448 1228 1527 q
1255 1417 1355 1480 navit
1401 1415 1490 1495 Quid
1512 1417 1600 1481 ultra
1621 1418 1793 1483 volumus?
1823 1431 2029 1501 peccatorum
2057 1422 2235 1487 000100010-

208 1492 436 1573 ι0000010000
454 1516 511 1580 001,
531 1503 602 1586 pias
620 1504 834 1568 conscientias
852 1503 1047 1586 evangelicis
1064 1503 1201 1584 promis·
1225 1544 1228 1565 .
1254 1523 1327 1565 nem
1352 1524 1371 1565 a
1394 1504 1530 1579 sanctis,
1561 1514 1594 1567 01
1615 1525 1687 1567 eam
1710 1504 1841 1586 quidem
1862 1505 2042 1582 assiduam,
2075 1515 2143 1571 tota
2164 1510 2235 1573 vita

226 1591 372 1658 sionibus
399 1591 434 1652 in
462 1610 518 1671 spe
552 1590 666 1652 veniae
698 1596 732 1652 et
764 1589 962 1653 remissionis
996 1592 1199 1654 confirmant.
1225 1626 1228 1631 ·
1254 1587 1391 1669 requirit
1412 1589 1574 1652 Dominus
1596 1598 1629 1653 et
1652 1591 1780 1654 veniam
1802 1591 1982 1672 pollicetur.
2015 1591 2108 1673 Quae
2131 1593 2234 1658 auda·

224 1677 330 1759 quue
352 1688 419 1739 tam
442 1675 569 1758 publice
592 1696 690 1756 quam
711 1674 882 1756 privatim,
906 1684 1002 1756 prout
1024 1675 1201 1739 necessitas
1225 1685 1229 1729 1
1254 1674 1304 1738 010
1325 1681 1375 1738 001
1397 1685 1454 1738 001
1476 1696 1495 1739 0
1517 1688 1649 1757 peccato
1671 1676 1744 1740 illos
1767 1678 1919 1756 eximere,
1945 1686 2012 1755 aut,
2035 1680 2064 1743 si
2086 1680 2233 1763 impege·

224 1763 377 1846 postulat.
424 1759 512 1825 Sunt
537 1760 624 1824 cuim
646 1760 801 1842 permulti
823 1762 876 1842 qui
899 1781 958 1842 pro
981 1781 1040 1825 sua
1061 1760 1201 1824 infirmi·
1254 1760 1337 1836 rint,
1361 1782 1380 1823 a
1461 1762 1507 1825 tia
1528 1781 1662 1842 prorsus
1684 1760 1878 1828 excludere?
1923 1764 2006 1827 101οι
2018 1765 2136 1845 quibus
2157 1767 2233 1829 vult

224 1856 291 1913 tato
311 1847 471 1931 singulari
489 1847 711 1928 pacificatione
729 1845 885 1929 indigent.
909 1848 956 1910 Et
968 1846 1093 1911 Paulus
1112 1846 1199 1928 (Act
1226 1862 1228 1909 l
1254 1865 1314 1909 nos
1336 1781 1518 1910 coaddiiare
1540 1848 1760 1930 septuagesies
1778 1850 1898 1930 septies
1921 1850 2055 1931 (Matth.
2081 1855 2129 1928 18,
2149 1851 2229 1932 22)1

224 1938 278 2012 20,
292 1936 347 2015 20)
366 1955 433 1996 000
444 1941 572 1996 tantum
586 1952 645 2013 pro
663 1932 828 1996 communi
846 1933 1007 2009 concione,
1026 1931 1084 1997 sed
1102 1933 1200 1996 otiam
1226 1931 1228 1959 ¹
1254 1951 1364 1996 aunon
1393 1932 1568 1997 fratribus?
1614 1930 1782 2012 Quorsum
1805 1935 1971 2018 praecepit
1992 1937 2056 2000 nisi
2079 1946 2116 2000 ut
2137 1958 2233 2002 suam

224 2042 285 2105 per
305 2020 416 2083 domos
439 2018 649 2083 testificatum
671 2039 706 2082 se
728 2019 828 2082 refert
849 2017 947 2082 fidem
964 2020 1001 2082 in
1019 2017 1200 2095 Christum,
1254 2016 1461 2081 clementiam
1487 2019 1673 2082 imitemur?
1719 2019 1893 2085 Condonat
1913 2021 2017 2104 igitur
2039 2043 2106 2086 nou
2130 2024 2233 2088 semel

224 2112 253 2174 01
279 2125 545 2187 unumquemque
574 2103 741 2186 sigillatim
775 2103 981 2168 admonuisse
1015 2104 1054 2168 de
1087 2103 1201 2168 salutis
1254 2112 1312 2166 ant
1340 2101 1402 2181 bis3
1430 2103 1488 2168 sed
1516 2106 1642 2186 quoties
1672 2103 1865 2172 delictorum
1892 2107 2058 2190 agnitione
2085 2120 2233 2175 conster-

226 2192 381 2258 doctrina.
428 2191 505 2253 Tria
537 2190 638 2272 igitur
672 2189 725 2253 hic
754 2190 848 2255 nobis
877 2189 1079 2254 observanda
1106 2197 1198 2253 sunt:
1253 2190 1322 2253 nati
1345 2188 1386 2253 ad
1408 2211 1483 2253 oum
1506 2191 1680 2272 suspirant.

224 2279 379 2362 primum,
402 2275 605 2358 quantalibet
621 2275 791 2340 sanctitate
807 2275 951 2357 polleant
967 2275 1025 2340 filii
1041 2276 1114 2352 Dei,
1138 2275 1200 2340 hac
1340 2278 1389 2338 24.
1424 2277 1542 2358 Atque,
1565 2285 1604 2340 ut
1620 2275 1662 2341 ab
1678 2278 1757 2359 ipsis
1774 2300 1879 2360 paene
1901 2279 2106 2345 incunabulis
2129 2281 2232 2346 eccle-

224 2374 336 2430 tameu
359 2362 540 2426 conditione
563 2382 691 2444 semper
718 2382 805 2438 esse,
834 2361 991 2444 quamdiu
1013 2363 1047 2425 in
1070 2360 1200 2425 mortali
1253 2361 1319 2426 siae
1341 2360 1522 2441 ordiamur,
1545 2363 1749 2444 patriarchae
1772 2365 1954 2430 circumcisi
1975 2375 2083 2444 erant,
2107 2368 2142 2432 in
2164 2368 2231 2432 foe-

224 2470 360 2531 oorpore
394 2448 562 2524 habitant,
598 2456 634 2511 ut
667 2448 737 2511 sine
769 2457 976 2528 peccatorum
1009 2448 1200 2512 remissione
1253 2445 1338 2512 deris
1362 2447 1643 2531 participationem
1661 2449 1779 2528 allecti,
1808 2449 1912 2515 edocti
1936 2451 2025 2516 haud
2049 2451 2148 2518 dubie
2172 2476 2232 2536 pa·

225 2536 403 2601 consistere
425 2542 587 2615 nequeant
609 2554 717 2597 coram
739 2534 820 2597 Deo.
855 2533 993 2611 Deinde,
1017 2533 1079 2598 hoc
1100 2533 1199 2598 bene-
1252 2534 1314 2598 tris
1342 2532 1512 2616 diligentia
1539 2534 1698 2598 iustitiam
1726 2544 1759 2599 01
1785 2537 2025 2619 integritatem,
2059 2561 2161 2621 quum
2194 2541 2232 2604 in

224 2622 335 2688 ficium
357 2620 403 2683 sie
424 2641 494 2684 osse
516 2619 668 2683 ecclesiae
689 2620 875 2700 proprium,
898 2628 935 2684 01
957 2639 1024 2683 000
1047 2619 1141 2683 ahter
1163 2641 1200 2683 eo
1252 2618 1469 2684 fratricidium
1491 2620 1729 2702 conspirarunt
1770 2619 1886 2687 Scelus
1909 2632 1982 2687 erat
2004 2624 2054 2688 vel
2076 2625 2229 2707 perditis-

223 2708 374 2773 t'ruamur
395 2726 494 2786 quam
512 2705 539 2769 si
556 2725 786 2787 permanemus
804 2705 839 2769 in
856 2705 945 2770 illius
963 2706 1199 2770 communione.
1252 2704 1343 2769 simis
1375 2706 1559 2771 latronibus
1592 2707 1855 2772 abominandum.
1901 2707 2048 2774 Tandem
2074 2731 2227 2774 mansue·

224 2794 343 2868 Tertio,
367 2813 425 2874 per
444 2791 598 2857 ecclesiae
616 2791 785 2856 ministros
803 2802 837 2856 01
852 2799 998 2873 pastores
1020 2792 1112 2856 nobis
1135 2790 1200 2855 dis-
1252 2791 1330 2856 faeti
1348 2790 1450 2855 Iudae
1472 2792 1705 2857 monitionibus
1725 2792 1952 2859 vendidenmt
1987 2796 2076 2861 Haec
2097 2816 2225 2877 quoque

222 2879 365 2963 pensari,
389 2878 440 2942 vel
463 2877 624 2961 evangelii
646 2877 885 2959 praedicatione
907 2878 960 2942 vel
982 2885 1200 2941 sacramento·
1225 2930 1228 2981 ,
1252 2877 1467 2942 intolerabilis
1488 2878 1552 2941 fuit
1572 2879 1768 2944 immanitas.
1810 2878 1945 2944 Simeon
1967 2881 2111 2959 etheri,
2134 2882 2227 2946 nefa·

224 2987 297 3030 rum
323 2964 620 3041 administratione,
654 2972 753 3045 atque
786 2963 847 3028 hac
874 2963 909 3027 in
936 2972 1028 3046 parte
1056 2962 1201 3026 maxime
1252 2962 1303 3028 ria
1330 2963 1455 3027 ultione
1482 2973 1517 3028 et
1544 2965 1647 3046 patris
1680 2986 1806 3047 quoque
1839 2965 1959 3032 iudicio
1992 2967 2159 3046 damnata,
2193 2969 2230 3033 in

224 3052 369 3116 eminere
386 3049 526 3113 clavium
544 3055 738 3131 potestatem
757 3071 856 3131 quam
873 3050 1035 3114 Dominus
1053 3047 1200 3112 fidelium
1253 3046 1444 3114 Siehimitas
1461 3050 1658 3115 saevierunt.
1682 3049 1800 3116 Ruben
1818 3052 1925 3117 cubile
1941 3060 2117 3135 paternum
2134 3070 2230 3137 spur-

223 3136 371 3201 societati
389 3134 535 3199 contulit.
570 3133 713 3199 Proinde
732 3137 953 3217 unusquisque
971 3141 1120 3199 nostrum
1139 3133 1200 3199 hoe
1253 3135 1383 3200 cissima
1399 3133 1535 3200 libidine
1553 3137 1798 3202 contaminavit
1822 3137 1924 3204 Iudas
1943 3137 2023 3203 dum
2040 3138 2232 3205 scortationi

224 3221 323 3287 officii
345 3220 396 3284 sui
418 3241 489 3284 esse
511 3222 645 3303 cogitet,
670 3243 735 3284 000
758 3221 835 3286 alibi
856 3241 1013 3304 quaerere
1036 3221 1199 3285 remissio-
1252 3221 1325 3286 vult
1353 3218 1537 3304 indulgere,
1572 3236 1702 3304 praeter
1731 3231 1871 3288 naturae
1897 3223 2005 3307 legem
2034 3225 2076 3290 ad
2107 3248 2230 3292 nurum

223 3328 300 3372 nem
316 3313 524 3390 peccatorum
540 3328 638 3388 quam
656 3305 711 3370 ubi
727 3308 891 3372 Dominus
907 3328 980 3372 eam
996 3307 1112 3388 posuit
1146 3307 1199 3371 Dc
1251 3306 1444 3390 ingreditur.
1490 3307 1594 3390 Atqui
1616 3315 1744 3372 tantum
1767 3310 1858 3375 abest
1885 3311 1966 3392 quin
1994 3322 2230 3395 expungantur

222 3392 353 3477 publica
373 3391 644 3469 reconciliatione,
667 3413 750 3474 quae
772 3392 813 3456 ad
837 3392 1041 3475 disciplinam
1064 3400 1197 3475 spectat,
1251 3392 1408 3475 epopulo
1431 3392 1541 3470 electo,
1563 3402 1601 3457 nt
1621 3395 1730 3475 potius
1749 3395 1785 3458 in
1803 3397 1910 3478 capita
1927 3396 2105 3480 erigantur.
2140 3396 2230 3479 Quid

222 3480 361 3544 0001000
383 3479 508 3542 dicctar.
525 3478 550 3560 ¹)
720 3526 722 3531 -
1251 3499 1347 3562 porro
1369 3477 1500 3543 David?
1529 3501 1629 3561 quum
1657 3500 1789 3562 praeses
1811 3492 1897 3547 esset
1917 3484 2077 3560 iustitiae,
2105 3496 2229 3566 quanto

308 3568 360 3628 23.
407 3562 573 3644 Quoniam
601 3573 710 3626 autem
727 3563 900 3643 phrenetici
921 3564 985 3643 alt,
1019 3566 1197 3646 00000101,
1250 3585 1326 3628 eum
1353 3564 1490 3645 flagitio,
1523 3587 1583 3647 per
1614 3565 1798 3632 innocentis
1825 3568 1995 3651 sanguinis
2024 3570 2227 3648 effusionem,

221 3650 356 3732 spiritus
377 3650 463 3714 hano
481 3650 611 3713 unicam
628 3648 742 3713 salutis
759 3649 937 3716 anchoram
953 3651 1079 3733 eripere
1096 3651 1197 3716 eccle·
1223 3702 1225 3709 .
1250 3651 1339 3716 viam
1357 3654 1471 3715 caecae
1488 3651 1615 3716 hbidrm
1632 3653 1805 3734 patefecit?
1828 3654 1902 3718 lam
1915 3664 2128 3738 regeneratus
2147 3666 2224 3729 erat,

221 3737 289 3803 siae
311 3743 489 3812 conantur,
518 3735 675 3800 adversus
696 3742 764 3799 tam
786 3736 991 3818 pestilentem
1013 3736 1197 3818 opinionem
1222 3714 1226 3825 1
1251 3758 1288 3802 ao
1309 3737 1397 3800 iuter
1418 3746 1627 3819 regeneratos
1644 3738 1827 3821 insignibus
1844 3740 1959 3823 elogiis
1976 3742 2112 3806 Domini
2130 3763 2224 3806 orua-

221 3823 336 3888 fortius
356 3821 558 3899 roborandae
575 3830 654 3886 sunt
671 3822 896 3888 conscientiae.
927 3822 1103 3888 Novatiaui
1120 3823 1199 3886 olim
1222 3828 1225 3927 Ι
1250 3829 1312 3887 tus.
1347 3821 1445 3903 Quod
1466 3832 1576 3888 100100
1599 3824 1652 3888 vel
1673 3825 1760 3888 inter
1782 3834 1895 3908 gentes
1918 3826 2074 3893 horribile
2095 3836 2144 3893 est
2165 3828 2222 3890 fla-

220 3910 285 3974 isto
313 3908 464 3992 dogmate
492 3908 644 3973 ecclesias
672 3909 896 3990 exagitarunt3
925 3907 982 3973 sod
1004 3908 1198 3972 Novatianis
1222 3932 1225 4021 q
1250 3910 1369 3991 gitium
1390 3911 1607 3991 perpetravit,
1631 3919 1664 3974 01
1685 3912 1817 3976 veniam
1839 3922 1951 3977 101000
1973 3928 2025 3979 est
2045 3934 2223 3993 consequu-

221 4015 289 4059 non
316 3993 457 4058 multum
484 3994 658 4059 dissimiles
691 4004 841 4058 nostrum
873 4016 999 4077 quoque
1031 3993 1199 4058 saeculum
1251 4004 1311 4060 tus.
1346 3995 1399 4071 Et,
1423 4016 1464 4059 00
1482 3995 1705 4078 singularibus
1723 3997 1882 4080 exemplis
1904 3999 2122 4075 immoremur,
2145 4011 2225 4079 quot

221 4078 322 4145 habet
342 4078 498 4162 quosdam
520 4102 562 4144 ex
583 4080 819 4161 Anabaptistis,
842 4082 898 4162 qui
918 4077 960 4143 ad
981 4079 1095 4144 eadem
1118 4079 1198 4143 deli·
1222 4028 1226 4189 1
1250 4082 1285 4144 10
1306 4079 1379 4162 lege
1401 4088 1434 4143 et
1455 4080 1624 4163 prophetis
1646 4104 1726 4166 erga
1747 4083 1914 4150 Israelitas
1937 4091 2067 4150 exstem
2093 4082 2226 4147 divinae

222 4173 374 4231 ramenta
398 4164 599 4230 relabuntur.
644 4166 794 4248 Fingunt
814 4167 902 4230 enim
926 4167 1113 4249 regenerari
1134 4166 1198 4229 Dei
1249 4165 1490 4231 misericordiae
1513 4168 1759 4249 promissiones,
1790 4171 1885 4234 toties
1907 4170 2132 4254 comprobatur
2154 4169 2226 4234 Do-

221 4251 381 4337 populum
401 4252 437 4314 in
459 4253 621 4333 baptismo
644 4251 679 4315 in
701 4273 817 4333 puram
837 4261 871 4316 et
888 4252 1068 4334 angelicam
1086 4252 1197 4329 vitam,
1250 4253 1361 4317 minus
1388 4274 1422 4316 00
1450 4250 1642 4334 placabilem
1671 4255 1828 4320 exhibere
1854 4257 1968 4338 populi
2000 4257 2051 4323 sui
2082 4257 2225 4321 offensis.

221 4359 304 4422 quae
332 4337 432 4402 nullis
458 4337 567 4402 carnis
594 4337 743 4403 sordibus
772 4339 913 4403 vitietur.
959 4335 1056 4417 Quod
1075 4338 1104 4401 si
1125 4346 1200 4420 post
1251 4336 1340 4418 Quid
1373 4339 1460 4402 enim
1489 4339 1599 4404 Moses
1632 4341 1795 4421 promittit
1827 4343 1896 4407 iore
1928 4342 1985 4407 ubi
2017 4343 2157 4476 populus
2192 4344 2226 4407 in

220 4424 386 4508 baptisma
412 4425 485 4506 quis
513 4423 695 4505 delinquat,
723 4423 807 4486 nihil
840 4432 971 4506 praeter
999 4424 1199 4489 inexorabile
1251 4425 1446 4507 apostasiam
1467 4425 1637 4506 prolapsus
1659 4426 1794 4491 redierit
1814 4426 1856 4490 ad
1876 4429 2074 4493 Dominum.
2115 4428 2228 4495 Redu-

221 4510 287 4575 Dei
320 4509 475 4575 iudicium
507 4509 556 4573 illi
587 4509 786 4590 relinquunt.
830 4510 1002 4588 Breviter,
1036 4511 1199 4592 peccatori
1251 4524 1301 4575 oet
1320 4518 1352 4574 te
1370 4511 1462 4574 Deus
1480 4532 1499 4575 e
1517 4512 1713 4593 captivitate,
1734 4522 1768 4577 et
1788 4513 1995 4579 miserebitur
2016 4517 2075 4594 tui,
2098 4524 2131 4580 01
2152 4536 2228 4580 eon-

222 4605 298 4679 post
326 4603 493 4677 acceptam
521 4595 663 4679 gratiam
691 4596 783 4677 lapso
812 4617 903 4678 spem
931 4596 1047 4660 veniae
1074 4597 1200 4660 nullam
1251 4596 1402 4680 gregabit
1428 4604 1461 4660 te
1488 4618 1528 4661 ex
1551 4598 1679 4680 populis
1701 4598 1742 4664 ad
1764 4621 1844 4681 quos
1865 4601 1967 4666 fueris
1989 4600 2169 4684 dispersus;
2198 4602 2226 4664 si

221 4683 358 4747 faciunt:
377 4683 455 4763 quia
470 4704 535 4746 non
552 4681 651 4746 aliam
668 4691 851 4765 agnoscunt
865 4692 1071 4765 peccatorum
1087 4682 1199 4747 remis·
1253 4681 1294 4746 ad
1314 4682 1464 4748 cardines
1486 4684 1565 4748 coeli
1586 4686 1688 4753 fueris
1709 4684 1900 4767 dissipatus,
1928 4686 2006 4752 inde
2033 4709 2094 4770 ego
2122 4697 2153 4751 tc
2175 4707 2227 4751 re-

222 4768 349 4832 sionem
369 4768 435 4832 nisi
456 4789 521 4849 qua
542 4769 685 4849 primum
707 4788 948 4850 regeneramur.
993 4768 1067 4833 Etsi
1089 4779 1198 4833 autem
1253 4768 1403 4851 colligam
1424 4768 1538 4851 (Deut.
1563 4773 1614 4850 30,
1639 4771 1682 4843 3).

221 4852 430 4919 mendacium
463 4854 592 4919 nullum
626 4876 646 4917 a
678 4853 842 4935 scriptura
878 4855 996 4920 clarius
1028 4855 1197 4933 refutatur,
1338 4859 1388 4918 25.
1434 4854 1503 4920 Sed
1536 4856 1611 4921 nolo
1644 4854 1925 4923 enumerationem
1956 4859 2112 4924 inchoare
2144 4880 2229 4941 quae

1250 4959 1420 5023 nunquam
1441 4941 1586 5007 finienda
1602 4949 1696 5008 esset
1728 4943 1827 5008 Pleni
1845 4945 1933 5009 enim
1950 4954 2028 5011 0001
2047 4944 2229 5028 prophetae

1250 5025 1409 5091 eiusmodi
1428 5027 1706 5109 promissionibus,
1729 5050 1813 5111 quae
1831 5030 1950 5113 populo
1968 5032 2106 5095 infinitis
2126 5031 2229 5096 scele-

223 5141 326 5264 dimg
341 5141 697 5283 &singalddpisffss'
719 5145 801 5199 110100
824 5145 895 5199 tort
938 5143 1010 5199 Olim
1033 5148 1113 5214 paulo
1136 5153 1201 5200 ante
1250 5112 2106 5282 ἓξὲξυίοοξᾶήᾚῧῖἶὲᾙοᾚὲῒξῃάῗὲἓὲἒ
2128 5114 2229 5268 (3333

224 5027 390 5035 -...---.,-.
