4672 5842
224 312 290 375 tus
871 301 1139 371 msmwmo
1159 302 1264 369 unu.
1288 301 1468 371 cumen
1494 305 1586 408 tero.
1658 310 1663 317 ·
2169 305 2235 367 424
2317 376 2320 381 ,

230 497 369 563 notanda
400 499 445 558 est
470 492 547 573 ridet
575 493 617 556 ad
644 494 770 556 verbnm
797 493 923 571 relatio,
955 493 1066 557 deiude
1092 492 1208 571 salutis
1258 491 1380 573 qratiae
1400 491 1464 556 Dei
1480 495 1584 555 testem
1605 511 1642 555 ae
1663 492 1844 555 ministrum
1865 492 1992 575 decipit,
2013 491 2119 573 filium
2140 511 2237 556 suum

229 580 454 662 consequentia.
500 579 608 659 Neque
629 584 733 643 tumen
753 581 870 642 interea
884 579 1056 659 potentium
1073 576 1138 642 Dei
1158 599 1209 655 ex·
1260 577 1337 658 capit
1356 578 1490 655 mentiri,
1512 577 1616 640 uariis
1630 577 1801 657 fratcdibns
1818 583 1846 641 et
1866 580 2049 660 imposturis
2065 579 2237 659 corrumpit

228 669 400 742 eludimus,
430 666 523 728 errius
549 667 668 728 iutuitu
694 666 759 728 nisi
785 685 818 728 sc
841 664 921 743 tides
942 669 1100 740 sustentet,
1129 685 1209 727 nun-
1260 661 1325 727 Dei
1347 663 1513 726 veritatem
1557 661 1702 744 Denique
1723 663 1859 728 ludibrio
1882 685 2037 744 erporrerrs
2057 663 2147 726 illius
2165 684 2238 744 pro-

230 773 325 835 quam
353 751 421 815 Deo
453 751 565 814 tribuet
595 771 689 814 smum
719 750 871 813 ltonorem.
924 749 1054 814 Videtur
1083 749 1209 814 Paulus
1259 749 1454 826 missionem,
1487 743 1638 829 quantum
1670 751 1705 812 in
1738 769 1771 814 se
1803 755 1847 814 est
1875 771 1948 814 earn
1979 751 2082 814 abolet.
2127 749 2238 831 Neque

227 838 341 991 §Rom
362 845 397 913 t,
418 835 475 919 21)
503 835 658 918 friqidunr
687 837 838 917 quiddam
865 840 921 898 aut
944 836 1073 919 culpare
1092 840 1209 916 reterre
1261 839 1362 897 tantcn
1390 834 1444 898 boc
1465 853 1558 914 opus,
1589 834 1755 914 quamlibet
1782 837 1926 900 uitiosum
1952 841 1980 900 et
2005 835 2238 917 rqnetensione

251 922 470 989 eAbralram:
499 923 579 1003 quod
605 921 771 986 crediderit
792 921 913 993 Deum,
944 924 1000 1002 qui
1020 922 1209 985 benedictum
1259 919 1398 1001 diqnum,
1419 918 1481 1000 pide
1502 939 1635 983 oacuunr
1657 922 1734 1000 tuit:
1756 923 1833 1003 quia
1854 942 2003 1004 superare
2023 921 2125 985 multa
2146 921 2239 1001 offen·

228 1030 332 1081 senem
353 1009 382 1073 ei
395 1010 594 1088 promiserat.
606 1012 758 1087 polentem
779 1027 852 1071 esse.
889 1006 969 1071 Item
988 1008 1108 1085 alibi('t
1124 1007 1206 1071 Tim.
1261 1004 1366 1068 decula
1395 1024 1513 1069 moe-sse
1537 1006 1601 1085 t'nit
1628 1010 1663 1071 ut
1689 1011 1844 1087 tantopere
1869 1013 2034 1088 appeteret,
2061 1008 2142 1087 quod
2169 1008 2239 1071 sine

235 1101 261 1175 l,
284 1095 337 1179 lt)
359 1095 397 1158 de
418 1115 451 1159 se
472 1096 555 1173 ipso:
581 1095 644 1157 saio
665 1095 716 1157 cni
738 1093 938 1170 crediderim,
968 1099 995 1156 et
1016 1100 1118 1156 certus
1141 1113 1209 1157 sum
1260 1109 1315 1169 spe
1335 1095 1472 1155 terrenae
1493 1092 1642 1156 utilitatis
1663 1093 1836 1175 inqentibus
1862 1094 2012 1159 molestiis
2035 1099 2064 1158 el
2085 1093 2239 1174 perieritis

230 1181 313 1263 quod
330 1186 440 1265 poteris
460 1181 501 1243 sit
519 1180 690 1260 depositum
711 1199 949 1242 urucmserrrarc
963 1180 1092 1243 indicm
1109 1179 1208 1243 illum.
1260 1180 1407 1256 retectum
1428 1181 1501 1240 erat.
1544 1178 1645 1240 Sicuti
1664 1183 1805 1242 sanatum
1820 1179 2039 1262 patriarchum
2061 1178 2157 1243 Isaac
2176 1198 2236 1242 nan

240 1267 355 1332 Verum
377 1267 408 1329 si
428 1266 558 1345 quisque
580 1285 682 1328 secum
703 1265 853 1344 rependat
874 1270 945 1344 quot
963 1265 1130 1329 identidem
1152 1265 1209 1327 du
1260 1263 1384 1325 omrtiuo
1414 1261 1476 1343 fide
1496 1263 1713 1343 privabimus,
1745 1285 1779 1329 eo
1811 1266 1894 1347 quod
1926 1265 2105 1329 admonitus
2134 1266 2239 1329 eodem

232 1354 397 1417 bitatiortes
417 1352 454 1413 de
474 1352 585 1414 virtute
607 1349 671 1413 llei-
692 1350 853 1430 obrepunt,
875 1352 957 1415 satis
980 1355 1132 1433 aquoscet,
1154 1350 1210 1430 qui
1261 1347 1386 1411 oraculo
1413 1349 1451 1411 de
1477 1347 1588 1411 borrorc
1615 1350 1658 1413 ad
1680 1351 1828 1413 ntinorcm
1854 1350 1958 1431 pilium
1980 1351 2146 1429 trorulato,
2175 1369 2238 1414 riou

233 1459 303 1504 eam
330 1437 561 1519 uraqnifaciunt
589 1441 622 1500 ut
648 1437 746 1518 dique
773 1441 832 1514 est,
865 1457 926 1499 uon
954 1457 1075 1517 parcos
1100 1437 1211 1517 secisse
1261 1433 1375 1496 decimi
1401 1438 1504 1497 tamen
1524 1454 1702 1514 prcpcrrsus
1727 1455 1793 1500 esse
1820 1437 1854 1500 in
1876 1437 2121 1519 primoquidem
2142 1456 2240 1501 suum

191 1544 201 1559 ·
227 1543 415 1606 propressns
447 1524 481 1585 in
509 1522 579 1603 fide.
635 1521 819 1585 Fatebimur
851 1542 954 1586 omnes
986 1521 1092 1586 ileum
1116 1541 1211 1602 posse
1262 1517 1362 1582 Esau
1406 1517 1525 1582 Doeent
1545 1525 1623 1583 certe
1643 1520 1717 1585 baec
1738 1524 1888 1602 eranpla,
1910 1543 2030 1586 errores
2050 1542 2142 1605 saepe
2163 1521 2240 1590 fidet

232 1609 390 1691 quidquid
410 1608 489 1671 cult:
510 1609 565 1672 sed
585 1607 660 1670 dcun
682 1629 737 1670 nos
755 1612 836 1671 melu
854 1614 1024 1672 consternat
1040 1613 1067 1672 et
1083 1607 1210 1672 lrorrore
1261 1623 1325 1667 esse
1340 1606 1530 1684 pernrimos;
1556 1605 1601 1668 sie
1629 1611 1732 1669 tamen
1752 1613 1786 1670 ut
1802 1610 1979 1689 primatum
1999 1628 2118 1689 seraper
2138 1613 2240 1672 lateat

232 1695 375 1759 attonitos
401 1694 505 1757 reddit
530 1695 663 1757 minima
685 1714 821 1774 quaeque
842 1695 982 1771 tentatio,
1010 1693 1082 1758 trine
1098 1694 1209 1774 palam
1262 1689 1332 1767 illa,
1360 1690 1413 1752 ubi
1441 1711 1515 1754 vera
1537 1696 1588 1753 est.
1634 1692 1734 1755 Sicuti
1755 1694 1839 1756 enim
1863 1693 2013 1758 Rebeccae
2027 1694 2240 1775 particularis

232 1785 278 1845 est
302 1800 360 1843 uos
386 1779 532 1861 deroqare
555 1781 710 1859 potentiae
733 1779 796 1842 Ilei
823 1780 874 1842 cui
897 1780 1110 1861 praefuimus
1130 1797 1210 1859 quae
1262 1795 1350 1840 error
1375 1796 1437 1839 rron
1463 1777 1591 1839 irritum
1612 1777 1828 1842 benedictionis
1854 1782 1990 1860 effectum
2010 1780 2166 1859 reddidit,
2192 1780 2240 1844 sia

232 1870 339 1930 contra
365 1866 433 1929 eius
455 1866 683 1946 promissiones
708 1866 849 1928 minatur
874 1871 976 1929 sotarr.
1021 1865 1108 1928 Hace
1129 1865 1211 1928 ratio
1261 1881 1357 1941 nuque
1386 1860 1480 1941 tidem
1511 1882 1591 1942 quac
1618 1865 1803 1944 qerceraliter
1833 1866 1994 1930 dominata
2024 1870 2070 1930 est
2105 1867 2141 1930 in
2170 1866 2240 1929 eius

233 1957 279 2016 eet
300 1970 356 2014 eur
379 1949 520 2027 lessius,
547 1951 623 2013 dum
644 1951 759 2014 salutis
780 1951 993 2015 certitudinem
1015 1951 1081 2013 cult
1101 1950 1210 2030 impri-
1261 1951 1381 2023 animo,
1408 1949 1668 2029 principiumque
1700 1955 1728 2013 et
1758 1971 1854 2014 eausa
1882 1952 1948 2033 fuit
1979 1952 2069 2029 illius
2098 1951 2239 2016 actionis.

232 2057 315 2101 mere
336 2035 481 2101 cordibus
496 2037 623 2117 populi,
645 2041 709 2100 tam
731 2036 895 2118 ntoqnilice
915 2037 953 2100 de
974 2039 1125 2100 intruenco
1149 2034 1212 2099 Dei
1263 2030 1303 2094 In
1324 2052 1357 2095 eo
1376 2034 1581 2097 nibilominus
1595 2035 1739 2115 prodidit
1762 2036 1896 2101 Rebecca
1918 2058 2013 2118 pram
2034 2036 2173 2101 lubricus
2194 2038 2238 2101 sit

232 2124 344 2187 rirtrde
366 2122 509 2186 disserat.
552 2122 681 2186 Videtur
692 2142 792 2202 saepe
814 2121 870 2184 ubi
890 2143 1060 2186 sermomm
1082 2140 1211 2185 exorsus
1261 2117 1416 2181 buntartae
1446 2120 1558 2182 nentis
1585 2129 1687 2198 tteeus
1718 2123 1815 2186 simul
1847 2143 1884 2187 ae
1915 2123 1963 2186 vel
1990 2123 2148 2187 lardillum
2175 2122 2237 2187 sibi

232 2212 278 2273 eet
305 2208 342 2270 de
370 2228 424 2288 spe
444 2209 552 2272 variae
581 2208 899 2285 etrecorreiliationis,
932 2208 995 2272 alio
1016 2208 1153 2290 dipredi,
1183 2210 1211 2269 et
1256 2204 1417 2285 pcrnrittil.
1461 2204 1535 2268 tut
1567 2211 1670 2271 auum
1702 2208 1836 2288 detectus
1867 2213 1896 2272 el
1927 2209 2121 2274 imbecillitas
2141 2208 2237 2289 fidem

233 2294 346 2376 capaci
361 2313 422 2373 per
444 2293 552 2375 lonqas
572 2298 599 2356 et
620 2313 833 2373 superuacuus
855 2293 1013 2376 umbaqes,
1035 2313 1210 2357 commemo
1262 2288 1416 2367 obseurat,
1444 2310 1505 2353 uon
1530 2295 1634 2355 tomen
1659 2295 1842 2375 ecstirrquit;
1870 2296 1994 2359 irtterirn
2017 2316 2074 2359 uos
2094 2297 2238 2360 muniet

233 2399 312 2444 rans
333 2400 428 2459 quam
449 2379 636 2444 mirabiliter
658 2379 749 2444 Deus
770 2378 842 2443 coeli
864 2384 891 2443 et
912 2385 1014 2443 terrae
1033 2380 1210 2443 maelduam
1262 2395 1358 2456 quam
1379 2374 1508 2439 sollicite
1521 2377 1656 2457 pendere
1682 2386 1818 2459 oporteat
1842 2400 1882 2444 ea
1908 2401 1960 2445 ore
1981 2379 2059 2458 Dei,
2086 2386 2114 2444 et
2139 2381 2238 2446 simu

233 2484 305 2529 cum
331 2469 390 2529 toto
417 2470 550 2529 rratrerac
576 2465 684 2528 ordine
713 2465 864 2547 gubernet.
919 2465 1013 2529 Nitril
1039 2471 1142 2528 tamen
1167 2468 1211 2527 est
1262 2460 1424 2541 confirmat
1445 2461 1527 2539 quod
1548 2462 1722 2543 descrimus,
1749 2464 1842 2546 tidem
1869 2467 1934 2531 nisi
1960 2466 2049 2530 uerbo
2074 2467 2239 2547 suffultam

234 2551 316 2633 quod
342 2571 403 2614 uon
432 2552 683 2614 circumstantiae
704 2550 864 2631 praesenti
890 2553 1021 2614 seroiut:
1048 2552 1123 2631 quia
1145 2549 1212 2614 nisi
1262 2547 1401 2626 diluere,
1424 2547 1518 2610 sicuti
1537 2554 1564 2610 et
1588 2552 1688 2614 Sorae
1708 2556 1736 2614 et
1759 2550 1855 2615 Isaac
1875 2556 1903 2614 et
1925 2551 2074 2617 Rebeccae
2093 2555 2238 2619 manuis-

161 2698 169 2715 ,
234 2637 336 2700 virtus
357 2635 434 2714 Dei,
457 2657 522 2717 quo
535 2642 637 2718 potest
658 2638 777 2714 orinia,
804 2636 902 2700 oculis
923 2638 1039 2702 nostris
1060 2640 1209 2713 oeacrrat,
1261 2637 1328 2696 sent
1349 2632 1451 2695 arrinri
1471 2633 1507 2696 in
1528 2632 1662 2714 obliquis
1683 2638 1753 2699 suis
1773 2637 2007 2717 dedicationibus,
2035 2638 2099 2703 uisi
2121 2659 2238 2703 arcano

234 2721 359 2787 uerbum
380 2742 475 2786 aures
496 2723 631 2805 malique
652 2722 827 2801 admittent,
853 2723 902 2786 oet
923 2743 984 2786 uon
1006 2722 1210 2787 aestimabunt
1262 2716 1327 2781 Dei
1346 2717 1456 2797 fraeno
1478 2718 1513 2780 in
1533 2721 1617 2783 verbi
1640 2720 1808 2787 obedientia
1829 2724 1938 2787 retenti
1954 2730 2065 2789 essent.

232 2808 315 2872 iusto
331 2809 441 2889 pretio.
486 2809 578 2873 Adde
605 2809 688 2890 quod
709 2808 878 2890 dfcdndis
892 2810 1034 2891 potentia
1054 2808 1105 2872 trie
1126 2812 1211 2872 nota·
1349 2806 1399 2869 32.
1443 2802 1591 2868 Rursum
1618 2828 1683 2870 non
1712 2807 1782 2872 siue
1811 2830 1909 2875 cnttsa
1937 2811 1972 2873 in
2001 2809 2133 2875 Christo
2160 2830 2238 2893 pro-

232 2898 301 2959 tur:
327 2895 405 2975 quia
419 2895 540 2977 pietas,
568 2899 602 2958 ut
630 2894 708 2958 alibi
733 2896 836 2959 visum
856 2895 933 2975 licit,
946 2894 1023 2959 ·Dei
1038 2895 1210 2975 potentiam
1261 2888 1432 2953 missiones
1454 2909 1567 2955 omnes
1586 2892 1821 2973 concludimus,
1848 2895 1978 2978 quondo
1996 2904 2029 2960 et
2050 2897 2121 2962 eius
2143 2897 2238 2980 ogni·

232 2998 354 3062 semper
375 2981 418 3044 acl
438 3001 531 3044 usum
548 2986 577 3045 et
592 2990 671 3062 crpus
682 2981 903 3060 acommoda&
919 2982 1210 3062 praesertimopera
1262 2976 1349 3039 tione
1386 2981 1490 3039 totum
1529 2978 1735 3061 evangelium
1776 2981 1940 3063 spostolus
1979 2981 2090 3065 (Rom.
2118 2988 2150 3062 l,
2184 2981 2238 3068 17)

233 3064 299 3130 Dei
320 3064 380 3129 sibi
396 3069 555 3148 proponit,
585 3066 701 3149 quibus
728 3088 761 3132 se
776 3072 900 3148 patrem
922 3087 987 3135 esse
1008 3071 1136 3131 neurus
1157 3070 1209 3129 est.
1262 3059 1441 3140 concludit,
1476 3070 1510 3124 et
1538 3062 1615 3127 alibi
1645 3064 1751 3144 docet,
1779 3076 1938 3149 quotquot
1964 3075 2045 3132 sunt
2070 3069 2136 3133 Dei
2160 3090 2238 3151 pro·

233 3149 321 3215 Hinc
347 3151 408 3215 illa
434 3158 498 3216 tam
523 3152 631 3218 crebra
655 3155 692 3218 in
719 3138 886 3235 scripturis
912 3153 1129 3233 redemptionis
1150 3171 1211 3215 me-
1261 3146 1441 3223 missiones,
1464 3147 1588 3230 inipso
1610 3171 1681 3215 csse
1703 3152 1801 3216 etism
1825 3162 1970 3217 otsmen
1990 3153 2237 3306 (rectumff.

231 3237 350 3314 morio,
372 3257 410 3301 ea
431 3259 493 3319 qua
513 3239 631 3305 discere
645 3245 790 3321 poterant
807 3239 987 3317 Israelitae,
1009 3238 1131 3314 Dium,
1154 3237 1210 3318 qui
1262 3231 1366 3297 Cuius
1387 3233 1435 3296 rei
1457 3233 1492 3296 in
1513 3246 1666 3317 promptu
1688 3247 1740 3303 est
1761 3240 1853 3303 ratio.
1899 3237 1937 3304 Si
1958 3240 2038 3322 quid
2059 3242 2149 3305 enim
2167 3262 2211 3324 po
2224 3278 2239 3292 ·

232 3323 327 3389 mutel
351 3328 443 3387 autor
466 3325 569 3405 suerat
596 3326 724 3405 salutis,
752 3330 911 3390 manum
937 3328 1006 3406 tbre
1026 3326 1095 3389 eius
1115 3328 1210 3387 eusto-
1261 3319 1379 3383 licetur
1404 3318 1512 3416 Dens,
1541 3341 1579 3385 eo
1607 3322 1865 3388 benevolentiam
1891 3345 1986 3390 susm
2013 3334 2168 3406 testetur,
2203 3334 2241 3392 nt

232 3409 310 3475 dem.
357 3408 421 3474 Suo
450 3413 543 3474 etiam
570 3412 706 3493 euemplo
732 3432 789 3476 nos
816 3413 959 3477 admonet
979 3410 1103 3488 Dauid,
1132 3429 1211 3491 qtae
1262 3404 1353 3469 nulle
1385 3413 1429 3468 stt
1460 3406 1530 3470 eius
1557 3408 1745 3488 promissio,
1777 3432 1861 3492 quse
1885 3432 1950 3476 non
1978 3412 2022 3476 sit
2055 3411 2241 3479 dilectionis

226 3495 384 3578 priuatim
411 3496 546 3579 sinqulis
571 3498 716 3578 boulido
746 3498 873 3562 corrtulit
895 3496 999 3575 Iteus,
1032 3496 1076 3560 ool
1102 3500 1209 3575 coudr-
1261 3490 1492 3555 testimonium.
1547 3491 1616 3557 Nea
1655 3496 1755 3558 refert
1792 3495 1879 3578 quod
1917 3498 2108 3581 ingentibus
2142 3510 2240 3583 etque

233 3581 398 3645 maliacem
424 3581 499 3663 {idei
526 3584 595 3647 eius
621 3586 656 3648 iu
677 3590 836 3665 posterum
857 3582 975 3662 valum
1002 3584 1064 3646 imo
1085 3582 1138 3644 ubi
1161 3582 1215 3646 de·'
1261 3575 1402 3642 assiduis
1429 3575 1560 3642 divinoe
1589 3578 1751 3663 largitatis
1779 3581 1945 3648 beneficiis
1968 3583 2045 3648 ditm
2068 3585 2161 3669 impii
2182 3606 2238 3649 eu·

232 3666 370 3730 seruisse
390 3687 447 3732 nos
468 3669 602 3748 uidetur,
629 3691 740 3734 sensns
765 3675 887 3734 rustros
907 3669 1032 3751 lonqius
1053 3667 1211 3731 exterdere
1261 3663 1444 3738 molentun,
1469 3683 1507 3726 eo
1529 3666 1674 3747 graviori
1696 3667 1814 3733 indicio
1836 3690 1907 3733 sese
1928 3669 2080 3734 induunt
2126 3670 2238 3750 Quum

232 3753 386 3831 conacnit,
416 3758 450 3817 ut
475 3761 593 3819 uetusta
619 3758 688 3820 eius
708 3754 853 3835 berrcfida
874 3775 931 3819 uos
952 3756 1088 3836 nipast,
1116 3753 1211 3818 accdi
1261 3751 1349 3814 enim
1372 3768 1410 3811 ea
1433 3748 1493 3812 sibi
1515 3751 1681 3815 eDomini
1703 3774 1803 3817 msnu
1821 3756 1994 3835 provenire
2011 3778 2072 3822 nec
2082 3757 2236 3840 cogitent,

231 3837 296 3902 alio
309 3836 437 3903 Psalmo
449 3841 536 3922 (143,
550 3842 584 3924 5)
595 3842 727 3906 dieitur:
743 3861 858 3905 memor
872 3843 922 3920 fui
936 3841 1059 3905 dicrum
1070 3839 1210 3918 arrtiquo
1261 3857 1322 3901 nec
1344 3844 1531 3917 agnoscant,
1553 3846 1611 3899 aut
1632 3839 1659 3901 si
1678 3839 1808 3922 quondo
1827 3850 2014 3923 agnoscent,
2035 3844 2104 3908 eius
2125 3854 2237 3905 tamen

231 3943 320 3999 rum;
341 3925 507 3989 nuditates
523 3947 593 3990 srcrn
611 3929 645 3990 in
661 3929 778 3992 cunctis
795 3925 939 4005 operibus
955 3927 1029 4002 tuis,
1048 3930 1097 3987 ete.
1131 3922 1210 3986 Item
1261 3921 1439 3986 bonitatem
1462 3942 1669 4004 nequequam
1693 3924 1780 4007 opud
1792 3947 1826 3990 se
1837 3936 1999 4008 reputent,
2022 3950 2087 3993 nou
2100 3937 2239 4010 possunt

233 4005 325 4088 (ibid.
346 4013 401 4085 tt,
424 4014 493 4096 ll):
518 4012 701 4078 recordabor
720 4032 846 4093 operum
864 4010 1012 4088 Danuui,
1035 4015 1062 4073 et
1083 4010 1212 4073 mirabi-
1261 4005 1337 4072 iude
1359 4007 1465 4088 magis
1487 4005 1528 4069 dc
1550 4009 1619 4073 eius
1641 4011 1864 4077 misericordis
1886 4013 2014 4079 edoceri
2039 4034 2136 4096 quum
2159 4013 2238 4078 bru-

234 4092 315 4157 lium
344 4095 412 4157 eius
438 4097 476 4160 ab
503 4098 602 4160 initio.
648 4098 710 4162 Sed
734 4099 811 4177 quia
839 4098 908 4160 sine
934 4096 1022 4160 uerbo
1044 4095 1211 4159 eoarruium
1262 4102 1315 4157 tce
1338 4090 1494 4173 pecudes,
1516 4113 1599 4176 quoe
1621 4117 1680 4178 pre
1703 4097 1897 4163 conditionis
1919 4121 1998 4165 suae
2018 4096 2126 4175 modo,
2156 4120 2239 4164 cun·

233 4183 279 4242 est
306 4180 459 4259 quidquid
484 4183 672 4262 concipimus
699 4184 737 4247 de
757 4183 897 4263 potentia
918 4180 982 4245 Dei
1010 4181 1209 4260 etopcribuS,
1262 4178 1336 4243 dom
1367 4175 1570 4244 liberalitatis
1603 4183 1744 4246 linctum
1777 4185 1956 4266 recipiunt,
1990 4206 2093 4269 nsque
2124 4192 2240 4251 umen

233 4284 297 4327 uon
319 4271 428 4328 lemae
444 4270 615 4331 asserimus
635 4268 756 4331 nullam
779 4288 842 4331 esse
861 4266 956 4347 {idem
978 4266 1069 4331 donec
1088 4268 1211 4349 pratiae
1262 4264 1471 4347 prospiciunt.
1521 4265 1635 4331 Nihilo
1666 4270 1772 4353 mngis
1803 4271 1912 4335 obstet
1943 4273 2029 4354 qnod
2061 4270 2241 4338 destinates

207 4368 313 4427 ,suae
345 4352 515 4416 testimonio
540 4355 720 4433 praeluceat
746 4352 843 4417 lleus.
889 4352 998 4417 Posset
1028 4353 1078 4416 bic
1109 4358 1211 4416 tamen
1261 4351 1452 4432 plerumque
1470 4352 1530 4417 sibi
1549 4355 1781 4434 promissiones
1799 4358 1983 4440 respuendo
2000 4359 2158 4424 ultionem
2178 4359 2241 4425 lrse

234 4438 350 4500 moueri
372 4441 524 4518 quaestio,
545 4440 622 4518 quid
643 4441 681 4504 de
705 4437 790 4502 Sara
812 4443 839 4500 el
861 4436 995 4503 Rebecca
1016 4440 1210 4503 sentiendum
1262 4437 1428 4502 occasione
1449 4439 1606 4502 maiorem
1629 4441 1689 4505 sibi
1708 4452 1887 4507 accersunt.
1930 4442 2129 4527 Quanquam
2151 4447 2241 4509 euim

234 4521 291 4597 sit,
319 4542 455 4602 quorum
483 4531 613 4605 utraque
637 4525 711 4605 tidei
738 4524 817 4596 selo,
846 4528 880 4586 ut
901 4525 1035 4603 ridetur,
1062 4526 1209 4604 impulsa,
1262 4533 1335 4587 tum
1362 4544 1397 4586 se
1426 4523 1557 4588 demum
1586 4529 1710 4608 profert
1737 4530 1988 4610 promissionum
2011 4532 2156 4597 eliionoio
2184 4532 2240 4597 ubi

236 4611 325 4670 cetra
346 4610 430 4672 uerbi
450 4611 530 4691 fines
552 4631 674 4692 eqressa
696 4615 747 4673 est.
794 4608 878 4672 Sara
898 4630 995 4690 quum
1017 4612 1139 4676 arderet
1159 4612 1210 4676 de·
1262 4609 1360 4673 fidem
1382 4610 1468 4692 opud
1490 4632 1550 4676 nos
1568 4613 1774 4690 invenerunt,
1796 4615 1847 4679 vis
1869 4629 1980 4680 tauron
2003 4637 2042 4682 sc
2058 4619 2241 4700 proprietas

235 4691 352 4755 siderio
367 4699 545 4774 promissae
565 4696 691 4774 sobolis,
720 4694 867 4759 aratiam
891 4717 981 4759 sturm
1003 4700 1116 4762 marito
1137 4719 1211 4780 sup-
1262 4717 1374 4760 eurum
1396 4707 1507 4761 nostra
1524 4698 1716 4763 infidelitate
1739 4710 1796 4763 sut
1812 4701 2053 4784 ingratitudine
2070 4726 2240 4786 uunquam

230 4780 351 4853 posuit.
399 4783 483 4859 Quin
509 4783 619 4847 multis
644 4783 745 4847 nudis
756 4784 929 4863 putaverit
951 4784 1127 4866 repandum
1147 4804 1210 4847 uon
1262 4782 1491 4865 exstinguitur.
1534 4784 1625 4866 Ergo
1652 4804 1752 4865 quum
1775 4785 1940 4854 Dominus
1962 4791 2031 4855 suis
2052 4791 2241 4873 promissio-

236 4865 304 4958 est,·¹
318 4863 371 4924 sed
392 4862 445 4926 boc
466 4868 577 4931 uitium
594 4889 674 4933 nuuc
690 4869 814 4950 artinqo,
837 4869 919 4949 quod
939 4871 1070 4935 sclosuo
1083 4869 1209 4951 abreprta
1263 4869 1375 4944 nibus,
1404 4890 1469 4932 non
1496 4868 1537 4932 ad
1560 4870 1783 4951 percipiendos
1810 4874 1905 4938 modo
1928 4898 2007 4941 sune
2028 4877 2241 4960 benignitatis

237 4964 270 5008 se
291 4952 380 5042 rutra·
398 4949 482 5012 ocrlri
491 4951 555 5015 Dei
575 4960 672 5019 metas
693 4975 754 5019 non
771 4956 928 5019 continuit.
964 4956 1087 5021 Certum
1108 4962 1211 5021 tarncn
1262 4956 1385 5020 fructus
1403 4954 1459 5019 sed
1473 4955 1569 5018 cticun
1582 4955 1782 5038 cogitandos,
1805 4957 1972 5026 hominem
1993 4964 2121 5041 invitet,
2144 4983 2241 5027 suam

238 5034 291 5106 est,
314 5030 504 5097 desiderium
531 5038 609 5103 illud
636 5060 658 5103 a
682 5042 744 5122 tide
762 5040 938 5122 profectum
958 5062 1031 5109 esse.
1076 5042 1210 5107 Rebecca
1262 5039 1310 5103 illi
1340 5039 1545 5104 dilectionem
1574 5039 1671 5104 simul
1695 5041 1847 5107 dcclnrut.
1893 5046 1990 5113 Unde
2013 5048 2079 5114 buc
2100 5049 2241 5113 redeun-

238 5116 362 5213 oroculo
382 5122 497 5214 ¹certior
521 5125 605 5201 lucta
633 5126 670 5188 de
690 5126 829 5190 eleetune
854 5126 918 5206 dlii
941 5130 994 5192 sui
1016 5128 1122 5207 Iacob,
1143 5130 1211 5193 eius
1262 5124 1340 5190 dum
1362 5136 1427 5201 est,
1449 5125 1693 5206 promissionem
1717 5129 1896 5210 quemlibet
1915 5156 1987 5200 csse
2008 5134 2139 5200 divinae
2161 5157 2242 5220 ergo

236 5199 473 5269 benedictionem
499 5207 581 5272 malo
601 5210 735 5291 artificio
749 5217 915 5292 procurat,
942 5216 1092 5279 maritum
1117 5235 1210 5281 sunm
1261 5232 1321 5277 nos
1342 5211 1524 5275 dilectionis
1546 5213 1817 5280 testificationem.
1862 5218 1966 5303 Atqui
1992 5232 2088 5287 extra
2110 5234 2241 5288 conmo-
