4672 5842
108 309 172 370 aa
374 303 464 370 nra.
488 304 551 369 ΠΙ.
596 303 661 370 aa
686 303 822 371 none
845 276 1195 371 PEROIPOErlDAE
1219 304 1409 406 errarem
1431 306 1650 374 calmae.
1696 308 1795 374 ear.
1818 309 1861 373 v.
2050 314 2114 375 rea

103 497 172 559 sint
192 495 366 559 universae
388 500 568 571 creaturae,
599 494 676 575 quid
699 495 807 559 obstat
828 494 1000 576 quominus
1021 516 1081 576 per
1131 495 1203 572 hoc,
1226 515 1352 572 aurum,
1376 503 1558 577 argentum,
1580 496 1707 581 lapides
1726 498 1894 579 pretiosos,
1918 497 2017 581 ligna,
2048 500 2113 565 foe·

101 582 258 659 infernos,
281 578 424 644 diabolos
445 580 675 663 intelligamus,
705 581 762 665 qui¹
782 602 860 645 sane
880 579 923 644 ad
944 580 1080 644 Domini
1132 602 1226 658 uum,
1255 580 1426 662 stipulam,
1456 583 1713 664 uniuscuiusque
1732 604 1814 664 opus
1836 582 1932 665 quale
1953 585 2009 662 sit,
2044 585 2113 649 dies

101 667 245 732 tribunal
267 665 432 743 sistantur,
455 665 597 730 iudicem
618 687 715 730 suum
737 667 890 749 agnituri,
916 687 991 730 eum
1014 676 1079 730 ter-
1132 666 1268 729 Domini
1290 667 1527 746 manifestabit3
1556 669 1643 750 quod
1671 669 1708 732 in
1734 669 1810 752 igne
1842 669 2049 747 revelabitur,
2080 681 2113 736 et

100 775 174 820 rore
197 762 231 817 et
253 750 491 834 trepidatione?
538 750 689 831 Qualiter
713 751 852 816 candem
874 752 1080 834 prophetiam
1132 752 1388 833 uniuscuiusque
1416 774 1497 835 opus
1532 754 1629 836 quale
1668 755 1725 832 sit,
1764 755 1851 837 ignis
1883 755 2045 836 probabit,
2084 757 2112 821 si

99 840 225 904 Paulus
252 839 322 920 ipse
345 838 421 901 alibi
444 837 555 920 (Rom
579 843 632 913 14,
655 836 708 921 10)
732 839 980 920 interpretatur:
1010 858 1079 900 em·
1133 839 1224 901 cuius
1242 859 1323 918 epus
1343 841 1468 917 arserit,
1488 838 1722 904 detrimentum
1740 841 1892 922 patietur,
1910 841 1979 922 ipse
1998 849 2110 906 autem

101 948 177 1003 nes,
199 926 319 1007 inquit,
343 924 498 988 sistamur
520 923 562 988 ad
585 922 730 986 tribunal
752 922 876 987 Christi
883 948 891 1002 ;
920 925 1080 1006 seriptum
1132 923 1243 988 salvus
1272 924 1347 1000 erit,
1376 924 1433 988 sed
1461 925 1554 1006 quasi
1578 927 1778 1008 perignem.
1826 924 1926 1006 Quis,
1956 928 2111 1008 tepeseat,

101 1020 152 1076 est
173 1012 273 1076 cuim:
298 1009 374 1074 vivo
396 1031 470 1092 ege,
498 1009 582 1073 mihi
602 1010 753 1074 flectetur
775 1031 870 1074 omne
893 1032 995 1093 genu,
1018 1017 1077 1074 etc.
1132 1008 1187 1072 ille
1215 1009 1302 1092 iguis
1335 1031 1406 1074 esse
1437 1019 1545 1093 potest
1576 1012 1640 1075 nisi
1666 1013 1892 1095 purgatoriae,
1925 1033 1984 1094 per
2014 1034 2112 1095 quem

100 1099 204 1179 Atqui
220 1097 256 1160 in
274 1118 351 1160 eum
372 1095 505 1159 modum
522 1096 732 1176 interpretari
750 1117 818 1159 non
837 1096 921 1172 licet,
938 1095 1024 1177 quod
1044 1095 1081 1158 in
1133 1108 1339 1177 peccatorum
1372 1096 1485 1160 sordes
1518 1095 1766 1180 absterguntur,
1800 1119 1865 1180 quo
1898 1100 1974 1179 puri
2000 1099 2111 1183 ingre·

100 1183 299 1267 Apocalypsi
311 1182 356 1264 (5,
372 1181 426 1263 13)
439 1181 587 1259 habetur,
601 1202 732 1244 emnem
742 1188 935 1259 creaturam,
949 1182 1078 1263 quae‘in
1133 1181 1262 1245 diamur
1284 1182 1320 1245 in
1333 1202 1471 1264 regnum
1484 1182 1569 1245 Dei?
1604 1184 1707 1265 Atqui
1725 1183 1826 1247 alium
1845 1205 1915 1248 esse
1938 1192 2113 1248 senscrunt

99 1270 204 1347 coelo,
228 1279 363 1350 atquae
385 1289 483 1350 super
506 1275 642 1344 terram,
672 1275 810 1349 atquae
832 1266 1018 1345 subterra,
1047 1274 1080 1330 et
1132 1276 1283 1332 veterum
1309 1267 1470 1349 plerique,
1487 1269 1510 1350 ¹)
1537 1289 1656 1349 nempe
1681 1269 1924 1333 tribulationem
1951 1291 2010 1333 seu
2038 1292 2111 1335 cru-

99 1377 182 1437 quae
209 1356 245 1418 in
273 1354 373 1430 mari,
402 1362 435 1416 et
463 1354 601 1435 quaein
623 1353 701 1434 ipsis
724 1361 803 1416 sunt
830 1354 940 1416 omnia
968 1351 1079 1418 audivi
1132 1374 1212 1431 cem,
1235 1375 1294 1435 per
1315 1374 1415 1436 quam
1437 1354 1601 1418 Dominus
1624 1375 1699 1418 sires
1718 1356 1893 1433 examinat,
1917 1377 1960 1419 ne
1982 1357 2018 1420 in
2040 1379 2111 1421 car-

101 1443 255 1507 diccntia:
285 1440 411 1505 sedenti
437 1440 474 1502 in
496 1438 631 1515 throne,
661 1448 694 1502 ct
718 1460 816 1521 agno,
840 1438 1022 1504 benedictio
1045 1449 1078 1502 et
1132 1439 1184 1503 nis
1211 1438 1361 1503 sordibus
1390 1439 1610 1520 acquiescant;
1644 1440 1742 1522 idque
1775 1441 1878 1503 multo
1911 1440 2111 1523 probabilius
2151 1498 2155 1505 .

102 1528 207 1591 honor
234 1535 267 1590 et
296 1526 400 1609 gloria
427 1533 459 1589 et
487 1532 630 1606 potestas
656 1525 691 1587 in
713 1524 844 1588 saccula
865 1526 1078 1589 saeculorum.
1132 1546 1232 1606 quam
1250 1526 1478 1608 purgatorium
1496 1525 1719 1608 confingendo.
1749 1524 1948 1609 Quanquam
1966 1549 2026 1592 nee
2046 1529 2110 1593 illis

99 1613 140 1678 Id
160 1611 293 1695 quidem
313 1612 407 1676 facile
429 1609 584 1688 coneed03
613 1608 670 1673 scd
697 1610 809 1691 quales
839 1611 892 1674 hic
913 1617 1080 1676 creaturas
1132 1612 1302 1689 assentior,
1326 1611 1402 1692 quia
1424 1610 1506 1673 mihi
1527 1610 1638 1674 videor
1661 1613 1832 1675 certiorem
1854 1612 1957 1675 multe
1980 1621 2013 1677 et
2031 1613 2110 1677 luci·

99 1700 264 1765 recenseri
284 1696 424 1780 putant?
453 1696 552 1762 Certe
573 1697 662 1760 enim
684 1697 804 1761 certius
823 1704 880 1775 est,
904 1706 937 1760 et
955 1698 1080 1760 ratione
1133 1694 1258 1760 dierem
1285 1697 1356 1760 eius
1387 1696 1450 1761 loci
1479 1697 1731 1779 intelligentiam
1760 1707 1962 1779 assequutus.
2008 1699 2111 1763 Ante-

100 1798 248 1850 carentos
270 1785 520 1849 etinanimatas
537 1782 777 1864 comprehendi.
807 1781 883 1862 Quo
904 1804 971 1847 non
992 1781 1080 1847 aliud
1133 1803 1231 1863 quam
1259 1790 1371 1846 tamon
1399 1804 1472 1847 eam
1494 1783 1636 1864 profero,
1667 1783 1765 1847 velim
1786 1783 1868 1846 mihi
1891 1784 2112 1865 respondeant

100 1872 285 1936 affirmatur
317 1891 416 1951 quam
449 1869 595 1952 singulas
627 1867 713 1933 orbis
747 1882 870 1950 partes,
905 1891 924 1933 a
952 1888 1080 1934 surnmo
1133 1877 1294 1950 putantne
1327 1868 1482 1952 apostolis
1520 1890 1558 1933 ae
1590 1870 1712 1934 sanctis
1746 1869 1897 1933 omnibus
1930 1891 1989 1950 per
2021 1870 2111 1934 hunc

100 1957 268 2022 coelorum
290 1957 411 2021 vertice
434 1954 476 2020 ad
498 1976 599 2036 usque
621 1963 729 2018 terrae
751 1962 910 2033 centrum,
933 1976 993 2018 suo
1010 1975 1080 2017 mo-
1132 1955 1244 2037 ignem
1262 1953 1491 2036 purgatorium
1512 1955 1752 2019 transeundum
1769 1954 1891 2019 fuisse?
1924 1955 2109 2038 Negabunt,

100 2043 142 2107 do
175 2043 330 2108 creatoris
363 2041 501 2125 gloriam
534 2060 697 2104 enarrare.
744 2038 840 2119 Quod
874 2063 916 2104 ex
943 2039 1080 2105 Macha·
1132 2040 1214 2119 scie;
1241 2040 1341 2104 nimis
1369 2041 1458 2104 enirn
1480 2040 1637 2105 absonum
1658 2042 1744 2104 foret
1769 2062 1825 2104 ees
1852 2042 1989 2124 purgari
2016 2063 2111 2123 opor·

101 2130 256 2193 baeorum
284 2127 421 2191 historia
448 2128 482 2210 (2
508 2125 617 2190 Maoh.
647 2130 700 2203 12,
726 2126 783 2209 43)
810 2127 996 2207 proterunt,
1027 2147 1079 2189 re·
1133 2126 1235 2190 tuisse
1263 2147 1401 2208 quorum
1427 2127 1545 2190 merita
1573 2126 1661 2191 ultra
1680 2148 1869 2192 mensuram
1891 2125 1932 2190 ad
1953 2127 2111 2192 universa

100 2215 274 2297 sponsione
307 2234 373 2277 non
400 2211 571 2295 dignabor,
606 2233 648 2274 ne
681 2233 762 2293 opus
791 2211 873 2276 illud
899 2210 1012 2276 videar
1045 2211 1080 2274 in
1132 2211 1288 2277 ecclcsiae
1309 2212 1456 2276 membra
1479 2211 1661 2276 redundare
1680 2213 1853 2277 somniant.
1882 2213 2010 2276 Verum
2032 2231 2111 2297 apo·

101 2322 269 2366 sacrorum
300 2299 459 2363 librorum
490 2297 676 2380 catalogum
710 2299 840 2362 referre.
884 2299 932 2361 At
964 2299 1080 2380 Augu·
1132 2297 1236 2362 stolus
1264 2298 1326 2362 hoc
1355 2298 1512 2361 affirmat:
1541 2299 1758 2380 nequeenim
1780 2296 1873 2377 dicit,
1903 2297 2110 2379 quorundam

99 2388 206 2452 atinus
219 2388 244 2467 ¹)
266 2407 324 2467 pro
347 2384 501 2449 canonice
522 2384 652 2464 recepit.
696 2384 848 2447 Primum
869 2405 969 2465 quam
990 2391 1080 2448 certa
1132 2404 1213 2465 opus
1236 2385 1408 2464 probatum
1429 2384 1480 2460 iri,
1503 2383 1561 2447 sed
1583 2385 1739 2447 omnium.
1779 2383 1894 2466 Neque
1917 2384 1978 2449 hoe
2000 2406 2111 2448 meum

100 2471 188 2536 fide?
220 2468 433 2554 Scripturam,
456 2470 574 2552 inquit,
592 2468 868 2534 Machabaeorum
880 2492 946 2533 nen
958 2469 1081 2534 habent
1132 2477 1366 2553 arginncntum
1398 2477 1460 2546 est,
1494 2468 1551 2532 sed
1580 2470 1811 2553 angustiata
1843 2472 1900 2553 qui
1933 2470 1979 2535 sic
2008 2471 2110 2535 inter·

100 2558 215 2623 Iudaei
244 2559 328 2623 siout
349 2557 470 2639 legem,
498 2555 692 2638 prophetas,
720 2563 753 2620 et
776 2555 933 2637 psalmos,
961 2555 1079 2637 quibus
1131 2556 1346 2638 pretationem
1373 2555 1466 2619 illam
1494 2564 1670 2638 oppugnat.
1715 2557 1762 2619 Et
1791 2556 1892 2639 (quod
1919 2557 2025 2640 magis
2053 2557 2110 2621 ab·

100 2645 324 2709 testimenium
358 2643 507 2724 perhibet
539 2640 704 2705 Dominus
744 2649 903 2723 tanquam
941 2640 1080 2705 testibus
1132 2640 1268 2706 surdum
1282 2640 1346 2725 est)
1364 2662 1431 2704 nen
1449 2640 1530 2704 dicit
1546 2642 1742 2706 transituros
1759 2640 1800 2704 ob
1819 2641 2110 2724 quaelibetepera3
2149 2683 2151 2686 -

100 2730 184 2807 suis,
216 2730 341 2795 dicens:
371 2729 540 2810 oportebat
567 2727 696 2808 impleri
724 2729 834 2790 omnia
854 2748 937 2809 quae
959 2728 1081 2809 scripta
1132 2727 1189 2791 sed
1212 2727 1240 2792 si
1262 2726 1431 2792 eeclesiam
1453 2749 1582 2791 summa
1603 2727 1761 2792 fidelitate
1784 2726 1999 2805 aedificarint,
2023 2749 2110 2792 mer·

100 2816 232 2882 suntin
254 2816 343 2900 lege,
367 2823 401 2879 et
422 2814 573 2896 psalmis,
599 2821 632 2876 et
654 2812 821 2895 prophetis
844 2812 884 2877 de
906 2833 958 2876 me
981 2811 1078 2895 (Luc.
1131 2811 1244 2878 cedem
1265 2820 1469 2896 recepturos,
1498 2814 1554 2877 ubi
1584 2834 1666 2895 opus
1688 2835 1800 2877 eorum
1822 2814 1892 2897 igni
1909 2815 2009 2877 fuerit
2031 2835 2109 2878 exa-

102 2906 158 2979 24,
178 2902 249 2982 44);
281 2900 339 2966 sed
360 2908 491 2982 recepta
515 2909 565 2963 est
593 2898 633 2963 ab
664 2898 800 2963 ecclesia
820 2920 888 2963 non
908 2899 1077 2976 inutiliter,
1132 2900 1304 2963 minatum.
1337 2898 1516 2980 Principia,
1542 2899 1691 2965 videmus
1714 2899 1896 2980 apostolum
1917 2899 2110 2981 metaphora

101 2989 130 3052 si
161 2989 266 3053 sobrie
299 2988 428 3071 legatur
460 2986 513 3051 vel
546 2984 715 3062 audiatur,
750 2993 809 3048 etc.
854 2985 1079 3069 Hieronymus
1132 3007 1228 3049 usum
1249 3004 1328 3062 esse,
1350 3005 1450 3066 quum
1473 2983 1637 3050 doctrinas
1659 2985 1830 3048 homiuum
1852 2986 1957 3067 capite
1979 2986 2109 3069 excogi-

100 3081 217 3151 autem‚
237 3075 308 3140 sine
326 3072 537 3150 dubitatione,
554 3071 690 3134 minime
708 3071 818 3135 valere
836 3071 905 3135 eius
924 3071 1080 3135 autorita·
1132 3079 1231 3148 tatas,
1259 3069 1404 3154 lignum,
1437 3071 1569 3134 foenum
1594 3078 1627 3135 et
1652 3070 1807 3153 stipulam
1830 3072 1966 3136 vocavit.
2011 3071 2110 3135 Ratio

101 3169 168 3225 tem
187 3160 230 3224 ad
252 3159 428 3224 asserenda
449 3157 603 3241 dogmata
624 3156 725 3221 doect.
764 3157 811 3220 Et
832 3178 874 3220 cx
896 3156 1004 3220 libello
1024 3155 1080 3220 illo
1132 3176 1260 3240 quoque
1280 3157 1490 3238 metaphorae
1511 3165 1663 3240 prompta
1683 3166 1747 3221 est:
1771 3178 1889 3239 nempe
1910 3156 1997 3239 qued
2019 3156 2111 3220 velut

100 3254 245 3322 vetusto,
280 3247 336 3327 qui
369 3244 431 3308 sub
464 3244 595 3309 nominc
622 3241 782 3327 Cypriani
810 3242 850 3307 de
878 3244 1080 3325 expositione
1131 3243 1276 3325 lignum,
1305 3242 1417 3307 statim
1446 3249 1543 3324 atque
1565 3242 1636 3326 igni
1658 3241 1826 3306 admotum
1847 3243 1959 3320 fuerit,
1993 3263 2110 3307 censu·

100 3332 243 3416 symboli
260 3330 458 3407 inscribitur,
482 3336 593 3411 aperte
615 3336 744 3393 constat
766 3328 873 3392 locum
895 3328 1023 3393 nullum
1045 3329 1081 3392 in
1133 3330 1234 3392 mitur
1256 3338 1289 3392 ot
1310 3327 1514 3410 deperditur,
1545 3330 1591 3393 sic
1620 3349 1725 3410 neque
1753 3328 1829 3392 illae
1851 3327 2030 3411 perdurare
2052 3349 2110 3410 po·

99 3417 207 3483 veteri
236 3417 371 3481 ecclesia
399 3415 560 3479 habuisse.
604 3415 651 3478 Et
677 3413 756 3497 quid
778 3415 901 3479 frustra
927 3415 982 3480 hic
1005 3434 1081 3478 een·
1133 3420 1253 3491 terunt,
1275 3436 1376 3496 quum
1396 3435 1451 3478 eas
1473 3415 1655 3480 examinari
1677 3415 1859 3497 contigerit.
1898 3414 2002 3479 Porro
2025 3414 2111 3479 eius·

102 3499 223 3566 tendo?
269 3501 372 3580 Quasi
403 3509 497 3565 auter
523 3502 592 3581 ipse
615 3521 681 3564 non
704 3500 784 3565 satis
806 3500 956 3565 ostendat
977 3520 1080 3583 quan·
1132 3499 1223 3564 modi
1239 3521 1377 3564 examen
1395 3521 1415 3564 a
1433 3501 1549 3583 spiritu
1563 3500 1627 3565 Dei
1644 3501 1814 3582 proficisci,
1838 3501 2003 3564 neminem
2019 3499 2109 3565 latet.

101 3597 174 3652 tum
197 3586 260 3650 sibi
279 3585 491 3651 deferendum
513 3587 565 3664 sit,
588 3607 690 3669 quum
711 3586 843 3651 veniam
864 3588 900 3650 in
920 3588 985 3651 fine
1006 3607 1080 3668 pre·
1133 3585 1208 3667 Quo
1228 3587 1330 3670 igitur
1351 3586 1444 3650 filum
1465 3586 1676 3668 metaphorae
1697 3594 1956 3668 prosequeretur,
1980 3606 2017 3650 ac
2035 3607 2110 3668 par-

101 3684 205 3751 catur,
230 3673 258 3736 si
279 3671 358 3755 quid
379 3673 489 3737 minus
511 3672 594 3736 bene
616 3671 738 3736 dixerit
759 3672 793 3756 (2
812 3673 921 3736 Mach.
945 3678 992 3750 15,
1013 3676 1079 3755 38).
1133 3680 1182 3737 tes
1204 3674 1291 3737 iusta
1313 3672 1527 3737 correlatione
1545 3674 1633 3737 inter
1655 3694 1689 3737 se
1708 3679 1844 3754 aptaret,
1870 3673 1982 3755 ignem
2000 3671 2110 3753 appel-

103 3760 201 3826 Ocrtc
223 3759 278 3841 qui
301 3759 423 3840 scripta
445 3779 504 3822 sua
519 3757 667 3841 indigere
686 3758 923 3836 veniafatetur,
946 3759 1081 3840 spiritus
1133 3759 1217 3824 lavit
1245 3779 1383 3822 examen
1410 3759 1542 3840 spiritus
1569 3760 1683 3824 sancti.
1728 3758 1871 3822 Perinde
1901 3759 2110 3837 animatque

103 3846 208 3912 sancti
230 3843 363 3910 oracula
381 3844 449 3906 non'
470 3864 539 3907 esse
563 3844 690 3908 clamat.
724 3843 817 3909 Adde
838 3845 918 3926 qaod
939 3865 1000 3908 eea
1017 3844 1081 3908 atie
1134 3866 1253 3909 aurum
1274 3852 1308 3909 et
1329 3848 1518 3927 argentu'm,
1544 3866 1607 3926 que
1636 3844 1769 3927 propius
1796 3843 1837 3908 ad
1866 3844 1976 3925 ignem
1999 3840 2109 3905 admo-

102 3933 225 3996 aemiee
248 3930 397 3996 medetur
418 3928 519 3994 ledea
534 3931 648 4009 pictae,
670 3930 736 3995 eriri
752 3931 828 4010 qaia
849 3951 935 4013 spem
953 3929 1081 4010 eirenem
1134 3936 1268 4009 ventur,
1296 3951 1333 3995 eo
1359 3930 1531 3995 certiorem
1559 3930 1731 4012 probitatis
1755 3929 1972 4010 puritatisque
1993 3927 2109 4009 proba-

103 4020 140 4084 a
161 4020 274 4083 ultime
295 4016 517 4081 resurreetione
537 4014 690 4092 ltebeerit,
720 4016 774 4080 edi
794 4016 975 4081 oblationem
994 4016 1083 4080 misit
1134 4017 1259 4081 tionem
1280 4018 1442 4091 referunt,
1475 4017 1522 4080 ita
1543 4016 1678 4081 Domini
1702 4015 1839 4091 veritas,
1870 4035 1933 4095 quo
1962 4015 2110 4079 exactius

98 4125 160 4184 pre
187 4105 319 4168 mortuis
341 4101 600 4182 Hierosolymam.
647 4101 755 4182 Neque
781 4104 863 4167 caim
884 4104 927 4169 eet
943 4104 1082 4183 pretium
1135 4102 1296 4185 spirituali
1328 4104 1478 4166 examine
1509 4101 1718 4183 expenditur,
1753 4122 1790 4163 co
1822 4101 1981 4165 maiorem
2008 4101 2111 4165 sumit

103 4189 323 4271 redemptionis
353 4187 450 4252 trabit
482 4188 614 4266 cuipter
640 4186 786 4252 historiae
811 4189 893 4270 quod
918 4189 972 4253 ille
1003 4189 1081 4271 egit;
1135 4189 1318 4253 autoritatis
1336 4189 1624 4253 confirmationem.
1659 4185 1945 4266 Quemadmodum
1969 4188 2109 4262 foenum,

103 4275 157 4341 aed
188 4281 223 4339 et
253 4279 407 4340 consertes
439 4279 585 4337 aeternae
617 4273 698 4336 citae
724 4280 823 4338 essent
854 4295 924 4352 cum
950 4274 1083 4355 reliquia
1134 4275 1279 4358 lignum,
1303 4274 1436 4356 stipula,
1459 4275 1529 4356 igni
1551 4271 1697 4349 admota,
1721 4274 1941 4355 corripiuntur
1964 4273 1999 4335 in
2021 4271 2110 4335 subi-

101 4361 259 4441 tidelibee,
282 4362 338 4441 qai
354 4380 417 4442 pre
433 4360 546 4441 patrie
568 4364 595 4422 et
614 4358 760 4440 religione
782 4359 988 4426 eeeebeerem
1023 4358 1082 4424 Se-
1135 4369 1204 4424 tam
1226 4360 1517 4442 consumptionem,
1546 4360 1593 4422 ita
1615 4358 1787 4422 hominum
1808 4361 1952 4435 inventa,
1974 4356 2111 4420 Domini

99 4449 279 4529 partitione
303 4446 430 4528 quidam
456 4450 485 4509 et
502 4448 701 4526 prospectae
729 4446 793 4510 aete
819 4466 881 4509 eree
901 4447 1002 4511 ceruit
1029 4446 1082 4511 hoc
1135 4447 1234 4511 verbo
1267 4468 1333 4510 non
1367 4445 1523 4524 stabilita,
1559 4445 1692 4527 spiritus
1725 4446 1831 4509 sancti
1859 4464 1997 4508 examen
2025 4442 2110 4504 ferre

102 4533 236 4614 feetem;
258 4533 313 4596 sed
329 4532 408 4613 ples
429 4552 524 4612 qaam
544 4530 631 4612 fetui
652 4535 732 4608 seete,
753 4532 809 4610 qai
829 4531 1022 4612 sacrificium
1043 4531 1083 4595 le-
1135 4539 1316 4614 nequeunt,
1350 4534 1429 4614 quin
1463 4531 1634 4597 concidant
1665 4530 1816 4612 protinus
1849 4537 1882 4592 et
1915 4528 2109 4610 dispereant.

101 4619 173 4700 geta
201 4620 243 4683 aei
269 4638 325 4682 ees
352 4638 449 4697 espec
477 4616 621 4681 trahent:
654 4616 778 4696 quande
806 4617 940 4682 aeaeae
964 4615 1096 4681 Christi
1134 4619 1285 4700 Denique
1303 4619 1332 4681 si
1350 4619 1590 4683 commentitiae
1608 4615 1782 4693 doctrinae,
1806 4615 1903 4697 ligno,
1926 4614 2030 4690 foeno,
2052 4613 2111 4678 sti·

104 4705 222 4770 scimea
241 4725 362 4769 cessere
382 4724 463 4784 qeee
485 4704 521 4767 ia
542 4725 604 4767 aaa
626 4707 697 4766 teuc
717 4703 853 4783 sacrent.
1135 4704 1230 4785 palae
1249 4713 1487 4786 comparantur.
1508 4702 1595 4785 quod
1616 4704 1721 4767 instar
1743 4702 1834 4784 ligni,
1857 4701 1954 4787 foeni,
1972 4699 2111 4781 stipulae

191 4797 219 4854 9.
264 4791 392 4855 Verum
414 4789 538 4854 habent
566 4790 727 4853 invictum
749 4808 891 4853 cuneum
912 4787 947 4851 in
968 4786 1081 4865 Paulo,
1135 4790 1369 4855 comburantur
1386 4791 1427 4854 ab
1438 4791 1523 4872 igue,
1547 4799 1580 4853 et
1601 4794 1855 4871 corrumpantur
1876 4788 1911 4850 in
1929 4787 2109 4863 interitum,

105 4875 161 4955 qui
194 4896 262 4939 non
289 4877 336 4939 ita
362 4875 457 4941 facile
489 4875 621 4957 percelli
648 4883 756 4956 queat.
803 4872 840 4939 Si
869 4874 943 4956 quis
970 4895 1083 4956 super·
1134 4896 1200 4941 non
1223 4883 1333 4941 autem
1355 4876 1572 4942 conficiuntur
1593 4883 1652 4938 aut
1673 4875 1891 4958 profligantur
1915 4875 1979 4939 nisi
2001 4895 2020 4937 a
2040 4872 2110 4937 Do·

106 4960 269 5041 aedificat,
292 4962 400 5043 inquit
422 4960 454 5045 (l
476 4958 552 5026 Gor.
571 4964 598 5039 3,
623 4959 690 5044 12),
714 4983 812 5046 super
833 4959 1083 5024 hindamentum

190 5138 208 5142 -
225 5137 310 5143 —..
1207 5165 1235 5232 l)
1257 5167 1480 5235 Ohrysostomus.
1507 5165 1676 5233 Augustinus
1705 5174 1733 5217 et
1760 5167 1814 5217 alii.
1885 5164 1915 5227 2)
1944 5165 2052 5217 Enchir.
2077 5161 2113 5216 ad

176 5236 206 5302 1)
224 5236 328 5288 Ooutra
345 5234 478 5288 Gaudent.
498 5236 579 5303 episc.
599 5234 622 5299 1,
641 5233 683 5289 31.
1138 5236 1219 5288 haur.
1238 5253 1260 5288 c.
1279 5234 1321 5288 68.

212 5321 322 5375 eateiai
338 5334 428 5387 opere.
474 5319 528 5374 toz.
547 5319 590 5372 11.
1873 5316 1907 5370 32
