4672 5842
105 321 170 385 ris
413 405 421 425 ,
481 318 572 384 nro.
595 317 641 382 n.
685 318 749 383 nn
771 316 1060 384 oosarrroruo
1082 319 1166 385 nar
1185 319 1533 391 6666166666.
1578 322 1677 390 oar.
1700 325 1742 390 v.
1984 285 1987 291 ’
2053 327 2126 395 ast

105 512 135 576 si
156 511 192 595 in
214 510 304 575 hunc
324 507 459 573 modum
480 507 692 590 intelligatur,
716 528 782 571 non
800 507 948 572 sufficere
966 507 1083 571 volun·
1135 528 1201 572 non
1231 508 1380 591 protinus
1409 511 1558 592 sequitur
1597 511 1633 575 in
1664 513 1815 578 vitiatam
1848 535 1885 579 ac
1919 512 2116 596 degenerem

106 603 208 662 tatem
231 604 290 660 aut
309 603 463 660 conatum
489 594 566 676 quia
592 599 704 657 tantae
732 592 811 657 moli
838 593 905 657 sint
930 593 1081 674 impares,
1135 602 1288 658 naturam
1310 604 1502 677 competere.
1549 598 1639 681 Ergo
1662 619 1730 662 non
1750 598 1816 663 illis
1839 598 1944 677 mode,
1974 599 2031 664 scd
2050 601 2114 682 ipsi

105 704 224 766 parum
246 682 477 747 convenienter
495 700 515 743 a
531 680 636 744 Paulo
658 678 781 744 dictum
802 678 893 743 foret.
938 678 1082 744 Proinde
1134 700 1262 765 quoque
1271 678 1500 747 Ecclesiastico
1524 684 1722 767 (quicunque
1745 682 1878 749 tandem
1900 684 1958 768 sit)
1981 706 2115 768 respon·

106 790 210 852 apage
231 768 311 833 istas
334 766 526 849 argutiolas:
553 786 621 829 non
650 772 700 829 est
720 764 860 830 volentis
881 785 986 846 neque
1008 787 1082 830 cur·
1131 765 1209 851 deo:
1241 764 1272 833 61
1298 764 1466 841 hominem
1494 770 1545 833 vis
1573 771 1742 834 instituere
1773 777 1811 834 ut
1839 769 1927 853 apud
1949 792 1983 835 se
2005 772 2115 853 ipsum

104 855 224 930 rentis;
247 875 324 937 ergo
346 859 397 917 est
419 852 528 934 aliqua
554 851 720 929 voluntas,
749 859 799 914 est
820 850 937 933 aliquis
957 872 1080 916 cursus.
1123 848 1351 937 Ι,6666166ιεί66
1382 852 1499 929 6616116
1528 856 1718 921 facultatem
1750 863 1900 938 quaerat,
1936 857 2019 920 tanti
2046 879 2113 923 non

107 939 296 1024 Simplicior
318 940 406 1004 enim
431 952 481 1003 661
503 958 596 1001 mens
614 936 725 1001 Pauli:
756 943 894 1001 nonest
919 936 1081 1016 voluntas,
1134 945 1186 1003 est
1201 936 1297 1005 nobis
1317 942 1377 1005 tua
1396 941 1556 1005 autoritas
1573 948 1612 1006 ut
1628 942 1681 1007 vel
1698 942 1827 1006 minimi
1846 942 2037 1024 praeiudicii
2055 942 2113 1008 ad·

106 1048 173 1091 non
195 1032 247 1091 est
273 1046 389 1091 cursus
418 1045 501 1107 quac
527 1024 620 1088 nobis
647 1023 736 1088 viam
763 1021 805 1086 ad
834 1022 971 1087 salutem
995 1044 1081 1087 com·
1134 1043 1251 1091 versus
1269 1022 1493 1091 indubitatum
1511 1027 1576 1091 Dei
1598 1029 1736 1092 verbum
1755 1027 1862 1093 vicem
1879 1027 2038 1107 obtineat;
2061 1031 2113 1094 sin

106 1120 240 1195 parant;
283 1111 352 1176 sola
373 1119 424 1175 est
467 1110 520 1174 hic
553 1108 689 1173 Domini
721 1107 951 1174 misericordia.
1007 1108 1083 1172 Non
1134 1108 1374 1193 malignitatem
1395 1111 1504 1176 carnis
1527 1112 1689 1177 duntaxat
1710 1135 1857 1178 coercere
1880 1112 1999 1190 studes,
2029 1136 2112 1198 quac

106 1199 196 1263 enim
218 1198 313 1262 aliter
335 1197 389 1267 hic
411 1196 554 1277 loquitur
582 1216 680 1278 quam
703 1193 745 1258 ad
767 1195 894 1270 Titum,
923 1194 979 1258 ubi
1002 1195 1082 1259 seri·
1134 1216 1194 1259 sua
1214 1193 1304 1265 mala
1323 1195 1359 1260 in
1378 1194 1490 1283 Deum
1519 1198 1744 1263 transferendo
1766 1220 1887 1264 vanam
1900 1200 1924 1284 ¹)
1952 1200 2114 1267 detonsio·

107 1285 154 1348 bit
181 1285 227 1366 (3,
246 1283 297 1368 4),
332 1283 521 1366 apparuisse
549 1281 614 1345 Dci
647 1280 827 1344 bonitatem
863 1286 896 1343 61
929 1280 1082 1343 humani·
1134 1303 1209 1345 nem
1231 1287 1362 1363 captare
1384 1282 1480 1361 solet,
1514 1280 1651 1367 ideoque
1679 1285 1856 1365 respondes
1884 1286 2113 1352 rectitudinem

106 1378 222 1447 tatem,
251 1391 318 1434 non
343 1368 558 1449 exoperibus
585 1367 728 1431 iustitiae
750 1386 832 1447 quae
854 1365 989 1431 lecimus
1012 1388 1080 1446 nos,
1134 1367 1259 1432 homini
1280 1366 1419 1432 inditam
1442 1369 1542 1434 fuisse
1564 1391 1627 1451 quo
1648 1371 1756 1452 ipsum
1778 1370 1870 1434 exitii
1899 1370 1961 1436 sibi
1981 1392 2113 1438 causam

107 1455 164 1521 sed
184 1476 244 1538 pro
266 1456 428 1520 immensa
449 1454 519 1517 eius
540 1451 770 1517 misericordia.
816 1451 866 1516 Ne
884 1451 933 1514 illi
949 1451 1083 1534 quidem
1134 1473 1204 1517 esse
1227 1462 1391 1535 appareat,
1415 1454 1556 1519 libenter
1578 1456 1737 1520 assentio:
1758 1456 1854 1519 modo
1875 1457 1958 1521 mihi
1980 1480 2140 1524 rursum·

106 1542 168 1624 ipsi
190 1543 247 1624 qui
270 1548 480 1624 argutantur,
503 1538 646 1604 Paulum
674 1538 822 1602 innuisse
843 1537 986 1619 aliquam
1013 1559 1083 1603 esse
1134 1545 1242 1604 tecum
1265 1539 1326 1604 hoo
1357 1542 1544 1618 conveniat,
1573 1542 1614 1606 iis
1643 1541 1858 1620 ornamentis,
1892 1542 2009 1624 quibus
2037 1565 2113 1609 eum

106 1627 311 1693 voluntatem
335 1635 369 1692 et
391 1626 530 1707 aliquem
552 1646 693 1701 cursum,
717 1624 794 1706 quia
820 1624 991 1706 negaverit
1012 1645 1082 1688 esse
1134 1625 1297 1689 Dominus
1319 1626 1412 1690 initio
1434 1626 1602 1705 induerat,
1630 1649 1717 1692 nunc
1746 1649 1806 1692 sua
1827 1626 1924 1708 culpa
1945 1649 2015 1693 esse
2038 1652 2112 1712 spo-

107 1714 261 1792 volentis,
295 1721 353 1779 aut
382 1712 557 1788 currentis,
596 1710 678 1774 mihi
712 1708 754 1773 ad
776 1708 914 1774 eandem
945 1709 1083 1773 formam
1135 1710 1264 1789 liatum3
1294 1717 1383 1792 atque
1404 1712 1450 1777 aa
1466 1714 1590 1794 puriter
1610 1713 1769 1795 fateamur
1792 1714 1908 1778 medico
1930 1734 2012 1778 6666
2034 1736 2114 1797 cpua

106 1800 292 1865 ratiocinari
320 1797 547 1865 concederent:
578 1796 688 1878 aliqua
716 1816 775 1860 nos
803 1795 890 1860 bona
916 1816 1015 1877 opera
1035 1795 1082 1860 fe·
1135 1816 1208 1875 esse,
1230 1817 1291 1861 666
1307 1803 1449 1878 petrorio,

106 1887 202 1975 once,
231 1887 307 1969 quia
333 1891 432 1967 nogat
458 1883 582 1947 Paulus
610 1903 651 1946 ex
679 1882 830 1964 operibus
882 1901 943 1945 uae
970 1881 1083 1946 feceri·
1225 1886 1272 1946 19.
1317 1883 1409 1946 Nihil
1447 1889 1558 1948 tamen
1597 1885 1798 1967 frequentius
1838 1885 1873 1947 in
1904 1905 1959 1949 ore
1991 1884 2114 1951 babent

55 2043 65 2052 ‚
106 1992 196 2049 mus,
226 1973 290 2037 Dci
317 1971 497 2036 bonitatem
525 1990 585 2033 nos
613 1976 812 2050 assequutus.
858 1902 1083 2047 116616νί-
1136 1989 1234 2050 quam
1255 1967 1443 2050 parabolam
1472 1967 1599 2035 Christi
1627 1970 1667 2035 de
1693 1970 1834 2048 viatore,
1864 1991 1959 2051 quem
1982 1973 2114 2037 semivi-

107 2058 190 2122 tium
211 2057 250 2121 in
271 2058 333 2123 hac
355 2055 638 2139 argumentatione
661 2053 910 2136 perspiciunt,²)
934 2049 1085 2136 aperiant
1136 2075 1217 2119 vum
1243 2052 1386 2119 latrones
1421 2055 1457 2119 in
1490 2056 1546 2120 via
1578 2057 1785 2138 proiecerunt
1812 2055 1909 2139 (Luc.
1933 2055 1996 2141 10).
2041 2055 2113 2122 Sub

107 2142 233 2221 oculos,
263 2152 296 2208 ct
322 2164 416 2209 suam
443 2162 510 2205 non
531 2161 643 2205 carere
671 2139 769 2203 simili
788 2138 917 2204 fallacia
938 2144 1083 2204 cernent.
1136 2139 1271 2204 viatoris
1293 2140 1391 2219 huius
1413 2147 1492 2225 typo
1514 2141 1733 2206 calamitatem
1755 2143 1994 2224 repraesentari
2014 2164 2113 2225 gene·

104 2228 221 2293 Firma
237 2237 288 2295 est
305 2229 405 2293 etiam
422 2227 506 2291 ratio
522 2226 581 2290 illa
601 2245 666 2307 qua
685 2225 802 2289 nititur
824 2225 1031 2308 Augustinus
1043 2226 1082 2308 ¹):
1137 2226 1183 2290 ris
1202 2225 1339 2289 humani
1361 2226 1426 2291 scio
1454 2226 1720 2311 vulgatissimum
1744 2247 1814 2292 esse
1840 2227 1990 2293 omnibus
2009 2248 2113 2309 paene

108 2316 136 2380 si
162 2315 237 2381 ideo
258 2315 381 2381 dictum
401 2313 501 2391 foret,
524 2332 590 2376 non
616 2332 687 2376 esse
713 2310 853 2375 volentis
878 2332 984 2393 neque
1012 2332 1085 2376 cur·
1136 2311 1357 2393 scriptoribus
1401 2311 1485 2376 Inde
1508 2321 1739 2397 argumentum
1767 2320 1902 2378 sumunt
1929 2315 2032 2378 nostri
2056 2314 2113 2378 ad-

111 2402 225 2483 rentis,
247 2403 324 2485 quia
345 2421 411 2465 non
428 2398 569 2464 sufficiat
590 2397 744 2464 voluntas
765 2417 826 2462 nec
844 2417 967 2474 cursus,
990 2417 1085 2479 posse
1137 2398 1281 2473 versarii,
1312 2417 1378 2462 non
1400 2398 1446 2462 ita
1466 2399 1591 2482 peceati
1620 2420 1657 2464 ac
1686 2398 1805 2463 diaboli
1824 2399 1992 2463 latrocinio
2015 2400 2114 2463 muti·

111 2488 148 2552 in
169 2488 365 2553 contrariam
385 2492 513 2567 partem
533 2483 722 2566 retorqueri,
751 2503 817 2547 non
839 2503 909 2546 esse
931 2483 996 2547 Dei
1022 2484 1085 2547 mi-
1135 2483 1241 2548 latum
1262 2483 1521 2563 essehominem,
1544 2485 1622 2567 quin
1644 2485 1834 2567 superstites
1856 2485 1997 2549 retineat
2013 2483 2115 2549 bono·

110 2574 320 2650 sericordiac,
354 2570 466 2655 66163)
494 2591 599 2651 neque
625 2569 695 2635 sola
722 2568 779 2632 illa
805 2575 926 2650 ageret.
972 2565 1085 2648 Quum
1137 2591 1211 2634 rum
1232 2569 1379 2651 priorum
1399 2569 1568 2652 reliquias:
1592 2568 1855 2653 quandoquidem
1878 2569 1999 2636 dicitur
2019 2571 2114 2636 relic-

109 2659 172 2728 hoc
210 2658 390 2726 seeundum
428 2656 472 2721 sit
519 2655 712 2734 absurdum,
759 2655 877 2719 merito
922 2653 1087 2719 concludit
1136 2662 1190 2721 tus
1212 2676 1283 2720 esse
1305 2656 1491 2722 semivivus.
1537 2655 1602 2722 Ubi
1621 2656 1708 2720 enim
1730 2663 1780 2721 est
1800 2655 1883 2720 illud
1909 2658 1996 2722 vitae
2019 2656 2115 2721 dimi-

107 2747 324 2831 Augustinus,
346 2741 419 2808 ideo
437 2763 508 2808 esee
530 2741 591 2806 hoc
614 2740 737 2806 dictum
758 2740 835 2822 quia
852 2738 944 2805 nulla
965 2740 1008 2804 sit
1024 2739 1084 2804 ho·
1137 2740 1228 2805 dium
1260 2740 1325 2806 nisi
1357 2747 1465 2807 rectae
1498 2750 1531 2805 et
1558 2742 1694 2807 rationis
1733 2751 1766 2807 et
1795 2741 1974 2808 voluntatis
2007 2743 2115 2825 portic

107 2833 206 2898 minis
233 2832 387 2900 voluntas
414 2829 508 2907 bona,
537 2828 601 2892 nisi
630 2832 845 2910 praeparetur
878 2847 898 2890 a
924 2825 1083 2906 Domino;
1136 2827 1245 2909 aliqua
1275 2826 1445 2892 maneret?
1490 2827 1658 2906 Primum,
1691 2827 1721 2891 si
1757 2828 1858 2892 nolim
1891 2827 2001 2893 locum
2035 2827 2114 2894 dare

108 2939 177 2982 non
208 2918 288 3001 quin
326 2915 410 2980 velle
451 2912 627 2979 debeamus
665 2921 698 2978 et
730 2933 877 2991 currere;
917 2910 974 2976 sed
1008 2913 1085 2992 quia
1135 2914 1282 2996 ipsorum
1304 2912 1486 2997 allegoriae,
1510 2913 1589 2996 quid
1618 2914 1751 2978 obsecro
1771 2914 1889 2978 facturi
1911 2912 2011 2978 sunt?
2035 2935 2114 2979 nam

107 3009 282 3086 utrumque
304 3003 397 3068 Deus
418 3001 520 3066 efficit
545 3001 581 3064 in
602 2999 704 3064 nobis.
751 2997 825 3063 Neo
850 2997 957 3062 minus
977 2998 1086 3063 inscite
1136 3008 1266 3081 praeter
1288 3019 1482 3082 germanum
1510 2999 1666 3064 orationis
1692 2998 1829 3064 Domini
1856 3020 1990 3064 sensum
2016 3019 2036 3062 6
2057 3020 2116 3082 pa-

107 3094 264 3172 torquetur
285 3110 307 3154 a
327 3087 514 3169 quibusdam
534 3086 616 3152 idad
635 3083 734 3149 Pauli
756 3084 788 3167 (1
810 3082 885 3148 (lor.
905 3087 934 3162 3,
954 3083 1002 3167 9);
1021 3083 1085 3148 Dei
1137 3085 1242 3150 tribus
1264 3085 1485 3169 excogitatum
1505 3085 1620 3164 161666,
1643 3084 1727 3150 nihil
1757 3083 1893 3150 dubium
1921 3092 1979 3150 est
2024 3085 2116 3150 Alle-

107 3177 280 3258 coeperore'i
314 3193 439 3252 somus,
472 3172 553 3254 quod
580 3172 623 3237 cd
650 3171 731 3236 solos
756 3170 916 3234 ministros
939 3170 1086 3253 reatrinpi
1138 3171 1249 3255 goriae
1270 3170 1358 3235 ultra
1384 3171 1558 3253 procedere
1585 3193 1652 3237 non
1679 3170 1800 3237 debent
1827 3192 1927 3254 quam
1955 3191 2116 3254 praeeun-

108 3263 236 3328 mioime
255 3260 385 3327 dubium
406 3263 467 3339 661,
489 3257 681 3340 6666666166
702 3261 805 3321 catera
826 3256 932 3320 occari
953 3275 1013 3320 666
1030 3256 1085 3337 qui
1137 3265 1206 3322 tem
1234 3257 1358 3322 habent
1388 3258 1568 3339 scripturae
1605 3256 1767 3341 regulam;
1799 3263 1931 3321 tantum
1958 3256 2050 3322 abest
2077 3265 2117 3321 61

107 3368 146 3413 ea
166 3368 200 3412 ae
227 3347 399 3428 quidquem
426 3344 573 3426 offocat,
602 3343 657 3408 aed
683 3343 831 3424 quoniam
857 3361 964 3407 eoram
990 3361 1086 3424 opero
1136 3343 1314 3408 fundandis
1342 3341 1418 3409 ullis
1445 3342 1608 3426 dogmatis
1634 3364 1694 3427 per
1720 3366 1755 3409 66
1783 3344 1956 3409 sufficiant.
2001 3344 2116 3426 Neque

106 3435 209 3497 attur
240 3433 330 3497 Deus
356 3435 523 3512 postquem
554 3430 678 3496 1666666
710 3428 847 3494 reddidit
878 3428 1086 3509 iadracitpac
1138 3429 1257 3494 desunt
1277 3430 1420 3495 rationes
1442 3429 1560 3513 quibus
1581 3430 1712 3513 possim,
1735 3430 1764 3495 si
1786 3429 1906 3509 lubeat,
1930 3435 2035 3494 totum
2053 3429 2116 3496 hoc

108 3519 297 3584 necessariis
317 3515 448 3582 dotibus.
1138 3525 1358 3580 commentum
1379 3516 1576 3582 convellere:
1606 3537 1713 3598 neque
1741 3517 1831 3580 enirn
1859 3514 2028 3579 dimidiam
2056 3514 2116 3580 ho·

199 3606 247 3667 18.
291 3601 558 3668 Ecclesiasticum
596 3599 795 3685 producunt,
836 3619 935 3681 quem
968 3597 1085 3665 dubiae
1137 3602 1218 3665 mini
1241 3601 1345 3666 vitam
1372 3602 1529 3685 relinquit
1553 3602 1618 3666 Dei
1644 3601 1796 3680 verbum,
1826 3600 1883 3666 sed
1912 3603 2044 3684 penitus
2065 3603 2117 3667 in·

108 3689 294 3756 autoritatis
316 3687 508 3771 scriptorem
530 3707 600 3752 esse
621 3687 718 3752 nen'
768 3691 888 3750 oratur.
918 3686 965 3750 At
987 3687 1084 3766 enim,
1137 3688 1265 3753 teriisse
1294 3685 1396 3765 dccet,
1425 3695 1587 3771 quantum
1615 3687 1657 3752 ad
1686 3686 1802 3753 beatae
1823 3689 1911 3754 vitae
1944 3688 2114 3752 rationem

108 3784 179 3840 uta
197 3776 290 3841 nobis
307 3794 374 3840 non
383 3773 411 3858 ⁴)
433 3773 622 3856 repudietur
638 3773 716 3856 (quo
759 3772 866 3837 tacere
884 3777 994 3836 tamen
1012 3772 1084 3837 iure
1137 3773 1213 3838 Non
1235 3773 1410 3838 semivivos
1438 3772 1517 3838 dicit
1537 3781 1671 3839 sanatos
1698 3774 1840 3854 Pardus,
1870 3773 1951 3838 dum
1971 3773 2117 3854 loquitur

108 3875 219 3927 nostro
241 3861 334 3927 nobis
355 3860 455 3945 licet),
478 3859 555 3942 quid
572 3860 627 3924 ille
644 3867 784 3925 testatur
799 3879 858 3940 pro
879 3857 982 3922 bbere
999 3859 1084 3923 arbi·
1137 3858 1176 3925 de
1198 3865 1310 3924 nostra
1335 3858 1574 3943 redemptione;
1597 3858 1668 3938 sed,
1692 3880 1795 3941 quum
1815 3859 1939 3924 mortui
1961 3879 2115 3938 essemus,

109 3946 194 4012 trio?
238 3945 509 4032 Β1611(15,14),
539 3946 706 4010 hominem
728 3945 841 4010 statim
870 3952 966 4026 atque
994 3965 1084 4009 crea·
1137 3945 1326 4024 susoitatcs3
1354 3964 1422 4009 non
1449 3946 1625 4012 semivivos
1652 3945 1809 4011 inclamat
1830 3943 1872 4008 ad
1894 3945 2117 4026 recipiendam

108 4039 162 4099 tus
183 4033 259 4112 1611,
288 4032 441 4099 relictum
469 4052 539 4096 esse
565 4032 602 4094 16
630 4052 730 4095 manu
757 4016 884 4096 consilii
911 4030 977 4109 sui;
1008 4029 1084 4094 data
1137 4029 1264 4097 Ohristi
1283 4031 1575 4112 illuminationem,
1605 4029 1662 4096 sed
1685 4030 1883 4095 dormientes
1908 4040 1942 4095 et
1970 4031 2116 4114 sepultos

108 4118 157 4183 illi
178 4139 248 4185 esse
269 4124 458 4201 praecepta,
488 4137 571 4199 quae
601 4117 629 4181 si
657 4125 804 4182 servaret
833 4114 873 4180 ab
900 4115 966 4180 illis
987 4116 1083 4182 vicis·
1137 4116 1287 4201 (116112,
1309 4121 1428 4197 5615,
1450 4118 1505 4202 14)
1512 4140 1520 4195 ;
1543 4138 1604 4182 666
1626 4137 1719 4181 secus
1741 4117 1905 4181 Dominus
1928 4117 2012 4199 ipse,
2037 4116 2116 4181 dum

109 4205 169 4270 sim
198 4210 399 4283 servaretur;
433 4209 511 4267 ante
538 4202 704 4266 hominem
730 4203 869 4285 positam
892 4222 962 4266 esse
980 4202 1084 4266 vitam
1137 4204 1253 4269 horam
1273 4203 1403 4269 venisse
1430 4203 1477 4267 ait
1498 4224 1563 4286 qua
1584 4203 1709 4267 mortui
1737 4202 1778 4267 ad
1806 4224 1920 4269 vocem
1947 4224 2041 4268 suam
2064 4223 2117 4266 re-

109 4299 141 4355 61
161 4301 309 4367 mortem,
341 4289 463 4354 bonum
485 4297 519 4353 et
538 4287 677 4352 malum:
711 4287 923 4370 quodcunque
944 4287 1085 4354 voluerit
1136 4297 1275 4372 surgant
1296 4289 1425 4373 (Ioann.
1446 4293 1474 4367 5,
1497 4288 1562 4373 25).
1608 4287 1684 4369 Qua
1711 4289 1818 4354 fronte
1845 4289 1953 4355 levem
1982 4288 2115 4352 allusio·

109 4378 139 4440 ei
160 4377 274 4441 datum
293 4377 344 4441 iri.
388 4376 481 4455 Este,
504 4374 665 4456 acceperit
686 4373 783 4439 homo
805 4394 901 4438 6666
922 4375 1084 4439 creatione
1136 4397 1213 4440 nem
1240 4382 1292 4439 tot
1318 4375 1416 4440 claris
1443 4375 1617 4440 sententiis
1647 4374 1871 4459 opponerent?
1917 4372 2037 4438 Valeat
2065 4381 2116 4435 ta·

108 4462 295 4528 facultatem
323 4460 551 4546 adipiscendae
581 4462 669 4525 vitae
704 4468 761 4523 aut
788 4460 915 4524 mortis:
951 4458 1029 4541 quid
1056 4460 1083 4526 61
1136 4483 1213 4527 men
1242 4460 1399 4545 allegoria
1422 4461 1503 4526 haec
1529 4482 1589 4543 pro
1618 4473 1705 4526 certo
1735 4461 1930 4526 testimonio:
1965 4457 2043 4540 quid
2066 4465 2116 4521 ta·

108 4570 150 4613 ex
182 4548 320 4614 adverso
352 4546 606 4631 respondeamus
636 4543 836 4628 perdidisse?
882 4543 980 4609 Certe
1013 4547 1084 4610 ani·
1135 4568 1213 4610 men
1235 4545 1370 4611 anobis
1398 4547 1663 4630 extorquebunt?
1709 4545 1896 4612 Semivivus
1924 4550 1973 4608 est·
2001 4543 2115 4621 homc;

108 4655 181 4699 mus
199 4655 267 4700 non
283 4641 333 4700 est
350 4633 570 4699 contradicere
589 4630 756 4698 Solomcni
773 4630 829 4711 qui
847 4631 963 4694 asserit
979 4630 1083 4714 (Ecel.
1136 4632 1236 4696 habet
1256 4632 1359 4716 igitur
1381 4632 1506 4716 aliquid
1526 4632 1669 4698 salvum:
1699 4653 1817 4713 nempe
1847 4630 1946 4693 habet
1966 4637 2114 4694 mentem

110 4724 138 4798 7,
159 4721 225 4803 29),
248 4720 415 4784 hominem
437 4727 563 4786 rectum
582 4719 622 4784 ab
644 4717 739 4782 initio
762 4721 908 4780 creatum
930 4737 1010 4795 esse,
1033 4717 1083 4799 ip·
1134 4717 1373 4802 intelligentiae
1393 4739 1554 4802 capacem,
1584 4718 1683 4782 etiam
1704 4718 1733 4781 si
1754 4716 1795 4780 ad
1813 4715 1987 4781 coelestem
2014 4715 2112 4800 spiri·

109 4827 181 4870 sum
199 4806 261 4871 sibi
278 4807 432 4872 ascivisse
450 4807 571 4871 multas
588 4803 836 4870 adinventiones
843 4824 851 4880 ;
874 4822 990 4865 verum
1007 4804 1084 4884 quia
1135 4805 1323 4887 tualemque
1345 4804 1539 4887 sapientiam
1567 4825 1635 4867 non
1656 4809 1819 4885 penetret,
1847 4801 1947 4866 babet
1969 4801 2113 4867 nonnul·

109 4891 206 4956 homo
228 4891 455 4974 degenerando
477 4900 511 4957 et
532 4893 584 4956 sui
600 4899 633 4956 et
654 4891 814 4955 bonorum
836 4887 983 4951 omnium
1000 4910 1082 4953 nau·
1134 4891 1206 4955 lum
1227 4890 1407 4955 honestatis
1434 4888 1607 4967 iudicium3
1635 4889 1735 4953 habet
1763 4889 1906 4972 aliquem
1929 4888 2112 4954 divinitatis

107 4977 249 5060 fragium
276 4979 366 5057 fecit,
399 4977 557 5062 quidquid
582 4978 707 5060 primae
735 4973 890 5042 creationi
918 4973 1081 5055 tribuitur,
1135 4998 1284 5056 sensum,
1310 4983 1476 5058 utcunque
1503 4975 1617 5040 veram
1646 4972 1712 5039 Dei
1743 4976 1904 5041 rationem
1929 4997 1996 5040 non
2024 4996 2113 5040 asse·

1134 5071 1263 5146 quatur.
1310 5058 1378 5127 Sed
1400 5082 1463 5144 666
1485 5061 1550 5127 1616
1569 5059 1743 5126 recidunt?
1766 5072 1854 5128 corte
1876 5083 1944 5127 non
1966 5061 2114 5128 efficiunt

177 5180 206 5247 1)
224 5181 311 5252 Epist.
335 5181 395 5239 lot.
417 5184 452 5238 sd
474 5184 596 5237 Vitalem
619 5180 705 5250 (217).
783 5178 814 5246 2)
839 5177 922 5233 Labri
962 5181 1027 5233 6661
1041 5195 1082 5233 re·
1134 5185 1338 5195 -“””““

106 5252 513 5325 moemrmpieiant
549 5251 758 5320 anemae.-
771 5266 831 5318 666
860 5246 931 5316 4)1“
997 5251 1081 5304 omitt.
1203 5249 1232 5320 1)
1251 5248 1326 5306 ΕΜ.
1343 5251 1505 5305 recentiores
1521 5249 1605 5306 mab:
1622 5267 1704 5305 unam
1724 5248 1814 5320 (1602.
1834 5248 1908 5304 1606.
1928 5247 2003 5302 1617.
2022 5247 2116 5317 1654).

1855 5332 1909 5386 16·
