4672 5842
235 320 296 382 431

234 503 311 570 inde
333 524 431 584 quam
455 510 699 582 praeposterum
721 512 788 577 est,
811 498 853 563 ad
876 510 1030 580 punctum
1054 501 1210 580 temperis

236 589 376 655 limitare
399 586 473 650 lidci
496 585 740 661 certitudinem,
762 587 853 650 cuius
877 585 1043 666 proprium
1067 598 1131 660 cst,
1156 609 1210 650 su·

236 673 356 758 penitis
386 673 481 736 huius
512 673 598 735 vitae
621 672 749 752 spatiis,
778 672 819 735 ad
847 673 990 734 futuram
1019 673 1210 735 immortali·

234 768 336 825 tatem
360 758 529 839 protendi?
576 756 686 837 Quum
710 779 787 839 erge
808 757 841 820 id
864 759 989 839 gratiae
1011 757 1074 820 Dei
1099 758 1210 821 lideles

235 855 404 927 acceptum
433 846 553 919 ferant,
583 843 667 924 quod
696 845 814 926 spiritu
843 845 912 906 eius
935 843 1110 905 illuminati
1139 865 1210 907 ccc·

236 932 325 997 lestis
345 932 430 993 vitae
453 930 725 1010 eenttunplatione
749 951 805 1010 per
828 927 924 992 tidem
944 931 1107 1004 fruuntur,
1130 929 1210 993 adeo

235 1017 347 1102 procul
372 1017 463 1079 abest
480 1017 520 1079 ab
539 1016 726 1097 arrogantia
744 1015 818 1078 talis
837 1015 994 1096 gloriatio,
1021 1026 1056 1076 ιιι
1074 1016 1210 1095 siquem

235 1102 382 1171 ctuilitcri
406 1101 513 1182 pudet,
539 1122 576 1164 ee
598 1114 779 1163 extremam
802 1100 1072 1179 ingratitudinem
1095 1101 1211 1181 prodat

235 1191 355 1272 magis,
391 1188 535 1251 divinam
575 1187 752 1250 bonitatem
791 1187 934 1268 maligne
970 1187 1209 1267 supprimendo,

236 1296 334 1358 quam
356 1273 546 1337 modestiam
568 1284 625 1335 aut
647 1272 895 1335 submissionem
918 1282 1064 1335 testetur.
1082 1275 1104 1353 ¹)

323 1365 373 1423 tl.
403 1358 566 1437 Qumriam
583 1380 647 1420 non
667 1357 797 1421 aliunde
815 1357 931 1421 melius
944 1370 1001 1420 aut
1016 1360 1120 1439 magis
1138 1381 1210 1439 per-

237 1447 346 1528 spicue
371 1445 445 1508 lidei
468 1455 584 1507 natura
606 1443 763 1507 declarari
788 1466 880 1525 posse
904 1443 1089 1517 videbatur,
1113 1467 1211 1524 quam

237 1552 257 1596 a
279 1530 499 1614 promissionis
522 1530 718 1605 substantia,
742 1551 807 1610 qua
828 1529 919 1593 velut
941 1530 1071 1610 proprio
1094 1530 1211 1595 funda·

207 1634 213 1650 ¹
236 1628 345 1682 mento
374 1618 419 1680 sic
448 1615 576 1690 nititur,
612 1624 647 1677 ut
674 1637 712 1678 ea
740 1614 868 1679 sublata
897 1616 1045 1695 protirius
1070 1628 1209 1693 corruat,

239 1704 287 1768 vel
312 1703 416 1784 potius
438 1711 618 1775 evanescat,
643 1699 713 1763 ideo
736 1712 879 1763 nestnnn
895 1699 1116 1763 definitionem
1136 1701 1210 1766 inde

235 1789 442 1870 sumpsimus.
479 1786 572 1865 Qum
595 1796 704 1849 ιιιιιισιι
727 1787 767 1850 ab
789 1787 845 1849 illa
868 1786 1004 1867 apostoli
1023 1786 1210 1852 definitione

235 1875 286 1940 vcl
310 1874 526 1955 descriptione
551 1872 669 1953 potius,
699 1893 796 1953 quam
824 1895 901 1935 suae
924 1871 1135 1953 disputationi
1158 1896 1210 1938 ae·

236 1959 426 2035 cerrinrodat,
450 1959 583 2021 minimo
606 1957 712 2021 alienu
729 1968 791 2020 cst:
818 1957 870 2020 ubi
894 1957 986 2022 decet
1008 1980 1077 2022 csse
1101 1981 1209 2022 rerum

878 312 1143 380 INSTITU'FIO
1164 314 1268 379 REL.
1292 309 1473 376 oflensa
1499 314 1591 375 1559.

2175 316 2240 378 432

1263 507 1379 580 petest,
1402 520 1499 580 quam
1512 499 1604 562 Deus
1628 498 1818 563 timentibus
1841 520 1875 563 sc
1897 499 2088 578 recondidit,
2111 510 2151 564 ut
2172 522 2241 566 nen

1262 585 1360 649 simul
1384 585 1595 648 vehementer
1616 585 1744 648 afficiat.
1775 583 1884 664 Quem
1904 582 2013 648 autern
2036 587 2136 651 semel
2159 589 2241 652 affe-

1262 672 1321 746 cit,
1350 671 1480 751 penitus
1507 669 1548 733 ad
1577 691 1611 733 sa
1641 671 1726 751 rapit
1748 681 1782 733 et
1802 672 1906 734 elfert.
1952 671 2095 736 Proinde
2116 674 2242 738 mirum

1262 777 1328 819 nen
1361 767 1412 819 est
1443 756 1471 818 si
1502 777 1692 837 perversum
1724 778 1779 820 cer
1812 766 1845 820 et
1877 757 2044 839 obliquum
2070 781 2241 840 nunquam

1262 842 1350 906 subit
1379 842 1432 906 hic
1460 842 1607 905 allectus:
1643 863 1707 922 que
1735 843 1771 904 in
1800 843 1925 906 eoelum
1955 845 2062 925 ipsum
2084 844 2240 923 traducti,

1263 926 1303 991 ad
1328 927 1600 992 reconditissimes
1623 926 1688 990 Dei
1711 928 1881 992 thesauros
1903 928 2117 1007 admittimur,
2141 931 2242 995 etad

1263 1014 1482 1078 sacratissima
1501 1014 1592 1095 regni
1611 1015 1681 1076 eius
1702 1013 1809 1097 adyta,
1832 1035 1915 1095 quae
1933 1016 2098 1098 profanari
2116 1017 2241 1099 impuri

1263 1099 1368 1162 randis
1402 1100 1553 1180 ingressu
1593 1120 1658 1161 nen
1691 1099 1791 1162 decet.
1848 1098 1945 1179 Quod
1979 1101 2067 1165 enim
2100 1102 2242 1167 tradunt

1263 1184 1457 1249 Scholastici
1472 1186 1495 1267 Ι)
1528 1186 1696 1248 caritatem
1729 1184 1793 1248 fide
1826 1206 1863 1250 ae
1896 1207 1952 1267 spe
1985 1188 2129 1268 priorem
2157 1210 2239 1266 esse,

1264 1292 1390 1333 merum
1423 1278 1473 1334 est
1499 1269 1763 1347 deliramentum3
1797 1272 2058 1353 quandoquidem
2092 1273 2162 1337 sola
2188 1284 2241 1339 est

1263 1355 1344 1420 fides
1384 1378 1467 1438 quae
1507 1356 1541 1418 in
1583 1355 1673 1419 nobis
1713 1357 1882 1421 caritatem
1916 1359 2061 1439 primum
2092 1368 2238 1441 generat.

1267 1443 1388 1521 Qttaalo
1410 1444 1524 1505 rectius
1539 1441 1772 1524 Bernartius&
1795 1444 2012 1518 testimouium,
2038 1445 2148 1524 inquit,
2171 1467 2242 1510 cort·

1262 1528 1420 1604 sclemiae,
1449 1527 1531 1607 qaod
1548 1529 1676 1608 piorum
1696 1529 1831 1609 gloriam
1853 1535 1937 1593 *uocat
1962 1531 2085 1594 Paulus
2107 1531 2141 1615 (2
2162 1532 2239 1597 Cer.

1268 1618 1292 1688 l,
1316 1616 1382 1693 12),
1413 1616 1448 1676 in
1469 1613 1569 1676 tribas
1589 1615 1750 1677 covrsistae
1772 1615 1874 1677 credo:
1895 1637 2013 1679 neccsse
2033 1617 2115 1680 enim
2133 1620 2241 1699 primo

1262 1701 1400 1762 martium
1421 1705 1472 1776 cst,
1493 1701 1612 1763 ardere
1635 1701 1716 1777 qaod
1738 1701 1947 1763 remissionem
1964 1708 2163 1782 peccaterum
2185 1705 2241 1769 lat-

1262 1785 1329 1848 bcre
1363 1807 1423 1848 iton
1450 1787 1556 1866 pessis
1584 1785 1648 1847 nisi
1676 1807 1735 1865 per
1762 1787 1989 1867 ivdalpealt'cm
2016 1787 2096 1866 Dei,
2127 1790 2241 1855 deirule

1262 1871 1343 1950 quod
1371 1871 1451 1934 nait
1477 1891 1612 1950 prorsas
1639 1871 1747 1935 laedere
1774 1893 1869 1951 queas
1891 1875 1995 1952 oper-ts
2021 1873 2091 1937 boni
2119 1876 2186 1940 crisi
2212 1883 2241 1942 el

1262 1956 1315 2019 lice
1335 1956 1453 2020 dederit
1472 1959 1554 2036 ipsa·
1571 1961 1725 2035 poslremo
1746 1959 1827 2037 qrvcd
1849 1959 1945 2020 'ritum
1966 1965 2124 2023 cdemmm
2141 1962 2241 2028 nullis

236 2045 471 2128 sperandarum
501 2044 757 2119 subsistentiam,
792 2044 932 2107 imlicem
958 2067 1023 2107 non
1051 2067 1209 2125 apparen-
1256 2047 1344 2123 potes
1376 2042 1518 2123 operibus
1547 2044 1718 2120 procreari
1752 2045 1817 2106 arisi
1847 2045 1950 2124 pratis
1982 2046 2071 2108 delur
2109 2052 2138 2110 el
2172 2049 2239 2114 cla.

237 2133 318 2196 tium
343 2129 458 2211 (Hebr.
485 2135 530 2205 ll,
556 2132 593 2212 l).
641 2129 725 2192 Nam
748 2151 805 2210 per
827 2128 990 2191 indecoro
1012 2129 1092 2212 (que
1117 2151 1209 2194 voca-

237 2217 311 2282 bulo
335 2216 451 2298 utitur)
479 2216 570 2296 quasi
598 2214 737 2278 fulcrum
764 2216 933 2296 intelligit,
963 2217 1014 2279 eui
1045 2217 1097 2297 pia
1119 2239 1210 2280 mens

236 2303 397 2367 innitatur
424 2311 458 2364 et
486 2300 660 2365 incumbat.
707 2302 755 2365 Ac
783 2303 810 2364 si
838 2299 960 2364 diceret
982 2301 1079 2366 lidem
1107 2303 1210 2383 ipsam

237 2403 358 2454 certam
371 2386 536 2469 quandam
549 2409 618 2450 csse
636 2408 672 2450 ac
684 2408 833 2450 securam
844 2388 1080 2468 possessionem
1099 2409 1210 2451 eorum

237 2496 320 2557 quac
340 2473 430 2537 nobis
449 2494 468 2535 a
484 2474 553 2536 Dee
572 2473 729 2554 promissa
746 2482 832 2536 sunt.
867 2472 938 2537 Nisi
957 2474 1029 2553 quis
1047 2464 1211 2535 ὑπόστασιν

237 2580 296 2643 pre
315 2559 433 2628 fiducie
450 2559 594 2640 occipere
608 2558 709 2633 malit,
732 2558 816 2639 quod
839 2581 902 2621 uon
922 2557 1083 2639 displicet:
1108 2582 1210 2641 quan·

238 2668 336 2729 quam
364 2644 445 2708 illud
474 2642 560 2726 quod
583 2645 743 2726 receptius
765 2655 815 2707 est
834 2644 1019 2725 amplector.
1063 2645 1211 2708 Rursum

237 2740 273 2796 ut
300 2732 498 2814 significaret
524 2730 565 2794 ad
594 2752 783 2811 supremum
811 2752 913 2812 usquo
941 2729 1027 2794 diem
1051 2753 1114 2811 quo
1137 2731 1211 2794 libri

236 2819 432 2901 aperientur,
456 2817 648 2880 sublimiora
658 2838 737 2891 esse,
760 2836 858 2897 quarn
881 2837 964 2897 quae
983 2838 1080 2878 sensu
1100 2828 1211 2881 uestro

236 2905 367 2987 percipi,
392 2914 450 2966 out
472 2902 573 2966 oculis
596 2904 734 2983 spreturi
757 2924 898 2965 manuve
920 2903 1114 2966 contrectari
1136 2923 1210 2984 pos·

236 2991 316 3065 sint,
351 3010 453 3069 caque
486 3010 552 3051 non
587 2986 681 3051 aliter
709 2988 841 3051 interim
869 2987 1026 3068 possideri
1060 3008 1079 3050 a
1109 2987 1209 3065 nobis,

236 3095 335 3156 quam
363 3075 390 3137 si
418 3083 549 3154 captum
572 3094 702 3136 ornnem
731 3073 854 3155 ingenii
877 3073 981 3136 nostri
1004 3074 1209 3152 excedamus,

237 3179 274 3222 ac
296 3181 396 3239 supra
418 3160 527 3222 omniu
548 3181 632 3241 quae
654 3159 688 3222 in
702 3158 825 3223 mundo
843 3169 921 3222 suut
943 3159 1045 3222 aciem
1064 3168 1210 3223 nestram

237 3244 459 3320 intendamus,
490 3267 548 3308 nes
576 3244 713 3325 denique
741 3245 828 3326 ipsos
853 3266 1054 3325 superemus:
1086 3244 1212 3308 addidit

236 3331 444 3396 securitatem
479 3329 563 3396 hanc
597 3329 795 3411 possidendi,
830 3351 900 3394 csse
927 3352 1039 3392 rerum
1065 3352 1147 3412 quae
1176 3332 1210 3394 in

237 3437 293 3498 spo
322 3418 442 3487 iacent,
474 3415 609 3497 ideoque
638 3437 702 3478 nun
733 3415 892 3478 videntur.
943 3413 1113 3496 Siquidem
1142 3418 1210 3481 evi·

237 3500 358 3577 dantia,
382 3514 418 3564 ut
435 3501 559 3565 Paulus
581 3502 693 3565 scribit
710 3501 819 3583 (llam.
834 3508 863 3577 8,
878 3502 943 3583 24),
967 3523 1040 3582 spes
1059 3525 1123 3565 nen
1143 3511 1208 3567 est:

236 3609 297 3652 nec
320 3609 358 3650 oa
380 3608 462 3668 quae
485 3586 633 3650 videmus
655 3608 838 3669 speramus;
862 3586 941 3649 dum
963 3609 1040 3650 vero
1059 3587 1209 3664 indicem,

236 3682 295 3738 aut
313 3673 543 3755 probationem,
567 3682 624 3735 aut
642 3673 800 3756 (ut'saepe
814 3672 954 3736 reddidit
965 3673 1209 3757 Augustinus²)

236 3760 471 3824 convictionem
493 3758 636 3841 appellat
658 3780 769 3821 rerum
792 3780 857 3822 nen
875 3760 1096 3839 praesentium
1118 3759 1211 3841 (narn

237 3866 351 3929 graece
386 3852 436 3909 est
463 3845 596 3926 ἔλεγχος)
633 3843 766 3925 perinde
796 3844 940 3925 loquitur
969 3865 1006 3907 ae
1035 3845 1062 3906 si
1090 3843 1212 3909 diceret

237 3930 433 3996 evidentiam
453 3953 518 3993 uon
535 3930 762 4014 apparentium
784 3951 902 4004 rerum,
927 3928 1084 3994 visionem
1097 3952 1212 3994 aarum

237 4037 319 4098 quae
338 4039 404 4078 non
418 4016 578 4092 videntur,
602 4015 866 4098 perspicuitatem
877 4013 1098 4089 obscurorum,
1118 4037 1211 4097 prae·

237 4103 375 4167 sentiam
415 4101 611 4179 absentium,
654 4101 963 4166 demonstrationem
1001 4101 1209 4164 occultarum.

236 4188 398 4272 Mystcria
426 4188 488 4250 Dei
516 4189 603 4251 enim
631 4185 811 4252 cuiusmodi
838 4199 917 4251 sunt
944 4208 1025 4267 quac
1055 4185 1096 4250 ad
1124 4187 1212 4251 saln-

236 4280 303 4339 tem
332 4284 478 4337 uestram
506 4274 683 4355 pertinent,
712 4274 747 4336 in
775 4295 823 4349 se,
854 4294 977 4353 suaque
1005 4275 1058 4356 (ut
1079 4272 1211 4357 dieitur)

237 4371 356 4424 natura
378 4360 467 4424 cerni
490 4380 555 4422 nou
571 4367 720 4442 pessunt3
745 4380 859 4424 verum
878 4358 949 4439 ipsa
971 4359 1004 4421 in
1022 4359 1092 4423 eius
1113 4360 1212 4424 verbe

237 4444 398 4509 duntaxat
422 4446 601 4522 intuemur,
631 4446 723 4509 cuius
753 4446 872 4508 veritas
895 4445 940 4508 sic
963 4466 1120 4525 persuasa
1142 4468 1212 4510 esse

235 4533 328 4596 nobis
352 4531 461 4608 debet,
491 4541 528 4595 ut
556 4553 613 4613 pro
636 4533 720 4595 lbeto
741 4531 938 4613 impletoque
963 4531 1147 4595 babendum
1171 4534 1213 4596 sit

236 4616 391 4699 quidquid
415 4617 564 4699 loquitur.
612 4616 664 4681 Ad
687 4617 786 4680 talem
808 4639 885 4680 vcro
907 4614 1035 4680 divinae
1058 4619 1213 4683 bonitatis

235 4716 368 4784 gustum
392 4702 644 4785 percipiendum,
668 4724 731 4784 que
755 4702 848 4767 mede
870 4725 905 4801 sq
928 4703 1057 4767 attollat
1074 4707 1212 4781 animus,

236 4789 315 4868 quin
337 4789 434 4851 simul
456 4789 497 4852 ad
518 4788 754 4853 redamandum
768 4790 876 4852 Deum
889 4797 977 4851 tetus
995 4790 1210 4854 accendatur?

237 4871 325 4936 Vere
356 4873 443 4935 enirn
476 4876 624 4957 cognosci
656 4874 713 4939 illa
746 4875 918 4943 suavitatis
946 4875 1115 4941 affluentia
1147 4897 1213 4943 uon

305 5140 338 5228 l)
363 5162 472 5216 Transit
490 5165 514 5215 a.
526 5164 542 5216 l.
561 5180 579 5215 a
598 5166 620 5230 ᾗ.
638 5163 680 5216 31.
696 5181 787 5230 praee.
806 5165 845 5218 ed.
866 5166 904 5221 ud
926 5169 949 5233 ξ.
961 5167 1003 5220 36.
1071 5169 1211 5231 2)Ηοιιιι].

240 5230 269 5283 in
286 5231 379 5284 linem.
398 5230 438 5296 79,
454 5232 476 5285 l.
496 5230 537 5297 95,
551 5232 574 5284 2.
606 5233 645 5286 lle
664 5243 764 5302 peccat.
784 5236 871 5288 merit.
890 5241 919 5291 ct
937 5253 1002 5290 rem.
1021 5238 1081 5291 libr.
1094 5238 1118 5291 2.
1136 5256 1158 5292 c.
1170 5237 1212 5292 31.

1265 2125 1367 2191 Panlo
1383 2133 1455 2206 post
1476 2128 1608 2205 subiicit,
1636 2128 1709 2191 leuce
1729 2150 1790 2192 aori
1811 2130 1958 2208 cttflv'rere,
1981 2132 2034 2194 sed
2056 2152 2121 2195 esse
2142 2135 2240 2212 qued-

1262 2213 1336 2277 dcrn
1362 2213 1436 2292 fidei
1464 2215 1608 2290 letitiam
1640 2216 1718 2293 quia
1747 2216 1894 2278 mederum
1916 2223 2043 2293 peccate
2069 2238 2131 2281 rum
2147 2241 2241 2300 pesse

1262 2300 1377 2362 revititti
1394 2301 1458 2363 cisi
1476 2299 1582 2376 cDe0,
1606 2300 1702 2362 siccat
1721 2305 1819 2364 tencre
1841 2307 1975 2380 oporteat
1998 2304 2131 2367 recissa
2152 2305 2243 2370 stabis

1263 2405 1327 2447 csse
1357 2385 1449 2448 dovae
1481 2386 1572 2448 elicta
1604 2385 1738 2464 spiritus
1765 2388 1865 2449 scaldi
1893 2388 2063 2452 testiraoat'o
2090 2392 2242 2470 pertaesi

1263 2471 1377 2547 siricus,
1401 2471 1532 2534 sulutem
1553 2470 1641 2533 cobis
1669 2491 1734 2534 esse
1755 2474 1937 2550 mansitant,
1964 2475 2040 2554 qaia
2063 2475 2153 2540 Deus
2170 2498 2242 2558 pec·

1263 2561 1332 2620 calc
1360 2557 1523 2632 madorem,
1552 2557 1662 2619 nterita
1689 2558 1756 2637 ipse
1782 2559 1890 2634 dovtcl,
1923 2565 1951 2622 et
1979 2563 2126 2640 praemia
2158 2564 2242 2627 idem

1262 2642 1403 2719 redonat,
1439 2664 1498 2706 aon
1526 2663 1617 2722 posse
1641 2644 1777 2723 predam
1804 2643 1837 2705 ia
1867 2644 1919 2708 illo
1946 2647 2108 2726 principue
2134 2647 2239 2730 ficere.

1263 2727 1388 2791 Verum
1413 2729 1492 2792 haec
1514 2740 1547 2793 et
1568 2727 1631 2790 alia
1649 2729 1717 2792 suis
1734 2729 1812 2793 loeis
1830 2730 2001 2794 tractanda
2018 2741 2127 2812 erunl;
2149 2756 2240 2800 nunc

1263 2822 1392 2878 tantum
1414 2813 1492 2896 quid
1514 2813 1594 2878 fides
1616 2813 1687 2895 ipsa
1708 2815 1759 2892 sit,
1784 2815 1904 2879 habere
1927 2817 2077 2882 sufficiat

1349 2904 1399 2962 42.
1443 2900 1515 2963 Iam
1539 2921 1615 2963 vero
1643 2900 1826 2982 ubicunque
1849 2903 1924 2964 viva
1951 2903 2015 2966 erit
2044 2903 2124 2969 haec
2147 2904 2240 2986 fides,

1262 2985 1335 3049 ficri
1363 3007 1429 3049 nen
1454 2987 1573 3068 peterit
1599 2987 1679 3067 quin
1706 3007 1798 3068 spem
1826 2996 1977 3052 aeternae
2000 2989 2113 3054 salutis
2140 2994 2241 3057 conri-

1263 3078 1330 3155 tem
1362 3093 1472 3136 secum
1506 3073 1625 3136 habeat
1656 3071 1875 3149 individuam,
1910 3074 1962 3138 vel
1994 3076 2103 3156 petius
2133 3099 2174 3141 ex
2203 3101 2240 3143 se

1263 3157 1377 3240 gignat
1406 3166 1439 3220 at
1466 3166 1610 3222 exserat:
1648 3179 1712 3239 qua
1740 3157 1882 3235 sublata,
1915 3161 2094 3241 quamlibet
2120 3161 2241 3229 diserte

1263 3252 1361 3324 atquc
1394 3255 1507 3308 ornate
1541 3243 1580 3306 de
1614 3243 1677 3307 fide
1710 3243 1923 3322 disseramus,
1959 3247 2085 3311 nullam
2120 3249 2241 3315 habere

1263 3329 1494 3393 convincimur.
1539 3329 1625 3392 Nam
1653 3330 1681 3392 si
1703 3329 1795 3407 fides,
1826 3340 1863 3393 ut
1887 3331 2035 3396 auditum
2057 3340 2122 3411 cst,
2152 3349 2242 3402 certa

1263 3423 1312 3477 est
1344 3413 1383 3478 dc
1417 3415 1554 3478 veritate
1582 3413 1646 3478 Dei
1678 3417 1860 3496 persuasio,
1895 3417 1981 3499 qued
2014 3441 2074 3485 nec
2107 3424 2240 3486 mentiri

1255 3499 1369 3576 nobis,
1398 3522 1457 3564 nec
1479 3501 1606 3578 lallare,
1634 3523 1693 3565 nec
1718 3502 1813 3565 irrita
1835 3524 1905 3567 esse
1927 3514 2037 3585 queat:
2068 3508 2124 3589 qui
2155 3509 2240 3575 hane

1264 3585 1490 3649 certitudinem
1512 3597 1739 3669 conceperunt,
1763 3589 1861 3652 simul
1883 3592 2027 3670 prolecto
2049 3603 2242 3675 exspectant

1263 3672 1331 3735 lere
1353 3682 1391 3734 ut
1414 3672 1645 3752 promissiones
1663 3695 1739 3737 suas
1752 3674 1843 3738 Deus
1857 3685 2008 3756 praestat,
2032 3699 2240 3759 quaeserum

1263 3758 1472 3838 persuasione
1485 3759 1614 3822 nonnisi
1631 3779 1726 3823 verae
1739 3781 1809 3824 esse
1825 3771 1974 3840 possunt;
1999 3773 2038 3826 ut
2054 3765 2089 3828 in
2102 3786 2238 3843 summa,

1264 3843 1348 3906 nihil
1375 3843 1464 3906 aliud
1492 3844 1535 3908 sit
1561 3866 1635 3925 spes
1661 3866 1760 3926 quam
1793 3867 1906 3909 eorum
1934 3852 2130 3932 exspectatio
2156 3872 2240 3932 quae

1265 3950 1341 3993 vere
1363 3951 1382 3992 a
1401 3930 1472 3993 Dee
1495 3930 1654 4012 premissa
1675 3930 1755 3995 tides
1776 3931 1921 3998 eredidit.
1957 3935 2009 3999 Ita
2031 3935 2110 4001 fides
2128 3935 2241 4000 Deum

1266 4036 1413 4079 veracem
1436 4016 1547 4093 credit,
1570 4038 1643 4098 spes
1666 4027 1835 4098 exspectat
1856 4027 1894 4082 ιιι
1915 4020 1949 4083 ιιι
1972 4022 2123 4103 temperis
2146 4043 2240 4086 ocea-

1265 4100 1354 4164 sione
1376 4102 1548 4166 veritatem
1575 4124 1669 4166 suam
1696 4104 1857 4168 exhibeat.
1902 4106 2001 4170 Fides
2021 4105 2123 4170 credit
2144 4109 2242 4172 nobis

1265 4207 1335 4250 esse
1362 4197 1501 4268 patrem;
1530 4210 1604 4271 spes
1630 4199 1798 4271 exspectat
1826 4199 1863 4254 ut
1890 4214 1926 4256 se
1953 4192 2052 4257 talem
2073 4214 2152 4276 erga
2180 4217 2242 4260 nos

1265 4293 1392 4354 semper
1419 4285 1520 4355 gerat.
1565 4275 1665 4340 Fides
1693 4275 1803 4340 datam
1829 4279 1923 4341 nobis
1945 4281 2050 4344 vitam
2074 4289 2241 4344 aeternam

1264 4357 1380 4436 credit;
1403 4381 1476 4441 spes
1499 4370 1664 4444 exspectat
1686 4370 1722 4425 ut
1744 4362 1917 4444 aliquando
1936 4366 2108 4431 reveletur.
2142 4366 2242 4432 Fides

1265 4444 1513 4510 fundamentum
1537 4459 1587 4511 est
1608 4449 1661 4512 cui
1688 4469 1762 4530 spes
1778 4449 1952 4529 incumbit;
1976 4474 2049 4534 spes
2067 4452 2165 4517 fidem
2184 4454 2242 4517 alit

1265 4551 1302 4595 aa
1324 4533 1471 4596 sustinet.
1506 4534 1552 4599 Ut
1573 4535 1660 4599 enirn
1683 4546 1872 4615 exspectare
1894 4558 1914 4600 a
1936 4537 2008 4602 Deo
2031 4560 2127 4603 nemo
2148 4539 2242 4621 quid-

1264 4638 1361 4699 quam
1385 4627 1488 4701 petest
1510 4621 1573 4685 nisi
1595 4621 1649 4703 qui
1672 4621 1761 4701 prius
1783 4621 1853 4685 eius
1871 4625 2038 4703 premissis
2056 4623 2240 4702 crediderit,

1264 4704 1311 4768 ita
1332 4726 1447 4769 rursus
1460 4706 1540 4770 fidei
1559 4718 1688 4771 nostrae
1699 4706 1964 4784 imbecillitatem,
1986 4732 2030 4774 ne
2047 4711 2139 4776 velut
2156 4712 2242 4775 fessa

1266 4791 1428 4869 concidat,
1454 4793 1608 4857 sustineri
1638 4814 1675 4856 ac
1704 4790 1808 4855 foveri
1837 4796 1999 4875 patienter
2027 4796 2185 4879 sperando
2208 4807 2242 4861 et

1266 4877 1482 4958 exspectando
1503 4887 1638 4960 opertet
1678 4876 1754 4957 Qua
1775 4880 1902 4946 ratione
1923 4882 2048 4948 Paulus
2069 4883 2131 4947 rita
2153 4883 2242 4948 salu-

1267 5068 1468 5076 --.-.---—-—

1335 5170 1363 5229 1)
1382 5167 1524 5221 Lembard.
1544 5169 1604 5220 libr.
1616 5168 1640 5220 3.
1661 5169 1734 5223 Sent.
1754 5171 1815 5223 dist.
1828 5170 1870 5224 25.
1890 5181 1918 5225 et
1935 5174 2050 5240 saepius.
2105 5174 2135 5239 2)
2154 5175 2242 5227 Serm.

1267 5238 1290 5291 1.
1308 5239 1336 5289 in
1354 5236 1581 5309 denuntiatione.-
