4672 5842
234 338 294 399 107
787 326 793 348 '
876 327 1141 395 lnsnlnanlo
1162 328 1267 393 Reli.
1291 327 1472 395 casleu.
1497 333 1588 394 1559.
2178 334 2240 396 108

228 524 335 607 pratia
365 542 450 599 mea,
482 519 607 585 snrbiicit
633 521 733 601 paulo
755 524 843 602 post:
874 524 909 582 ut
934 517 1079 582 instabitet
1106 518 1140 579 in
1161 537 1209 580 me
1260 518 1393 582 sostcmi
1415 517 1558 600 quinque
1580 518 1736 583 adversus
1758 521 1956 597 Ancmocos‚
1980 521 2097 600 quibus
2127 529 2240 584 tamen

146 634 149 639 ·
231 611 333 673 virius
361 606 486 672 Christi.
533 605 656 671 Certum
683 607 770 669 enim
794 609 839 669 est
864 625 971 668 rrmnen
994 603 1125 666 Domini
1146 623 1208 684 pro
1260 602 1404 668 cohiberi
1427 604 1649 685 sophistarum
1668 604 1802 669 audacia
1824 627 1890 668 non
1907 607 2013 687 potuit
2029 607 2108 688 quin
2125 607 2241 670 fraena

232 694 347 759 Ielooa
368 693 432 757 illic
449 713 514 757 esse
531 694 685 772 posituim
709 696 798 772 atque
815 692 861 754 ita
882 691 1063 771 restrinpcre
1080 689 1123 752 ad
1140 710 1209 769 per-
1260 689 1444 772 garmlitati
1471 690 1631 755 laxarent.
1677 691 1789 755 Nihilo
1812 693 1900 755 enim
1926 691 2104 756 modestius
2127 691 2181 756 hic
2204 713 2239 756 se

231 800 340 845 sonam
372 779 553 842 nudiatoris
583 777 731 859 inunum
764 782 840 840 esset
861 797 897 839 ac
918 777 1056 856 puerile,
1085 776 1208 854 maredo
1259 784 1433 858 gesserunt
1459 796 1559 857 quam
1594 777 1713 858 ubique
1743 777 1856 842 solent
1908 776 2009 842 Cuius
2043 777 2239 842 temeritatis

232 865 371 930 absoluta
405 869 448 928 est
480 865 578 929 oratio
604 884 683 944 quae
707 863 809 943 filium
836 883 905 926 curn
930 867 1022 942 patre
1048 881 1109 924 non
1129 880 1207 924 corn
1258 861 1479 927 infelicissimo
1500 883 1649 926 successu
1672 862 1839 926 admoneri
1860 884 1921 928 nce
1943 863 2044 941 dccet,
2068 871 2106 927 ut
2127 863 2239 928 docili·

226 956 332 1034 parat.
376 950 420 1013 Et
441 951 558 1014 scimus
581 970 618 1013 en
639 953 758 1029 recepta
782 948 972 1012 Graecorum
992 947 1207 1012 mensuetudinc
1260 958 1329 1010 tate
1350 948 1456 1030 magis
1479 969 1576 1029 quam
1604 950 1753 1013 acumine
1781 950 1816 1012 in
1838 952 1935 1013 istam
1963 950 2169 1029 quaestionem
2191 951 2240 1012 in·

232 1037 384 1118 apostolos
409 1037 534 1117 passim
567 1055 674 1098 nonren
707 1041 809 1114 ruptos
835 1035 1017 1098 asinitatem
1045 1035 1080 1096 in
1109 1033 1208 1096 locum
1260 1032 1396 1097 armbme
1424 1053 1516 1096 curae
1537 1035 1595 1112 sit,·
1622 1055 1682 1099 nec
1715 1036 1751 1097 in
1786 1035 1933 1098 animum
1958 1035 2152 1099 inducamus
2182 1043 2240 1098 aut

233 1123 372 1187 Ielrooae.
423 1122 466 1185 Et
499 1142 536 1185 ne
562 1121 674 1201 praeiit
707 1121 918 1200 promendum
951 1122 993 1183 sit
1025 1119 1205 1199 erernplum,
1258 1119 1369 1182 Deum
1390 1139 1528 1200 usquam
1561 1120 1746 1203 inoestipare
1773 1121 1837 1184 nisi
1863 1122 1899 1184 iu
1920 1141 2008 1185 sacro
2035 1122 2106 1185 cius
2128 1121 2238 1199 verbo,

231 1229 292 1273 non
323 1209 386 1272 alio
414 1228 506 1272 sensu
537 1209 638 1271 aruerit
664 1204 835 1269 Donrinum
861 1205 999 1283 Paulus,
1028 1226 1124 1285 qnam
1148 1225 1207 1285 qno
1261 1211 1317 1268 aut
1346 1203 1386 1268 de
1415 1205 1486 1287 ipso
1508 1205 1686 1287 quidquam
1709 1207 1852 1290 cogitare
1882 1208 1947 1272 nisi
1968 1212 2139 1287 praeeunte
2165 1207 2237 1270 eius

232 1290 1207 1440 omonimusloetuaPnrolqnetesta1001.2,2e):
1259 1290 1368 1367 verbo,
1388 1300 1444 1354 aut
1461 1291 1550 1372 loqui
1566 1292 1628 1355 nisi
1648 1313 1689 1356 cx
1706 1292 1819 1357 eodem
1836 1294 1936 1359 verbo
1953 1297 2118 1375 sumptum.
2151 1292 2240 1373 Quod

232 1381 377 1462 pampinis
398 1379 582 1443 irrooconerit
603 1397 710 1441 norrnen
766 1378 872 1455 omirn,
900 1377 1009 1442 saluus
1029 1378 1095 1441 erit.
1147 1375 1208 1442 Ubi
1259 1377 1298 1453 si,
1317 1397 1397 1456 quae
1413 1378 1514 1441 subest
1531 1379 1566 1440 in
1582 1399 1647 1441 una
1661 1379 1824 1443 diuinitate
1838 1380 1953 1460 patris,
1974 1379 2036 1459 ptri
2058 1383 2084 1442 et
2104 1379 2239 1459 spiritns

232 1487 341 1530 amnon
362 1465 416 1530 troc
436 1464 638 1546 peculiariter
662 1463 729 1543 filio
751 1463 930 1540 ascribitur,
954 1464 1051 1526 aliam
1072 1483 1209 1526 essere
1260 1463 1416 1526 distinctio
1437 1463 1486 1544 (nt
1507 1468 1552 1527 est
1572 1465 1692 1546 eopnitu
1713 1464 1871 1548 difficilis)
1898 1465 2032 1547 tripentis
2053 1464 2240 1544 quibusdam

233 1554 344 1616 tiorrem
365 1550 511 1615 constabit
532 1570 588 1613 sno
610 1549 689 1626 toco;
716 1569 798 1612 nunno
818 1555 916 1613 tatere
937 1551 1017 1613 satis
1038 1554 1090 1626 est,
1113 1569 1208 1628 mrum
1256 1547 1332 1629 plus
1356 1547 1483 1627 incessu
1510 1550 1622 1631 rispetti
1649 1555 1677 1613 et
1704 1551 1859 1614 molestiae
1880 1571 1974 1631 qnam
1995 1552 2148 1630 erpuliat,
2177 1571 2239 1613 me-

234 1637 366 1702 absolute
395 1636 519 1700 Pardus
547 1635 650 1699 Deum
679 1640 826 1717 ropasset,
855 1636 961 1699 statim
987 1635 1137 1699 subiicere
1158 1655 1209 1698 rio
1260 1634 1407 1697 miserint
1445 1634 1652 1716 labyrinthum
1695 1637 1815 1719 inpredi
1852 1637 1987 1701 bominis
2017 1641 2131 1700 nnntes
2162 1637 2239 1700 drrm

232 1744 302 1788 men
326 1721 451 1787 Olrristi.
497 1721 549 1784 lta
576 1726 602 1784 et
630 1724 709 1784 totus
738 1721 826 1785 Dens
853 1743 874 1785 a
905 1720 1026 1785 Cirr-isto
1053 1723 1120 1802 ipso
1146 1720 1210 1802 spi
1260 1740 1337 1784 sune
1358 1720 1530 1784 curiositati
1552 1721 1721 1804 irntrdpent,
1748 1727 1838 1802 atque
1859 1724 1904 1786 ita
1925 1723 1990 1805 repr?
2012 1742 2045 1785 se
2066 1723 2240 1786 stistineant

232 1811 314 1873 ritus
340 1813 546 1888 riuncupatur.
599 1805 692 1870 Nitril
724 1809 806 1870 arim
834 1807 929 1871 obstat
957 1808 1122 1887 qrcnmirnrs
1148 1812 1210 1870 tota
1261 1805 1437 1869 molestibus
1458 1807 1602 1885 oraculis,
1625 1813 1778 1888 utcunqne
1799 1809 1939 1890 mysterii
1960 1808 2155 1873 altitudinem
2177 1829 2239 1873 reon

232 1895 413 1976 spiritualis
432 1895 474 1958 sit
491 1893 554 1956 Dei
575 1893 716 1970 essentia,
739 1894 773 1955 in
791 1914 853 1972 qna
870 1898 971 1974 pater,
992 1894 1080 1973 tilius
1097 1898 1125 1956 et
1146 1893 1210 1973 spi·
1261 1893 1396 1974 capiant.

232 1981 314 2045 ritus
333 1980 634 2062 comprehendantur.
678 1978 765 2059 Quod
786 1980 890 2060 ipsum
910 2000 947 2042 aa
966 1981 1123 2060 scriptore
1139 1978 1211 2058 pta·
1348 1981 1397 2040 22.
1447 1977 1559 2040 Tenere
1581 1979 1752 2061 catalopum
1765 1976 1922 2043 ‘errorum
1949 1979 2062 2059 quibrrs
2082 1979 2240 2049 otinaten·

233 2088 311 2130 num
331 2068 383 2148 nn·
406 2086 480 2129 nam
502 2070 536 2128 ut
556 2065 622 2129 illic
644 2064 749 2128 Deum
771 2065 921 2128 audianus
941 2065 1097 2129 rmnrinari
1114 2065 1210 2146 spiri-
1260 2067 1326 2127 tata
1346 2064 1409 2143 suit
1427 2063 1501 2144 fidei
1522 2064 1685 2128 sinceritas
1706 2064 1813 2129 inimo
1833 2066 1989 2129 dodrirrae
2009 2066 2118 2147 comte,
2140 2066 2238 2129 nimis

234 2157 308 2231 tunt,
330 2154 376 2216 ita
399 2157 425 2215 et
452 2151 598 2232 spiritum
618 2155 773 2228 soricum,
802 2155 952 2230 peramans
973 2155 1016 2214 est
1037 2150 1211 2231 inpromsis
1260 2148 1384 2231 lonprrm
1401 2154 1485 2227 esset,
1502 2149 1689 2230 plenamque
1705 2150 1812 2215 irretiti
1829 2152 1945 2230 taedia·
1963 2172 2000 2215 ac
2016 2151 2238 2215 linuntur-nm

234 2240 327 2303 tot-ius
348 2238 504 2314 essentiae,
528 2236 675 2300 aud-inme
696 2237 760 2300 dici
781 2241 808 2299 et
829 2236 988 2314 Deiesse,
1010 2240 1037 2300 et
1059 2258 1079 2299 a
1101 2235 1177 2299 Deo.
1255 2234 1398 2316 ple-rique
1429 2236 1547 2298 massis
1579 2236 1703 2300 deliriis
1733 2242 1827 2301 totam
1853 2237 1917 2301 Dei
1941 2238 2076 2320 pieriam
2108 2238 2155 2300 ita
2184 2258 2238 2320 ap-

321 2327 371 2387 21.
417 2322 580 2402 Quoniam
603 2331 713 2386 autem
735 2330 844 2401 satan,
873 2331 910 2386 ut
936 2321 1034 2385 fidem
1064 2330 1210 2386 nostram
1259 2321 1360 2403 pressi
1380 2326 1453 2384 sunt
1472 2320 1605 2399 mnne,
1627 2328 1660 2385 ut
1682 2325 1761 2387 satis
1781 2344 1846 2388 esse
1862 2325 2008 2388 duxerint
2030 2329 2183 2387 concutere
2199 2343 2237 2388 ac

234 2408 276 2474 ab
297 2409 375 2491 ipsis
398 2408 561 2473 radicibus
583 2407 793 2484 convelleret,
816 2409 934 2490 partim
957 2408 997 2471 de
1018 2407 1130 2471 diviua
1150 2408 1210 2471 filii
1261 2406 1385 2470 turbare
1417 2408 1583 2488 imperitos.
1636 2407 1750 2473 Statim
1781 2430 1850 2473 oero
1877 2431 1897 2472 a
1919 2411 2035 2491 paucis
2061 2408 2237 2475 tronrinibns

234 2503 269 2559 et
290 2494 423 2577 spiritus
445 2495 595 2571 essentia,
618 2495 739 2576 partim
762 2494 802 2558 de
823 2493 986 2576 personali
1004 2494 1209 2558 distinctione
1261 2491 1442 2556 ebullierunt
1466 2491 1574 2574 plnres
1600 2499 1710 2572 sectae,
1737 2516 1816 2575 qnae
1840 2497 1961 2576 partim
1981 2496 2152 2559 lacerarent
2173 2493 2237 2559 Dei

233 2580 385 2662 ingentes
413 2601 540 2662 pupnas
571 2601 699 2662 semper
725 2581 841 2657 movit,
875 2588 971 2661 atque
998 2585 1033 2642 nt
1060 2579 1209 2643 omnibus
1261 2580 1438 2656 essentiam,
1462 2579 1584 2660 partim
1618 2580 1842 2645 distinctionem
1870 2601 1949 2661 quae
1975 2582 2054 2644 inter
2082 2601 2237 2662 personas

233 2687 334 2750 prope
356 2666 493 2731 saeculis
515 2667 632 2749 impios
655 2666 788 2748 spiritus
811 2666 975 2741 excitavit,
998 2665 1055 2748 qui
1076 2667 1211 2730 doctmes
1260 2670 1305 2728 est
1323 2665 1548 2745 confunderent.
1574 2664 1672 2729 Porro
1694 2667 1724 2730 si
1744 2673 1878 2731 miserius
1899 2668 1979 2747 qnod
1997 2672 2066 2730 aitte
2083 2687 2121 2730 cn
2136 2668 2236 2747 scrip

233 2752 431 2817 orthodoxos
466 2753 527 2818 hae
560 2753 596 2816 in
621 2761 714 2834 parte
737 2760 908 2831 vexarent,
936 2753 982 2815 ito
1010 2756 1037 2815 et
1064 2751 1152 2815 lodie
1173 2771 1211 2813 en
1260 2755 1333 2814 tura
1366 2751 1446 2814 satis
1477 2755 1631 2814 ostensum
1670 2757 1728 2831 est,
1766 2754 1937 2835 simplicem
1970 2757 1997 2817 et
2036 2753 2236 2817 indiuiduam

232 2839 384 2904 anemius
411 2839 535 2919 favillis
555 2859 669 2902 neonem
695 2839 796 2920 ipnern
817 2838 976 2902 amoueo
998 2841 1138 2916 meatur,
1160 2836 1210 2900 iic
1260 2856 1325 2901 esse
1345 2836 1510 2901 essentiam
1531 2838 1628 2900 arrius
1649 2836 1721 2916 Dei,
1743 2860 1822 2920 qnae
1843 2839 1885 2903 ad
1900 2844 2024 2920 patrem
2045 2844 2072 2902 et
2089 2838 2237 2919 fitinmet

226 2927 388 3008 perversis
408 2925 604 3005 qnoruridam
625 2925 749 2988 deliriis
771 2944 926 2988 occurrere
946 2944 1055 3005 operae
1071 2924 1210 3005 pretium
1260 2923 1408 3004 spiritum
1429 2923 1599 3004 pertineat·
1624 2943 1740 2988 mirans
1760 2931 1884 3007 patrem
1910 2927 2101 3006 proprietate
2128 2926 2238 3006 aliqua

233 3016 285 3075 est.
337 3011 497 3074 Hactenus
523 3010 635 3074 docies
661 3031 758 3074 manu
779 3010 904 3087 ducere,
932 3030 993 3074 non
1016 3014 1118 3074 autem
1139 3030 1209 3073 eum
1261 3008 1385 3089 differre
1406 3029 1427 3071 a
1447 3008 1527 3088 nitio,
1555 3014 1583 3071 et
1606 3009 1709 3089 filium
1731 3033 1751 3074 a
1773 3013 1904 3093 spiritu:
1930 3032 1990 3075 non
2012 3011 2094 3075 Ario
2113 3017 2236 3075 tarnum

228 3096 419 3177 praefractis
451 3102 478 3159 et
512 3096 701 3159 contentiosis
733 3117 861 3158 manum
894 3115 1048 3160 conserere
1074 3097 1210 3160 maeinre
1261 3093 1448 3171 etSabetlio,
1470 3095 1524 3158 sed
1545 3094 1620 3158 aliis
1641 3097 1769 3160 curretis
1789 3117 1928 3161 errorum
1950 3096 2111 3161 asturibus
2127 3096 2237 3161 danea

228 3182 424 3264 propositum
454 3182 535 3263 t'nit;
572 3202 654 3246 rrum
692 3186 795 3245 actm
832 3183 948 3246 ceritas
979 3202 1059 3262 quae
1085 3182 1210 3262 placide
1261 3181 1320 3245 erit
1341 3181 1449 3244 iarruo.
1496 3180 1557 3244 Sed
1579 3181 1656 3261 quia
1674 3187 1776 3247 inostro
1795 3189 1926 3263 tempore
1946 3184 2044 3247 ononi
2060 3187 2132 3245 sunt
2143 3182 2239 3262 plnre-

232 3271 354 3331 ostensa
379 3267 456 3347 fnit,
484 3268 523 3331 ab
548 3267 689 3332 munitm
711 3268 919 3348 improborum
940 3268 1106 3332 calomniis
1127 3289 1211 3332 asso-
1260 3266 1352 3330 netici
1371 3266 1514 3346 qnidam,
1537 3271 1572 3329 nt
1596 3266 1738 3332 Sanetus
1759 3274 1787 3332 ot
1808 3269 1942 3346 similes,
1964 3270 2019 3349 qui
2039 3268 2126 3333 nonis
2141 3289 2238 3349 prae·

232 3353 339 3419 reuda
383 3354 457 3417 Etsi
486 3354 696 3435 praecipuum
718 3353 862 3418 studium
891 3355 925 3418 in
952 3355 1013 3418 hoc
1035 3354 1208 3432 incumbet,
1261 3353 1365 3434 stipiis
1393 3353 1499 3416 munia
1519 3353 1721 3433 intonuerunt,
1745 3357 1860 3436 paucis
1882 3376 1986 3419 eorum
2005 3354 2151 3435 fallacias
2172 3353 2238 3418 elis·

233 3450 272 3503 ut
292 3438 444 3517 habeant,
467 3440 523 3520 qui
545 3439 656 3504 smiles
683 3447 875 3521 apertasque
896 3441 960 3504 Dei
987 3440 1087 3504 verbo
1114 3461 1210 3504 aures
1261 3443 1360 3502 utere
1391 3459 1500 3519 operae
1525 3440 1666 3518 pretium
1693 3445 1745 3504 est.
1800 3440 1920 3505 Seroeto
1951 3461 2060 3504 nomen
2085 3440 2239 3504 trinitatis

233 3522 398 3602 dederint,
433 3525 469 3588 in
493 3546 558 3607 quo
585 3532 672 3589 certo
699 3525 781 3607 pede
808 3525 995 3590 consistant.
1046 3526 1211 3608 Equidem
1261 3524 1306 3588 ita
1325 3523 1389 3603 tuit
1416 3544 1558 3602 enosnm,
1580 3525 1641 3589 imo
1662 3526 1850 3605 dnestabite,
1872 3533 1907 3591 ut
1927 3527 2103 3590 trinitarios
2122 3546 2236 3605 ornnes,

233 3608 298 3688 hic,
321 3610 349 3672 si
373 3610 502 3691 quando
525 3610 605 3674 alias
631 3612 665 3674 in
688 3611 863 3675 reconditis
885 3612 1064 3694 scripturae
1086 3620 1210 3695 myste-
1261 3630 1338 3690 quos
1357 3609 1495 3688 vocabat,
1516 3611 1629 3674 diceret
1648 3631 1714 3676 esse
1735 3612 1845 3677 otinas.
1893 3613 2006 3678 Omitto
2027 3612 2166 3676 insulsas
2187 3632 2237 3676 oo

232 3696 299 3774 riis,
322 3696 429 3760 sobrie
450 3696 617 3776 multaque
637 3718 713 3760 oum
733 3696 955 3761 moderatione
976 3698 1209 3780 philosophari·
1262 3716 1310 3760 ces
1338 3716 1418 3776 quas
1445 3695 1487 3758 ad
1513 3697 1744 3761 conviciandum
1772 3700 1959 3781 encopitaoit.
2005 3698 2091 3762 Haec
2112 3698 2237 3778 quidem

232 3781 325 3859 dum3
357 3781 504 3846 adhibita
532 3782 631 3846 ctiam
652 3782 758 3846 multa
785 3783 950 3861 cautione,
979 3805 1022 3847 ne
1044 3792 1102 3847 aut
1122 3785 1209 3867 cogi-
1261 3782 1505 3864 speculationum
1535 3783 1603 3845 eius
1633 3783 1697 3858 fnit
1729 3804 1866 3862 summa,
1904 3786 2097 3864 tripartitum
2130 3783 2237 3849 induci

231 3869 311 3930 tatio
344 3876 401 3931 aut
433 3867 547 3951 lingua
573 3868 661 3932 ultra
693 3868 859 3950 procedat,
899 3889 998 3949 quam
1024 3869 1116 3935 verbi
1143 3869 1208 3933 Dei
1262 3868 1367 3932 Deum
1388 3866 1442 3930 ubi
1463 3867 1499 3930 in
1520 3868 1588 3932 eim
1609 3871 1742 3934 essentia
1762 3871 1897 3935 residem
1918 3871 2064 3934 dicuntur
2086 3876 2148 3934 tres
2162 3890 2237 3950 per-

230 3954 313 4018 fines
335 3975 370 4018 se
391 3953 598 4035 protendunt
628 3952 798 4034 Quomodo
820 3954 910 4019 euim
930 3955 1123 4020 immensam
1144 3955 1208 4020 Dei
1261 3973 1367 4032 sonae,
1397 3953 1585 4033 tristemque
1612 3954 1691 4018 lianc
1718 3976 1782 4020 esse
1808 3958 2046 4040 imapinariam,
2068 3957 2144 4037 qnia
2166 3976 2238 4019 cum

231 4039 406 4104 essentiam
434 4037 475 4103 ad
509 4061 605 4105 suum
637 4039 807 4103 modulum
833 4061 925 4104 meus
955 4040 1101 4104 humana
1128 4041 1208 4106 deti-
1261 4038 1325 4103 Dei
1354 4039 1469 4102 unitate
1491 4044 1614 4121 pepon.
1658 4040 1781 4107 Interea
1803 4063 1957 4124 personas
1979 4043 2074 4106 oolrrit
2100 4061 2164 4105 esse
2186 4062 2239 4105 ee-

231 4126 316 4203 niat,
344 4145 427 4206 quae
453 4125 598 4189 nondum
627 4132 771 4190 statuere
797 4133 885 4190 certo
911 4127 1018 4207 potuit
1040 4126 1135 4208 quale
1166 4128 1209 4190 sit
1260 4131 1365 4190 teram
1396 4124 1551 4205 quasdam
1577 4126 1678 4204 intem,
1711 4149 1791 4210 qnae
1816 4150 1884 4194 cere
1913 4149 1974 4193 non
2005 4128 2175 4192 srdmstant
2203 4129 2236 4191 in

230 4211 308 4277 eolis
329 4231 454 4292 corpus,
472 4211 558 4294 quod
576 4219 689 4275 tamen
706 4211 807 4276 oculis
825 4211 968 4293 quotidie
985 4211 1206 4295 conspicitur?
1260 4211 1392 4276 neritia
1412 4210 1490 4288 Dei,
1513 4210 1567 4274 sed
1588 4210 1692 4276 Deum
1712 4215 1800 4279 nobis
1820 4214 1878 4279 lae
1898 4214 1945 4279 oel
1966 4214 2022 4278 itta
2043 4215 2141 4294 specie
2157 4214 2237 4296 ripn·

231 4296 303 4362 Imo
338 4317 431 4375 vero,
466 4297 628 4378 quomodo
658 4297 790 4379 proprio
819 4297 919 4362 ductu
948 4296 989 4361 ad
1010 4298 1075 4362 Dei
1106 4319 1209 4380 usque
1259 4302 1343 4374 rent‚·
1365 4315 1402 4359 ae
1423 4296 1514 4359 initio
1535 4297 1660 4376 onmem
1680 4300 1761 4364 nibil
1782 4303 1816 4364 in
1838 4301 1906 4364 Deo
1925 4301 2026 4382 tuisse
2046 4301 2235 4378 distinctum,

231 4381 449 4447 substantiam
467 4383 695 4448 excutiendam
715 4390 871 4464 penetret,
894 4404 977 4465 quae
996 4405 1090 4448 suam
1106 4385 1208 4466 ipsius
1260 4383 1336 4464 qnia
1358 4382 1433 4445 olim
1454 4382 1536 4445 idem
1558 4389 1625 4447 erat
1641 4386 1765 4449 verbum
1783 4387 1864 4466 quod
1880 4388 2031 4468 spiritua·
2052 4386 2106 4450 sed
2123 4406 2161 4449 en
2177 4406 2237 4466 qrto

231 4469 367 4532 minime
389 4469 596 4551 assequitur?
642 4467 754 4549 Quare
784 4469 856 4533 Deo
876 4469 1017 4533 libenter
1038 4471 1208 4551 permitta-
1260 4468 1383 4533 munt
1406 4465 1551 4532 Christus
1577 4469 1667 4536 Dens
1687 4473 1724 4537 de
1745 4470 1826 4550 Deo,
1853 4474 2001 4552 spiritum
2022 4473 2115 4536 uiam
2137 4471 2238 4536 alium

231 4575 305 4619 mue
334 4555 384 4619 sui
406 4556 633 4639 cognitionem.
679 4555 755 4636 Ipse
777 4555 865 4619 euim
894 4554 1028 4619 demum
1048 4577 1149 4634 unus,
1172 4563 1210 4619 ut
1260 4575 1298 4620 en
1320 4555 1388 4634 ipso
1416 4553 1521 4618 Deum
1544 4555 1684 4634 [lusisse.
1733 4557 1806 4621 Etsi
1834 4563 1936 4622 amera
1963 4559 2120 4640 atteporiis
2146 4559 2239 4621 inter-

232 4639 340 4722 inquit
354 4640 512 4720 Hilarius,
527 4643 551 4724 ¹)
573 4641 784 4706 idoneussibi
806 4641 899 4705 testis
913 4649 972 4719 est,
987 4642 1043 4723 qui
1065 4641 1129 4706 nisi
1149 4662 1209 4724 per
1259 4641 1337 4708 dum
1366 4640 1453 4715 fucat
1485 4661 1562 4705 suos
1592 4645 1737 4721 rraenias,
1770 4648 1805 4706 nt
1837 4665 1933 4724 quum
1965 4646 2042 4710 dicit
2068 4665 2239 4708 sermonem

232 4746 268 4789 se
301 4727 450 4808 cognitus
488 4748 556 4790 non
584 4735 642 4792 est.
706 4726 941 4792 Permittamus
975 4734 1087 4791 autem
1113 4727 1141 4791 si
1175 4733 1209 4791 et
1260 4732 1418 4792 mum
1437 4726 1501 4792 Dei
1526 4728 1627 4808 tuisse
1651 4730 1798 4808 spiritum
1822 4728 1939 4795 Christi
1961 4730 2047 4812 apud
2066 4731 2187 4808 Deum,
2211 4735 2239 4793 et

231 4810 331 4874 talem
352 4811 571 4892 concipiemus
592 4814 700 4895 ipsam
722 4815 853 4896 qualem
875 4834 910 4879 se
928 4813 1022 4878 nobis
1039 4813 1207 4896 patefacit3
1259 4813 1459 4879 relucentium
1486 4814 1589 4890 ideae·
1617 4815 1702 4890 item,
1732 4815 1880 4895 spiritum
1900 4817 2001 4898 tuisse
2022 4817 2148 4881 mustis
2170 4836 2239 4880 um

231 4914 293 4959 nec
326 4894 366 4958 de
397 4896 467 4976 ipso
501 4897 632 4962 aliunde
664 4898 901 4963 sciscitabimur
929 4920 1027 4980 quam
1061 4921 1103 4963 ex
1137 4900 1207 4964 eius
1260 4899 1365 4978 bram;
1381 4903 1491 4981 postea
1511 4904 1612 4962 tamen
1633 4901 1794 4980 utriusque
1815 4903 1958 4966 deitatem
1978 4905 2013 4966 in
2034 4902 2170 4967 rnilitum
2191 4922 2241 4966 ro·

229 4980 339 5046 verbo.
372 4980 517 5045 Exstant
537 4983 573 5044 in
595 4982 656 5047 hoc
675 4994 906 5067 argumentum
928 4985 1081 5050 homiliae
1099 4983 1208 5070 Chry-
1259 4985 1348 5068 dipit,
1370 5004 1511 5049 asserem
1530 4984 1699 5047 secundnm
1715 4987 1957 5068 dispensationis
1971 4990 2099 5054 modum
2118 4989 2241 5054 tamin

1258 5069 1325 5151 filio
1356 5090 1450 5152 quiam
1482 5069 1517 5131 in
1543 5068 1659 5149 spiritu
1685 5077 1810 5153 partem
1836 5095 1900 5139 esse
1926 5076 2006 5154 Dei,
2039 5076 2131 5139 sicem
2157 5075 2241 5139 iden

1259 5152 1664 5254 spiritussutstantialiter
1690 5159 1725 5221 in
1745 5160 1833 5224 natm
1859 5166 1950 5240 atque
1971 5162 2065 5227 etiam
2086 5163 2122 5225 in
2143 5161 2241 5242 lippis

301 5255 330 5316 1)
348 5256 421 5309 atur.
441 5254 465 5308 1.
484 5256 518 5308 ae
536 5256 632 5309 urinis.
652 5272 673 5308 ο.
693 5256 734 5309 re.
1259 5238 1467 5323 annana
1487 5238 1553 5304 Der
1572 5244 1677 5321 patio
1703 5250 1755 5311 ost.
1802 5246 1886 5328 Quia
1911 5247 1948 5312 do
1969 5248 2151 5343 mutuaris
2165 5267 2241 5330 per
