<?xml version="1.0" encoding="UTF-8"?>
<!DOCTYPE html PUBLIC "-//W3C//DTD XHTML 1.0 Transitional//EN"
    "http://www.w3.org/TR/xhtml1/DTD/xhtml1-transitional.dtd">
<html xmlns="http://www.w3.org/1999/xhtml" xml:lang="en" lang="en">
 <head>
  <title>
</title>
<meta http-equiv="Content-Type" content="text/html;charset=utf-8" />
  <meta name='ocr-system' content='tesseract 3.04.00' />
  <meta name='ocr-capabilities' content='ocr_page ocr_carea ocr_par ocr_line ocrx_word'/>
</head>
<body>
  <div class='ocr_page' id='page_1' title='image "./ioanniscalvinii00cunigoog_0200.png"; bbox 0 0 4672 5842; ppageno 0'>
   <div class='ocr_carea' id='block_1_1' title="bbox 110 290 2118 365">
    <p class='ocr_par' dir='ltr' id='par_1_1' title="bbox 110 290 2118 365">
     <span class='ocr_line' id='line_1_1' title="bbox 110 290 2118 365; baseline 0.002 -8"><span class='ocrx_word' id='word_1_1' title='bbox 110 296 171 357; x_wconf 83' lang='grc'><em>377</em></span> <span class='ocrx_word' id='word_1_2' title='bbox 453 294 543 362; x_wconf 86' lang='lat' dir='ltr'><strong>LIB.</strong></span> <span class='ocrx_word' id='word_1_3' title='bbox 566 295 611 360; x_wconf 88' lang='lat' dir='ltr'><em>H.</em></span> <span class='ocrx_word' id='word_1_4' title='bbox 657 296 721 360; x_wconf 86' lang='lat' dir='ltr'><em>DE</em></span> <span class='ocrx_word' id='word_1_5' title='bbox 745 290 1030 360; x_wconf 77' lang='lat' dir='ltr'><strong>OOGNI&#39;PIONE</strong></span> <span class='ocrx_word' id='word_1_6' title='bbox 1053 294 1137 359; x_wconf 84' lang='lat' dir='ltr'><em>DEI</em></span> <span class='ocrx_word' id='word_1_7' title='bbox 1159 292 1504 360; x_wconf 75' lang='lat' dir='ltr'>REDEMPTORIS.</span> <span class='ocrx_word' id='word_1_8' title='bbox 1550 293 1650 358; x_wconf 88' lang='lat' dir='ltr'><em>CAP.</em></span> <span class='ocrx_word' id='word_1_9' title='bbox 1674 294 1770 359; x_wconf 88' lang='lat' dir='ltr'><strong>XVI.</strong></span> <span class='ocrx_word' id='word_1_10' title='bbox 2056 300 2118 365; x_wconf 79' lang='lat'><em>378</em></span> 
     </span>
    </p>
   </div>
   <div class='ocr_carea' id='block_1_2' title="bbox 93 480 2139 2538">
    <p class='ocr_par' dir='ltr' id='par_1_2' title="bbox 107 480 2125 994">
     <span class='ocr_line' id='line_1_2' title="bbox 107 480 2117 566; baseline 0.001 -20"><span class='ocrx_word' id='word_1_11' title='bbox 107 487 177 546; x_wconf 81' lang='lat' dir='ltr'><em>stus</em></span> <span class='ocrx_word' id='word_1_12' title='bbox 204 481 346 563; x_wconf 84' lang='lat' dir='ltr'><em>exposita</em></span> <span class='ocrx_word' id='word_1_13' title='bbox 372 480 515 562; x_wconf 72' lang='lat' dir='ltr'><em>fuerunt,</em></span> <span class='ocrx_word' id='word_1_14' title='bbox 543 488 713 564; x_wconf 86' lang='lat' dir='ltr'><em>opportune</em></span> <span class='ocrx_word' id='word_1_15' title='bbox 738 480 904 547; x_wconf 71' lang='lat' dir='ltr'><em>subluitur</em></span> <span class='ocrx_word' id='word_1_16' title='bbox 931 482 1088 547; x_wconf 75' lang='lat' dir='ltr'><em>invisibile</em></span> <span class='ocrx_word' id='word_1_17' title='bbox 1138 503 1199 548; x_wconf 89' lang='lat' dir='ltr'><em>non</em></span> <span class='ocrx_word' id='word_1_18' title='bbox 1220 485 1379 566; x_wconf 79' lang='lat' dir='ltr'><em>culparem</em></span> <span class='ocrx_word' id='word_1_19' title='bbox 1405 486 1462 547; x_wconf 87' lang='lat' dir='ltr'><em>aut</em></span> <span class='ocrx_word' id='word_1_20' title='bbox 1488 481 1549 546; x_wconf 87' lang='lat' dir='ltr'><em>leui</em></span> <span class='ocrx_word' id='word_1_21' title='bbox 1570 481 1608 546; x_wconf 88' lang='lat' dir='ltr'><em>de</em></span> <span class='ocrx_word' id='word_1_22' title='bbox 1629 501 1727 547; x_wconf 89' lang='lat' dir='ltr'><em>causa</em></span> <span class='ocrx_word' id='word_1_23' title='bbox 1748 488 1921 564; x_wconf 81' lang='lat' dir='ltr'><em>cmueptnm</em></span> <span class='ocrx_word' id='word_1_24' title='bbox 1940 504 2117 565; x_wconf 89' lang='lat' dir='ltr'><em>moerorem,</em></span> 
     </span>
     <span class='ocr_line' id='line_1_3' title="bbox 107 567 2120 651; baseline 0.001 -19"><span class='ocrx_word' id='word_1_25' title='bbox 107 567 191 633; x_wconf 89' lang='lat' dir='ltr'><em>illud</em></span> <span class='ocrx_word' id='word_1_26' title='bbox 218 571 247 631; x_wconf 88' lang='lat' dir='ltr'><em>et</em></span> <span class='ocrx_word' id='word_1_27' title='bbox 274 567 760 650; x_wconf 79' lang='lat' dir='ltr'><em>incomprebensibdeiudicium</em></span> <span class='ocrx_word' id='word_1_28' title='bbox 788 569 869 648; x_wconf 81' lang='lat' dir='ltr'><em>quad</em></span> <span class='ocrx_word' id='word_1_29' title='bbox 892 588 996 632; x_wconf 86' lang='lat' dir='ltr'><em>coram</em></span> <span class='ocrx_word' id='word_1_30' title='bbox 1018 567 1087 633; x_wconf 88' lang='lat' dir='ltr'><em>Deo</em></span> <span class='ocrx_word' id='word_1_31' title='bbox 1138 590 1210 633; x_wconf 87' lang='lat' dir='ltr'><em>mox</em></span> <span class='ocrx_word' id='word_1_32' title='bbox 1228 569 1347 634; x_wconf 88' lang='lat' dir='ltr'><em>darius</em></span> <span class='ocrx_word' id='word_1_33' title='bbox 1362 568 1488 649; x_wconf 87' lang='lat' dir='ltr'><em>patebit.</em></span> <span class='ocrx_word' id='word_1_34' title='bbox 1531 567 1585 632; x_wconf 85' lang='lat' dir='ltr'><em>Ita</em></span> <span class='ocrx_word' id='word_1_35' title='bbox 1607 590 1682 633; x_wconf 90' lang='lat' dir='ltr'><em>eum</em></span> <span class='ocrx_word' id='word_1_36' title='bbox 1705 567 1823 633; x_wconf 83' lang='lat' dir='ltr'><em>diaboli</em></span> <span class='ocrx_word' id='word_1_37' title='bbox 1846 577 2020 651; x_wconf 79' lang='lat' dir='ltr'><strong>potestate,</strong></span> <span class='ocrx_word' id='word_1_38' title='bbox 2044 591 2120 635; x_wconf 92' lang='lat' dir='ltr'><em>oum</em></span> 
     </span>
     <span class='ocr_line' id='line_1_4' title="bbox 108 652 2119 736; baseline 0.001 -18"><span class='ocrx_word' id='word_1_39' title='bbox 108 653 274 718; x_wconf 82' lang='lat' dir='ltr'><em>sustinuit:</em></span> <span class='ocrx_word' id='word_1_40' title='bbox 296 657 331 717; x_wconf 85' lang='lat' dir='ltr'><em>ut</em></span> <span class='ocrx_word' id='word_1_41' title='bbox 350 654 489 719; x_wconf 90' lang='lat' dir='ltr'><em>sciamus</em></span> <span class='ocrx_word' id='word_1_42' title='bbox 509 675 571 719; x_wconf 90' lang='lat' dir='ltr'><em>non</em></span> <span class='ocrx_word' id='word_1_43' title='bbox 592 655 681 720; x_wconf 91' lang='lat' dir='ltr'><em>modo</em></span> <span class='ocrx_word' id='word_1_44' title='bbox 698 672 808 736; x_wconf 80' lang='lat' dir='ltr'><em>corpus</em></span> <span class='ocrx_word' id='word_1_45' title='bbox 822 652 941 718; x_wconf 76' lang='lat' dir='ltr'><em>Christi</em></span> <span class='ocrx_word' id='word_1_46' title='bbox 962 655 998 718; x_wconf 91' lang='lat' dir='ltr'><em>in</em></span> <span class='ocrx_word' id='word_1_47' title='bbox 1012 674 1087 734; x_wconf 88' lang='lat' dir='ltr'><em>pre-</em></span> <span class='ocrx_word' id='word_1_48' title='bbox 1138 657 1253 719; x_wconf 87' lang='lat' dir='ltr'><em>mortis</em></span> <span class='ocrx_word' id='word_1_49' title='bbox 1285 654 1435 730; x_wconf 88' lang='lat' dir='ltr'><em>horrore,</em></span> <span class='ocrx_word' id='word_1_50' title='bbox 1469 675 1546 718; x_wconf 90' lang='lat' dir='ltr'><em>cum</em></span> <span class='ocrx_word' id='word_1_51' title='bbox 1576 653 1755 718; x_wconf 80' lang='lat' dir='ltr'><em>interorum</em></span> <span class='ocrx_word' id='word_1_52' title='bbox 1788 653 1951 719; x_wconf 88' lang='lat' dir='ltr'><em>doloribus</em></span> <span class='ocrx_word' id='word_1_53' title='bbox 1983 675 2119 720; x_wconf 86' lang='lat' dir='ltr'><em>manum</em></span> 
     </span>
     <span class='ocr_line' id='line_1_5' title="bbox 107 737 2118 821; baseline 0 -17"><span class='ocrx_word' id='word_1_54' title='bbox 107 741 187 804; x_wconf 76' lang='lat' dir='ltr'><em>tium</em></span> <span class='ocrx_word' id='word_1_55' title='bbox 213 737 433 820; x_wconf 73' lang='lat' dir='ltr'><em>redemptionis</em></span> <span class='ocrx_word' id='word_1_56' title='bbox 458 739 560 821; x_wconf 72' lang='lat' dir='ltr'><em>tuisse</em></span> <span class='ocrx_word' id='word_1_57' title='bbox 585 741 752 818; x_wconf 87' lang='lat' dir='ltr'><em>traditmn,·</em></span> <span class='ocrx_word' id='word_1_58' title='bbox 780 739 835 804; x_wconf 91' lang='lat' dir='ltr'><em>sed</em></span> <span class='ocrx_word' id='word_1_59' title='bbox 863 740 953 804; x_wconf 88' lang='lat' dir='ltr'><em>aliud</em></span> <span class='ocrx_word' id='word_1_60' title='bbox 980 740 1087 805; x_wconf 86' lang='lat' dir='ltr'><em>maius</em></span> <span class='ocrx_word' id='word_1_61' title='bbox 1139 740 1352 815; x_wconf 88' lang='lat' dir='ltr'><em>conserendo,</em></span> <span class='ocrx_word' id='word_1_62' title='bbox 1380 739 1504 804; x_wconf 84' lang='lat' dir='ltr'><em>factum</em></span> <span class='ocrx_word' id='word_1_63' title='bbox 1525 746 1575 803; x_wconf 89' lang='lat' dir='ltr'><em>est</em></span> <span class='ocrx_word' id='word_1_64' title='bbox 1598 750 1635 803; x_wconf 90' lang='lat' dir='ltr'><em>ut</em></span> <span class='ocrx_word' id='word_1_65' title='bbox 1656 749 1690 803; x_wconf 92' lang='lat' dir='ltr'><em>et</em></span> <span class='ocrx_word' id='word_1_66' title='bbox 1709 740 1846 804; x_wconf 78' lang='lat' dir='ltr'><em>referret</em></span> <span class='ocrx_word' id='word_1_67' title='bbox 1869 739 1908 804; x_wconf 89' lang='lat' dir='ltr'><em>de</em></span> <span class='ocrx_word' id='word_1_68' title='bbox 1929 739 1995 804; x_wconf 89' lang='lat' dir='ltr'><em>illis</em></span> <span class='ocrx_word' id='word_1_69' title='bbox 2017 741 2118 806; x_wconf 89' lang='lat' dir='ltr'><em>victo·</em></span> 
     </span>
     <span class='ocr_line' id='line_1_6' title="bbox 109 824 2125 909; baseline 0 -19"><span class='ocrx_word' id='word_1_70' title='bbox 109 829 137 890; x_wconf 92' lang='lat' dir='ltr'><em>et</em></span> <span class='ocrx_word' id='word_1_71' title='bbox 165 824 362 889; x_wconf 73' lang='lat' dir='ltr'><em>cxcdbntius</em></span> <span class='ocrx_word' id='word_1_72' title='bbox 383 828 524 904; x_wconf 89' lang='lat' dir='ltr'><em>pretium</em></span> <span class='ocrx_word' id='word_1_73' title='bbox 551 827 665 908; x_wconf 63' lang='lat' dir='ltr'><em>fuisse</em></span> <span class='ocrx_word' id='word_1_74' title='bbox 694 827 775 907; x_wconf 78' lang='lat' dir='ltr'><em>quad</em></span> <span class='ocrx_word' id='word_1_75' title='bbox 803 825 889 890; x_wconf 90' lang='lat' dir='ltr'><em>diros</em></span> <span class='ocrx_word' id='word_1_76' title='bbox 915 826 951 888; x_wconf 91' lang='lat' dir='ltr'><em>in</em></span> <span class='ocrx_word' id='word_1_77' title='bbox 977 826 1088 890; x_wconf 83' lang='lat' dir='ltr'><em>anima</em></span> <span class='ocrx_word' id='word_1_78' title='bbox 1139 827 1222 890; x_wconf 84' lang='lat' dir='ltr'><em>riam</em></span> <span class='ocrx_word' id='word_1_79' title='bbox 1242 833 1276 890; x_wconf 87' lang='lat' dir='ltr'><em>et</em></span> <span class='ocrx_word' id='word_1_80' title='bbox 1297 824 1501 909; x_wconf 86' lang='lat' dir='ltr'><em>triumphum</em></span> <span class='ocrx_word' id='word_1_81' title='bbox 1522 832 1643 907; x_wconf 83' lang='lat' dir='ltr'><em>ageret,</em></span> <span class='ocrx_word' id='word_1_82' title='bbox 1666 847 1708 890; x_wconf 93' lang='lat' dir='ltr'><em>ne</em></span> <span class='ocrx_word' id='word_1_83' title='bbox 1725 827 1791 889; x_wconf 85' lang='lat' dir='ltr'><em>iem</em></span> <span class='ocrx_word' id='word_1_84' title='bbox 1813 826 1850 889; x_wconf 91' lang='lat' dir='ltr'><em>in</em></span> <span class='ocrx_word' id='word_1_85' title='bbox 1872 833 1976 890; x_wconf 88' lang='lat' dir='ltr'><em>morte</em></span> <span class='ocrx_word' id='word_1_86' title='bbox 1997 847 2035 890; x_wconf 86' lang='lat' dir='ltr'><em>ea</em></span> <span class='ocrx_word' id='word_1_87' title='bbox 2051 827 2125 890; x_wconf 64' lang='lat' dir='ltr'><em>for:</em></span> 
     </span>
     <span class='ocr_line' id='line_1_7' title="bbox 108 910 1923 994; baseline -0.001 -18"><span class='ocrx_word' id='word_1_88' title='bbox 108 911 266 976; x_wconf 70' lang='lat' dir='ltr'><em>minicius</em></span> <span class='ocrx_word' id='word_1_89' title='bbox 286 910 427 974; x_wconf 87' lang='lat' dir='ltr'><em>damnati</em></span> <span class='ocrx_word' id='word_1_90' title='bbox 449 932 485 976; x_wconf 92' lang='lat' dir='ltr'><em>ac</em></span> <span class='ocrx_word' id='word_1_91' title='bbox 500 913 622 993; x_wconf 89' lang='lat' dir='ltr'><em>perditi</em></span> <span class='ocrx_word' id='word_1_92' title='bbox 642 911 779 976; x_wconf 83' lang='lat' dir='ltr'><em>beminis</em></span> <span class='ocrx_word' id='word_1_93' title='bbox 794 911 968 991; x_wconf 84' lang='lat' dir='ltr'><em>pertulerit.</em></span> <span class='ocrx_word' id='word_1_94' title='bbox 1138 912 1309 989; x_wconf 88' lang='lat' dir='ltr'><em>midemus,</em></span> <span class='ocrx_word' id='word_1_95' title='bbox 1332 931 1415 993; x_wconf 87' lang='lat' dir='ltr'><em>quae</em></span> <span class='ocrx_word' id='word_1_96' title='bbox 1438 911 1588 993; x_wconf 87' lang='lat' dir='ltr'><em>princeps</em></span> <span class='ocrx_word' id='word_1_97' title='bbox 1610 920 1721 975; x_wconf 89' lang='lat' dir='ltr'><em>noster</em></span> <span class='ocrx_word' id='word_1_98' title='bbox 1743 910 1923 994; x_wconf 80' lang='lat' dir='ltr'><em>deglutivit.</em></span> 
     </span>
    </p>

    <p class='ocr_par' dir='ltr' id='par_1_3' title="bbox 93 995 2139 2538">
     <span class='ocr_line' id='line_1_8' title="bbox 179 995 2118 1077; baseline 0.002 -18"><span class='ocrx_word' id='word_1_99' title='bbox 179 999 246 1061; x_wconf 89' lang='lat'>-11.</span> <span class='ocrx_word' id='word_1_100' title='bbox 280 995 454 1061; x_wconf 87' lang='lat' dir='ltr'><em>Haesensu</em></span> <span class='ocrx_word' id='word_1_101' title='bbox 475 998 552 1062; x_wconf 86' lang='lat' dir='ltr'><em>dicit</em></span> <span class='ocrx_word' id='word_1_102' title='bbox 572 997 685 1062; x_wconf 86' lang='lat' dir='ltr'><em>Petrus</em></span> <span class='ocrx_word' id='word_1_103' title='bbox 698 995 859 1062; x_wconf 78' lang='lat' dir='ltr'><em>Cbrrstum</em></span> <span class='ocrx_word' id='word_1_104' title='bbox 875 997 1087 1062; x_wconf 84' lang='lat' dir='ltr'><em>resurrexisse</em></span> <span class='ocrx_word' id='word_1_105' title='bbox 1229 1001 1276 1062; x_wconf 86' lang='lat'><em>12.</em></span> <span class='ocrx_word' id='word_1_106' title='bbox 1322 996 1386 1060; x_wconf 89' lang='lat' dir='ltr'><em>Hic</em></span> <span class='ocrx_word' id='word_1_107' title='bbox 1407 996 1569 1061; x_wconf 74' lang='lat' dir='ltr'><em>nebulones</em></span> <span class='ocrx_word' id='word_1_108' title='bbox 1589 997 1727 1077; x_wconf 64' lang='lat' dir='ltr'><em>qudam,</em></span> <span class='ocrx_word' id='word_1_109' title='bbox 1751 998 1819 1061; x_wconf 90' lang='lat' dir='ltr'><em>licet</em></span> <span class='ocrx_word' id='word_1_110' title='bbox 1840 997 1964 1074; x_wconf 89' lang='lat' dir='ltr'><em>indocti,</em></span> <span class='ocrx_word' id='word_1_111' title='bbox 1991 997 2118 1062; x_wconf 90' lang='lat' dir='ltr'><em>malitia</em></span> 
     </span>
     <span class='ocr_line' id='line_1_9' title="bbox 109 1080 2118 1166; baseline 0 -19"><span class='ocrx_word' id='word_1_112' title='bbox 109 1082 220 1147; x_wconf 84' lang='lat' dir='ltr'><em>solut-is</em></span> <span class='ocrx_word' id='word_1_113' title='bbox 251 1082 362 1146; x_wconf 86' lang='lat' dir='ltr'><em>mortis</em></span> <span class='ocrx_word' id='word_1_114' title='bbox 394 1080 567 1161; x_wconf 90' lang='lat' dir='ltr'><em>doloribus,</em></span> <span class='ocrx_word' id='word_1_115' title='bbox 603 1105 625 1148; x_wconf 93' lang='lat' dir='ltr'><em>a</em></span> <span class='ocrx_word' id='word_1_116' title='bbox 657 1083 771 1164; x_wconf 75' lang='lat' dir='ltr'><em>quimus</em></span> <span class='ocrx_word' id='word_1_117' title='bbox 803 1081 993 1164; x_wconf 87' lang='lat' dir='ltr'><em>impossibile</em></span> <span class='ocrx_word' id='word_1_118' title='bbox 1021 1087 1088 1147; x_wconf 88' lang='lat' dir='ltr'><em>erat</em></span> <span class='ocrx_word' id='word_1_119' title='bbox 1139 1089 1241 1149; x_wconf 89' lang='lat' dir='ltr'><em>tamen</em></span> <span class='ocrx_word' id='word_1_120' title='bbox 1273 1083 1375 1166; x_wconf 79' lang='lat' dir='ltr'><em>nrapis</em></span> <span class='ocrx_word' id='word_1_121' title='bbox 1407 1102 1503 1166; x_wconf 77' lang='lat' dir='ltr'><em>qnam</em></span> <span class='ocrx_word' id='word_1_122' title='bbox 1535 1083 1663 1146; x_wconf 88' lang='lat' dir='ltr'><em>inscitia</em></span> <span class='ocrx_word' id='word_1_123' title='bbox 1693 1083 1839 1163; x_wconf 88' lang='lat' dir='ltr'><em>impulsi,</em></span> <span class='ocrx_word' id='word_1_124' title='bbox 1878 1082 2039 1146; x_wconf 88' lang='lat' dir='ltr'><em>clamitant</em></span> <span class='ocrx_word' id='word_1_125' title='bbox 2069 1103 2118 1147; x_wconf 88' lang='lat' dir='ltr'><em>me</em></span> 
     </span>
     <span class='ocr_line' id='line_1_10' title="bbox 108 1165 2119 1250; baseline 0 -18"><span class='ocrx_word' id='word_1_126' title='bbox 108 1169 215 1250; x_wconf 89' lang='lat' dir='ltr'><em>ipsum</em></span> <span class='ocrx_word' id='word_1_127' title='bbox 236 1169 347 1246; x_wconf 86' lang='lat' dir='ltr'><em>teneri,</em></span> <span class='ocrx_word' id='word_1_128' title='bbox 376 1168 424 1231; x_wconf 88' lang='lat' dir='ltr'><em>nel</em></span> <span class='ocrx_word' id='word_1_129' title='bbox 445 1170 601 1248; x_wconf 87' lang='lat' dir='ltr'><em>superari.</em></span> <span class='ocrx_word' id='word_1_130' title='bbox 647 1168 721 1233; x_wconf 88' lang='lat' dir='ltr'><em>Non</em></span> <span class='ocrx_word' id='word_1_131' title='bbox 742 1168 925 1248; x_wconf 86' lang='lat' dir='ltr'><em>simpliciter</em></span> <span class='ocrx_word' id='word_1_132' title='bbox 946 1168 1088 1232; x_wconf 89' lang='lat' dir='ltr'><em>nominat</em></span> <span class='ocrx_word' id='word_1_133' title='bbox 1139 1174 1269 1233; x_wconf 77' lang='lat' dir='ltr'><em>abomm</em></span> <span class='ocrx_word' id='word_1_134' title='bbox 1293 1167 1397 1248; x_wconf 83' lang='lat' dir='ltr'><em>facere</em></span> <span class='ocrx_word' id='word_1_135' title='bbox 1427 1165 1551 1231; x_wconf 81' lang='lat' dir='ltr'><em>Cluisto</em></span> <span class='ocrx_word' id='word_1_136' title='bbox 1578 1167 1749 1232; x_wconf 87' lang='lat' dir='ltr'><em>iniuriam:</em></span> <span class='ocrx_word' id='word_1_137' title='bbox 1781 1169 1858 1249; x_wconf 81' lang='lat' dir='ltr'><em>qnia</em></span> <span class='ocrx_word' id='word_1_138' title='bbox 1891 1169 2018 1232; x_wconf 90' lang='lat' dir='ltr'><em>minime</em></span> <span class='ocrx_word' id='word_1_139' title='bbox 2050 1188 2119 1233; x_wconf 86' lang='lat' dir='ltr'><em>con·</em></span> 
     </span>
     <span class='ocr_line' id='line_1_11' title="bbox 108 1251 2119 1335; baseline 0 -17"><span class='ocrx_word' id='word_1_140' title='bbox 108 1258 251 1331; x_wconf 85' lang='lat' dir='ltr'><em>mortem;</em></span> <span class='ocrx_word' id='word_1_141' title='bbox 283 1254 337 1318; x_wconf 89' lang='lat' dir='ltr'><em>sed</em></span> <span class='ocrx_word' id='word_1_142' title='bbox 366 1251 472 1332; x_wconf 67' lang='lat' dir='ltr'><em>filium</em></span> <span class='ocrx_word' id='word_1_143' title='bbox 499 1253 563 1319; x_wconf 87' lang='lat' dir='ltr'><em>Dei</em></span> <span class='ocrx_word' id='word_1_144' title='bbox 595 1255 780 1334; x_wconf 70' lang='lat' dir='ltr'><em>inplicitum</em></span> <span class='ocrx_word' id='word_1_145' title='bbox 804 1253 905 1335; x_wconf 70' lang='lat' dir='ltr'><em>fnisse</em></span> <span class='ocrx_word' id='word_1_146' title='bbox 932 1253 1088 1318; x_wconf 78' lang='lat' dir='ltr'><em>dolombus</em></span> <span class='ocrx_word' id='word_1_147' title='bbox 1139 1260 1317 1319; x_wconf 87' lang='lat' dir='ltr'><em>sentancmn</em></span> <span class='ocrx_word' id='word_1_148' title='bbox 1343 1253 1442 1333; x_wconf 75' lang='lat' dir='ltr'><em>fuerit</em></span> <span class='ocrx_word' id='word_1_149' title='bbox 1469 1273 1539 1316; x_wconf 80' lang='lat' dir='ltr'><em>nnn</em></span> <span class='ocrx_word' id='word_1_150' title='bbox 1564 1252 1601 1317; x_wconf 92' lang='lat' dir='ltr'><em>de</em></span> <span class='ocrx_word' id='word_1_151' title='bbox 1629 1254 1753 1317; x_wconf 89' lang='lat' dir='ltr'><em>animae</em></span> <span class='ocrx_word' id='word_1_152' title='bbox 1775 1253 1876 1317; x_wconf 90' lang='lat' dir='ltr'><em>salute</em></span> <span class='ocrx_word' id='word_1_153' title='bbox 1897 1254 2011 1317; x_wconf 91' lang='lat' dir='ltr'><em>timere.</em></span> <span class='ocrx_word' id='word_1_154' title='bbox 2055 1253 2119 1319; x_wconf 88' lang='lat' dir='ltr'><em>De·</em></span> 
     </span>
     <span class='ocr_line' id='line_1_12' title="bbox 93 1338 2118 1422; baseline -0 -18"><span class='ocrx_word' id='word_1_155' title='bbox 93 1339 267 1419; x_wconf 74' lang='lat' dir='ltr'><em>exprimit,</em></span> <span class='ocrx_word' id='word_1_156' title='bbox 290 1359 366 1419; x_wconf 78' lang='lat' dir='ltr'><em>quos</em></span> <span class='ocrx_word' id='word_1_157' title='bbox 381 1339 474 1418; x_wconf 86' lang='lat' dir='ltr'><em>parit</em></span> <span class='ocrx_word' id='word_1_158' title='bbox 494 1340 668 1405; x_wconf 74' lang='lat' dir='ltr'><em>maledictio</em></span> <span class='ocrx_word' id='word_1_159' title='bbox 689 1345 717 1404; x_wconf 92' lang='lat' dir='ltr'><em>ct</em></span> <span class='ocrx_word' id='word_1_160' title='bbox 735 1339 879 1404; x_wconf 90' lang='lat' dir='ltr'><em>iraDei:</em></span> <span class='ocrx_word' id='word_1_161' title='bbox 901 1358 981 1420; x_wconf 78' lang='lat' dir='ltr'><em>quae</em></span> <span class='ocrx_word' id='word_1_162' title='bbox 1001 1340 1086 1422; x_wconf 81' lang='lat' dir='ltr'><em>oripo</em></span> <span class='ocrx_word' id='word_1_163' title='bbox 1138 1341 1211 1405; x_wconf 88' lang='lat' dir='ltr'><em>inde</em></span> <span class='ocrx_word' id='word_1_164' title='bbox 1237 1339 1429 1404; x_wconf 90' lang='lat' dir='ltr'><em>calmnniam</em></span> <span class='ocrx_word' id='word_1_165' title='bbox 1455 1338 1569 1402; x_wconf 88' lang='lat' dir='ltr'><em>durius</em></span> <span class='ocrx_word' id='word_1_166' title='bbox 1595 1339 1767 1421; x_wconf 78' lang='lat' dir='ltr'><em>crepitant,</em></span> <span class='ocrx_word' id='word_1_167' title='bbox 1802 1359 1850 1402; x_wconf 91' lang='lat' dir='ltr'><em>me</em></span> <span class='ocrx_word' id='word_1_168' title='bbox 1876 1339 2118 1420; x_wconf 79' lang='lat' dir='ltr'><em>desperationem</em></span> 
     </span>
     <span class='ocr_line' id='line_1_13' title="bbox 108 1422 2118 1506; baseline 0 -18"><span class='ocrx_word' id='word_1_169' title='bbox 108 1425 219 1488; x_wconf 85' lang='lat' dir='ltr'><em>mortis</em></span> <span class='ocrx_word' id='word_1_170' title='bbox 246 1429 299 1489; x_wconf 87' lang='lat' dir='ltr'><em>est.</em></span> <span class='ocrx_word' id='word_1_171' title='bbox 347 1424 539 1504; x_wconf 76' lang='lat' dir='ltr'><em>Qimntulum</em></span> <span class='ocrx_word' id='word_1_172' title='bbox 560 1427 644 1489; x_wconf 89' lang='lat' dir='ltr'><em>enim</em></span> <span class='ocrx_word' id='word_1_173' title='bbox 664 1426 789 1505; x_wconf 70' lang='lat' dir='ltr'><em>frcmset,</em></span> <span class='ocrx_word' id='word_1_174' title='bbox 818 1445 923 1489; x_wconf 89' lang='lat' dir='ltr'><em>secure</em></span> <span class='ocrx_word' id='word_1_175' title='bbox 944 1429 973 1487; x_wconf 90' lang='lat' dir='ltr'><em>et</em></span> <span class='ocrx_word' id='word_1_176' title='bbox 993 1424 1087 1506; x_wconf 78' lang='lat' dir='ltr'><em>quasi</em></span> <span class='ocrx_word' id='word_1_177' title='bbox 1138 1426 1311 1491; x_wconf 75' lang='lat' dir='ltr'><em>adscribere</em></span> <span class='ocrx_word' id='word_1_178' title='bbox 1330 1425 1399 1506; x_wconf 78' lang='lat' dir='ltr'><em>filio</em></span> <span class='ocrx_word' id='word_1_179' title='bbox 1417 1423 1489 1501; x_wconf 88' lang='lat' dir='ltr'><em>Dei,</em></span> <span class='ocrx_word' id='word_1_180' title='bbox 1512 1443 1592 1503; x_wconf 79' lang='lat' dir='ltr'><em>qnae</em></span> <span class='ocrx_word' id='word_1_181' title='bbox 1611 1422 1686 1504; x_wconf 76' lang='lat' dir='ltr'><em>fidei</em></span> <span class='ocrx_word' id='word_1_182' title='bbox 1707 1424 1864 1487; x_wconf 88' lang='lat' dir='ltr'><em>contraria</em></span> <span class='ocrx_word' id='word_1_183' title='bbox 1885 1425 1935 1489; x_wconf 86' lang='lat' dir='ltr'><em>sit.</em></span> <span class='ocrx_word' id='word_1_184' title='bbox 1970 1423 2118 1488; x_wconf 85' lang='lat' dir='ltr'><em>Primmn</em></span> 
     </span>
     <span class='ocr_line' id='line_1_14' title="bbox 103 1507 2117 1591; baseline 0 -16"><span class='ocrx_word' id='word_1_185' title='bbox 103 1530 164 1591; x_wconf 87' lang='lat' dir='ltr'><em>per</em></span> <span class='ocrx_word' id='word_1_186' title='bbox 186 1509 291 1574; x_wconf 72' lang='lat' dir='ltr'><em>lunam</em></span> <span class='ocrx_word' id='word_1_187' title='bbox 305 1510 439 1590; x_wconf 76' lang='lat' dir='ltr'><em>prodim</em></span> <span class='ocrx_word' id='word_1_188' title='bbox 460 1511 502 1576; x_wconf 91' lang='lat' dir='ltr'><em>ad</em></span> <span class='ocrx_word' id='word_1_189' title='bbox 522 1510 713 1575; x_wconf 88' lang='lat' dir='ltr'><em>subeundam</em></span> <span class='ocrx_word' id='word_1_190' title='bbox 734 1511 886 1575; x_wconf 71' lang='lat' dir='ltr'><em>nartem?</em></span> <span class='ocrx_word' id='word_1_191' title='bbox 928 1508 996 1575; x_wconf 86' lang='lat' dir='ltr'><em>Hoc</em></span> <span class='ocrx_word' id='word_1_192' title='bbox 1016 1530 1087 1574; x_wconf 88' lang='lat' dir='ltr'><em>aero</em></span> <span class='ocrx_word' id='word_1_193' title='bbox 1138 1513 1175 1576; x_wconf 93' lang='lat' dir='ltr'><em>de</em></span> <span class='ocrx_word' id='word_1_194' title='bbox 1196 1516 1278 1574; x_wconf 80' lang='lat' dir='ltr'><em>mdu</em></span> <span class='ocrx_word' id='word_1_195' title='bbox 1292 1529 1473 1590; x_wconf 69' lang='lat' dir='ltr'><em>parumne</em></span> <span class='ocrx_word' id='word_1_196' title='bbox 1497 1507 1630 1587; x_wconf 75' lang='lat' dir='ltr'><em>Christi,</em></span> <span class='ocrx_word' id='word_1_197' title='bbox 1661 1530 1752 1591; x_wconf 77' lang='lat' dir='ltr'><em>quem</em></span> <span class='ocrx_word' id='word_1_198' title='bbox 1774 1514 1840 1572; x_wconf 91' lang='lat' dir='ltr'><em>tam</em></span> <span class='ocrx_word' id='word_1_199' title='bbox 1867 1514 1972 1589; x_wconf 89' lang='lat' dir='ltr'><em>aperte</em></span> <span class='ocrx_word' id='word_1_200' title='bbox 1985 1508 2117 1588; x_wconf 88' lang='lat' dir='ltr'><em>praedi·</em></span> 
     </span>
     <span class='ocr_line' id='line_1_15' title="bbox 107 1594 2116 1679; baseline 0 -19"><span class='ocrx_word' id='word_1_201' title='bbox 107 1598 277 1660; x_wconf 71' lang='lat' dir='ltr'><em>imminue</em></span> <span class='ocrx_word' id='word_1_202' title='bbox 297 1596 532 1661; x_wconf 80' lang='lat' dir='ltr'><em>misericordiae</em></span> <span class='ocrx_word' id='word_1_203' title='bbox 553 1617 662 1661; x_wconf 84' lang='lat' dir='ltr'><em>raum</em></span> <span class='ocrx_word' id='word_1_204' title='bbox 681 1596 744 1678; x_wconf 72' lang='lat' dir='ltr'><em>tuit</em></span> <span class='ocrx_word' id='word_1_205' title='bbox 762 1598 930 1679; x_wconf 80' lang='lat' dir='ltr'><em>specimen,</em></span> <span class='ocrx_word' id='word_1_206' title='bbox 959 1600 1087 1660; x_wconf 81' lang='lat' dir='ltr'><em>mntem</em></span> <span class='ocrx_word' id='word_1_207' title='bbox 1137 1602 1210 1662; x_wconf 88' lang='lat' dir='ltr'><em>cant</em></span> <span class='ocrx_word' id='word_1_208' title='bbox 1227 1596 1440 1678; x_wconf 81' lang='lat' dir='ltr'><em>evanpdistae‚</em></span> <span class='ocrx_word' id='word_1_209' title='bbox 1463 1596 1669 1658; x_wconf 83' lang='lat' dir='ltr'><em>controversia</em></span> <span class='ocrx_word' id='word_1_210' title='bbox 1691 1595 1729 1659; x_wconf 92' lang='lat' dir='ltr'><em>ab</em></span> <span class='ocrx_word' id='word_1_211' title='bbox 1750 1595 1802 1659; x_wconf 77' lang='lat' dir='ltr'><em>liis</em></span> <span class='ocrx_word' id='word_1_212' title='bbox 1819 1594 1955 1675; x_wconf 77' lang='lat' dir='ltr'><em>improbe</em></span> <span class='ocrx_word' id='word_1_213' title='bbox 1972 1600 2116 1661; x_wconf 80' lang='lat' dir='ltr'><em>nubetur.</em></span> 
     </span>
     <span class='ocr_line' id='line_1_16' title="bbox 110 1679 2132 1765; baseline -0.001 -19"><span class='ocrx_word' id='word_1_214' title='bbox 110 1702 207 1763; x_wconf 78' lang='lat' dir='ltr'><em>quam</em></span> <span class='ocrx_word' id='word_1_215' title='bbox 229 1685 386 1761; x_wconf 73' lang='lat' dir='ltr'><em>tantopere</em></span> <span class='ocrx_word' id='word_1_216' title='bbox 408 1681 562 1762; x_wconf 78' lang='lat' dir='ltr'><em>horrebat,</em></span> <span class='ocrx_word' id='word_1_217' title='bbox 591 1703 652 1747; x_wconf 90' lang='lat' dir='ltr'><em>nan</em></span> <span class='ocrx_word' id='word_1_218' title='bbox 679 1682 825 1765; x_wconf 72' lang='lat' dir='ltr'><em>rcfnpere.</em></span> <span class='ocrx_word' id='word_1_219' title='bbox 871 1682 936 1746; x_wconf 87' lang='lat' dir='ltr'><em>Nec</em></span> <span class='ocrx_word' id='word_1_220' title='bbox 956 1681 1087 1747; x_wconf 79' lang='lat' dir='ltr'><em>dubitem</em></span> <span class='ocrx_word' id='word_1_221' title='bbox 1141 1683 1227 1747; x_wconf 90' lang='lat' dir='ltr'><em>Nam</em></span> <span class='ocrx_word' id='word_1_222' title='bbox 1256 1687 1422 1761; x_wconf 75' lang='lat' dir='ltr'><em>antequam</em></span> <span class='ocrx_word' id='word_1_223' title='bbox 1448 1681 1580 1744; x_wconf 82' lang='lat' dir='ltr'><em>instaret</em></span> <span class='ocrx_word' id='word_1_224' title='bbox 1606 1685 1726 1762; x_wconf 73' lang='lat' dir='ltr'><em>tempores</em></span> <span class='ocrx_word' id='word_1_225' title='bbox 1752 1682 1875 1759; x_wconf 83' lang='lat' dir='ltr'><em>mortis,</em></span> <span class='ocrx_word' id='word_1_226' title='bbox 1903 1679 2045 1744; x_wconf 87' lang='lat' dir='ltr'><em>turbatus</em></span> <span class='ocrx_word' id='word_1_227' title='bbox 2072 1684 2132 1744; x_wconf 84' lang='lat' dir='ltr'><em>est·</em></span> 
     </span>
     <span class='ocr_line' id='line_1_17' title="bbox 108 1765 2116 1864; baseline -0 -33"><span class='ocrx_word' id='word_1_228' title='bbox 108 1772 167 1845; x_wconf 91' lang='lat' dir='ltr'><em>est,</em></span> <span class='ocrx_word' id='word_1_229' title='bbox 200 1767 279 1848; x_wconf 80' lang='lat' dir='ltr'><em>quin</em></span> <span class='ocrx_word' id='word_1_230' title='bbox 301 1767 384 1831; x_wconf 89' lang='lat' dir='ltr'><em>idem</em></span> <span class='ocrx_word' id='word_1_231' title='bbox 409 1767 513 1831; x_wconf 90' lang='lat' dir='ltr'><em>docere</em></span> <span class='ocrx_word' id='word_1_232' title='bbox 538 1768 611 1832; x_wconf 86' lang='lat' dir='ltr'><em>velit</em></span> <span class='ocrx_word' id='word_1_233' title='bbox 638 1769 797 1848; x_wconf 85' lang='lat' dir='ltr'><em>apostolus</em></span> <span class='ocrx_word' id='word_1_234' title='bbox 823 1769 859 1831; x_wconf 91' lang='lat' dir='ltr'><em>in</em></span> <span class='ocrx_word' id='word_1_235' title='bbox 885 1768 1016 1848; x_wconf 86' lang='lat' dir='ltr'><em>epistola</em></span> <span class='ocrx_word' id='word_1_236' title='bbox 1044 1766 1087 1831; x_wconf 87' lang='lat' dir='ltr'><em>ad</em></span> <span class='ocrx_word' id='word_1_237' title='bbox 1138 1769 1272 1849; x_wconf 80' lang='lat' dir='ltr'><em>spiritu,</em></span> <span class='ocrx_word' id='word_1_238' title='bbox 1306 1771 1335 1831; x_wconf 90' lang='lat' dir='ltr'><em>ct</em></span> <span class='ocrx_word' id='word_1_239' title='bbox 1365 1765 1492 1847; x_wconf 85' lang='lat' dir='ltr'><em>affectus</em></span> <span class='ocrx_word' id='word_1_240' title='bbox 1512 1785 1662 1845; x_wconf 74' lang='lat' dir='ltr'><em>memore,</em></span> <span class='ocrx_word' id='word_1_241' title='bbox 1695 1766 1828 1864; x_wconf 42' lang='lat' dir='ltr'><em>irctipso</em></span> <span class='ocrx_word' id='word_1_242' title='bbox 1854 1785 1926 1829; x_wconf 89' lang='lat' dir='ltr'><em>aero</em></span> <span class='ocrx_word' id='word_1_243' title='bbox 1952 1784 2116 1846; x_wconf 76' lang='lat' dir='ltr'><em>conpressu</em></span> 
     </span>
     <span class='ocr_line' id='line_1_18' title="bbox 110 1850 2116 1938; baseline -0 -21"><span class='ocrx_word' id='word_1_244' title='bbox 110 1853 282 1931; x_wconf 86' lang='lat' dir='ltr'><em>Hebraeos,</em></span> <span class='ocrx_word' id='word_1_245' title='bbox 314 1852 371 1917; x_wconf 91' lang='lat' dir='ltr'><em>ubi</em></span> <span class='ocrx_word' id='word_1_246' title='bbox 397 1852 506 1918; x_wconf 85' lang='lat' dir='ltr'><em>scribit</em></span> <span class='ocrx_word' id='word_1_247' title='bbox 530 1853 580 1937; x_wconf 82' lang='lat'><em>(5,</em></span> <span class='ocrx_word' id='word_1_248' title='bbox 602 1852 651 1938; x_wconf 87' lang='lat'><em>7),</em></span> <span class='ocrx_word' id='word_1_249' title='bbox 688 1852 849 1918; x_wconf 87' lang='lat' dir='ltr'><em>Cbristum</em></span> <span class='ocrx_word' id='word_1_250' title='bbox 877 1875 898 1918; x_wconf 91' lang='lat' dir='ltr'><em>a</em></span> <span class='ocrx_word' id='word_1_251' title='bbox 925 1874 981 1917; x_wconf 79' lang='lat' dir='ltr'><em>suro</em></span> <span class='ocrx_word' id='word_1_252' title='bbox 1003 1851 1100 1916; x_wconf 77' lang='lat' dir='ltr'><em>metu‘</em></span> <span class='ocrx_word' id='word_1_253' title='bbox 1138 1854 1233 1935; x_wconf 76' lang='lat' dir='ltr'><em>coepit</em></span> <span class='ocrx_word' id='word_1_254' title='bbox 1254 1871 1452 1934; x_wconf 86' lang='lat' dir='ltr'><em>expauescere</em></span> <span class='ocrx_word' id='word_1_255' title='bbox 1468 1850 1680 1915; x_wconf 75' lang='lat' dir='ltr'><em>uehementius.</em></span> <span class='ocrx_word' id='word_1_256' title='bbox 1709 1851 1948 1917; x_wconf 82' lang='lat' dir='ltr'><em>Simulationem</em></span> <span class='ocrx_word' id='word_1_257' title='bbox 1968 1850 2116 1931; x_wconf 69' lang='lat' dir='ltr'><em>siluisse</em></span> 
     </span>
     <span class='ocr_line' id='line_1_19' title="bbox 107 1934 2116 2023; baseline -0.001 -20"><span class='ocrx_word' id='word_1_258' title='bbox 107 1938 209 2020; x_wconf 82' lang='lat' dir='ltr'><em>fuisse</em></span> <span class='ocrx_word' id='word_1_259' title='bbox 236 1939 421 2003; x_wconf 87' lang='lat' dir='ltr'><em>exauditum</em></span> <span class='ocrx_word' id='word_1_260' title='bbox 445 1938 663 2023; x_wconf 70' lang='lat' dir='ltr'><em>(curretiam</em></span> <span class='ocrx_word' id='word_1_261' title='bbox 691 1939 751 2003; x_wconf 88' lang='lat' dir='ltr'><em>alii</em></span> <span class='ocrx_word' id='word_1_262' title='bbox 776 1944 897 2004; x_wconf 78' lang='lat' dir='ltr'><em>eertum</em></span> <span class='ocrx_word' id='word_1_263' title='bbox 923 1939 970 2003; x_wconf 88' lang='lat' dir='ltr'><em>ecl</em></span> <span class='ocrx_word' id='word_1_264' title='bbox 986 1939 1087 2020; x_wconf 86' lang='lat' dir='ltr'><em>pieta·</em></span> <span class='ocrx_word' id='word_1_265' title='bbox 1138 1941 1253 2016; x_wconf 72' lang='lat' dir='ltr'><em>duent,</em></span> <span class='ocrx_word' id='word_1_266' title='bbox 1263 1938 1361 2002; x_wconf 88' lang='lat' dir='ltr'><em>nimis</em></span> <span class='ocrx_word' id='word_1_267' title='bbox 1371 1937 1523 2018; x_wconf 89' lang='lat' dir='ltr'><em>putidum</em></span> <span class='ocrx_word' id='word_1_268' title='bbox 1534 1941 1578 2000; x_wconf 87' lang='lat' dir='ltr'><em>est</em></span> <span class='ocrx_word' id='word_1_269' title='bbox 1593 1937 1749 2020; x_wconf 77' lang='lat' dir='ltr'><em>effupinm.</em></span> <span class='ocrx_word' id='word_1_270' title='bbox 1773 1934 1966 2017; x_wconf 71' lang='lat' dir='ltr'><em>Confidenter</em></span> <span class='ocrx_word' id='word_1_271' title='bbox 1977 1957 2048 2018; x_wconf 85' lang='lat' dir='ltr'><em>erpo</em></span> <span class='ocrx_word' id='word_1_272' title='bbox 2066 1936 2116 2020; x_wconf 85' lang='lat' dir='ltr'><em>(nt</em></span> 
     </span>
     <span class='ocr_line' id='line_1_20' title="bbox 108 2021 2115 2107; baseline -0.001 -18"><span class='ocrx_word' id='word_1_273' title='bbox 108 2031 182 2102; x_wconf 75' lang='lat' dir='ltr'><em>um,</em></span> <span class='ocrx_word' id='word_1_274' title='bbox 209 2025 263 2088; x_wconf 89' lang='lat' dir='ltr'><em>sed</em></span> <span class='ocrx_word' id='word_1_275' title='bbox 285 2044 380 2105; x_wconf 77' lang='lat' dir='ltr'><em>quam</em></span> <span class='ocrx_word' id='word_1_276' title='bbox 395 2045 516 2105; x_wconf 90' lang='lat' dir='ltr'><em>parum</em></span> <span class='ocrx_word' id='word_1_277' title='bbox 536 2030 620 2105; x_wconf 89' lang='lat' dir='ltr'><em>apte,</em></span> <span class='ocrx_word' id='word_1_278' title='bbox 647 2045 698 2088; x_wconf 89' lang='lat' dir='ltr'><em>res</em></span> <span class='ocrx_word' id='word_1_279' title='bbox 718 2026 792 2107; x_wconf 88' lang='lat' dir='ltr'><em>ipsa</em></span> <span class='ocrx_word' id='word_1_280' title='bbox 813 2026 936 2104; x_wconf 86' lang='lat' dir='ltr'><em>evincit,</em></span> <span class='ocrx_word' id='word_1_281' title='bbox 965 2030 992 2089; x_wconf 90' lang='lat' dir='ltr'><em>et</em></span> <span class='ocrx_word' id='word_1_282' title='bbox 1013 2026 1087 2105; x_wconf 87' lang='lat' dir='ltr'><em>r&#39;psa</em></span> <span class='ocrx_word' id='word_1_283' title='bbox 1139 2045 1208 2090; x_wconf 88' lang='lat' dir='ltr'><em>aere</em></span> <span class='ocrx_word' id='word_1_284' title='bbox 1226 2026 1309 2089; x_wconf 90' lang='lat' dir='ltr'><em>docct</em></span> <span class='ocrx_word' id='word_1_285' title='bbox 1322 2021 1525 2105; x_wconf 84' lang='lat' dir='ltr'><em>Ambrosius)</em></span> <span class='ocrx_word' id='word_1_286' title='bbox 1539 2023 1682 2104; x_wconf 65' lang='lat' dir='ltr'><em>moturi</em></span> <span class='ocrx_word' id='word_1_287' title='bbox 1697 2021 1815 2087; x_wconf 78' lang='lat' dir='ltr'><em>Christi</em></span> <span class='ocrx_word' id='word_1_288' title='bbox 1832 2023 1994 2086; x_wconf 87' lang='lat' dir='ltr'><em>tristitiam</em></span> <span class='ocrx_word' id='word_1_289' title='bbox 2013 2041 2115 2086; x_wconf 72' lang='lat' dir='ltr'><em>coum</em></span> 
     </span>
     <span class='ocr_line' id='line_1_21' title="bbox 108 2107 2116 2194; baseline -0.001 -19"><span class='ocrx_word' id='word_1_290' title='bbox 108 2112 203 2175; x_wconf 88' lang='lat' dir='ltr'><em>etiam</em></span> <span class='ocrx_word' id='word_1_291' title='bbox 229 2110 374 2191; x_wconf 73' lang='lat' dir='ltr'><em>loquendi</em></span> <span class='ocrx_word' id='word_1_292' title='bbox 400 2109 529 2194; x_wconf 63' lang='lat' dir='ltr'><em>imina).</em></span> <span class='ocrx_word' id='word_1_293' title='bbox 576 2109 719 2176; x_wconf 77' lang='lat' dir='ltr'><em>Christus</em></span> <span class='ocrx_word' id='word_1_294' title='bbox 745 2132 815 2194; x_wconf 81' lang='lat' dir='ltr'><em>erpo</em></span> <span class='ocrx_word' id='word_1_295' title='bbox 841 2131 912 2175; x_wconf 90' lang='lat' dir='ltr'><em>cum</em></span> <span class='ocrx_word' id='word_1_296' title='bbox 939 2110 1088 2192; x_wconf 69' lang='lat' dir='ltr'><em>lacrymis</em></span> <span class='ocrx_word' id='word_1_297' title='bbox 1139 2110 1352 2188; x_wconf 70' lang='lat' dir='ltr'><em>nilominus</em></span> <span class='ocrx_word' id='word_1_298' title='bbox 1369 2109 1471 2172; x_wconf 81' lang='lat' dir='ltr'><em>mucis</em></span> <span class='ocrx_word' id='word_1_299' title='bbox 1480 2109 1607 2190; x_wconf 88' lang='lat' dir='ltr'><em>pudeat.</em></span> <span class='ocrx_word' id='word_1_300' title='bbox 1640 2107 1685 2172; x_wconf 85' lang='lat' dir='ltr'><em>Et</em></span> <span class='ocrx_word' id='word_1_301' title='bbox 1700 2129 1777 2174; x_wconf 89' lang='lat' dir='ltr'><em>sane</em></span> <span class='ocrx_word' id='word_1_302' title='bbox 1793 2108 1858 2171; x_wconf 89' lang='lat' dir='ltr'><em>nisi</em></span> <span class='ocrx_word' id='word_1_303' title='bbox 1868 2127 1987 2187; x_wconf 88' lang='lat' dir='ltr'><em>poenae</em></span> <span class='ocrx_word' id='word_1_304' title='bbox 2001 2107 2116 2189; x_wconf 70' lang='lat' dir='ltr'><em>fuisset</em></span> 
     </span>
     <span class='ocr_line' id='line_1_22' title="bbox 108 2193 2114 2278; baseline -0.002 -18"><span class='ocrx_word' id='word_1_305' title='bbox 108 2201 137 2260; x_wconf 88' lang='lat' dir='ltr'><em>et</em></span> <span class='ocrx_word' id='word_1_306' title='bbox 164 2195 296 2260; x_wconf 84' lang='lat' dir='ltr'><em>clmnorc</em></span> <span class='ocrx_word' id='word_1_307' title='bbox 321 2194 426 2259; x_wconf 81' lang='lat' dir='ltr'><em>aalide</em></span> <span class='ocrx_word' id='word_1_308' title='bbox 452 2216 550 2260; x_wconf 82' lang='lat' dir='ltr'><em>mans</em></span> <span class='ocrx_word' id='word_1_309' title='bbox 578 2218 599 2258; x_wconf 93' lang='lat' dir='ltr'><em>a</em></span> <span class='ocrx_word' id='word_1_310' title='bbox 619 2201 703 2260; x_wconf 79' lang='lat' dir='ltr'><em>nictu</em></span> <span class='ocrx_word' id='word_1_311' title='bbox 729 2217 786 2260; x_wconf 91' lang='lat' dir='ltr'><em>suo</em></span> <span class='ocrx_word' id='word_1_312' title='bbox 812 2197 998 2274; x_wconf 87' lang='lat' dir='ltr'><em>exauditur;</em></span> <span class='ocrx_word' id='word_1_313' title='bbox 1025 2215 1088 2260; x_wconf 90' lang='lat' dir='ltr'><em>non</em></span> <span class='ocrx_word' id='word_1_314' title='bbox 1133 2196 1295 2278; x_wconf 87' lang='lat' dir='ltr'><em>particeps</em></span> <span class='ocrx_word' id='word_1_315' title='bbox 1316 2195 1438 2273; x_wconf 88' lang='lat' dir='ltr'><em>anima,</em></span> <span class='ocrx_word' id='word_1_316' title='bbox 1465 2194 1642 2274; x_wconf 81' lang='lat' dir='ltr'><em>corporibus</em></span> <span class='ocrx_word' id='word_1_317' title='bbox 1663 2199 1784 2258; x_wconf 88' lang='lat' dir='ltr'><em>tantum</em></span> <span class='ocrx_word' id='word_1_318' title='bbox 1803 2194 1915 2273; x_wconf 72' lang='lat' dir='ltr'><em>fuisset</em></span> <span class='ocrx_word' id='word_1_319' title='bbox 1934 2193 2114 2273; x_wconf 89' lang='lat' dir='ltr'><em>redemptor.</em></span> 
     </span>
     <span class='ocr_line' id='line_1_23' title="bbox 108 2279 2139 2363; baseline -0.002 -17"><span class='ocrx_word' id='word_1_320' title='bbox 108 2287 144 2346; x_wconf 90' lang='lat' dir='ltr'><em>ut</em></span> <span class='ocrx_word' id='word_1_321' title='bbox 164 2302 186 2345; x_wconf 91' lang='lat' dir='ltr'><em>a</em></span> <span class='ocrx_word' id='word_1_322' title='bbox 206 2286 301 2346; x_wconf 85' lang='lat' dir='ltr'><em>morte</em></span> <span class='ocrx_word' id='word_1_323' title='bbox 322 2282 365 2345; x_wconf 89' lang='lat' dir='ltr'><em>sit</em></span> <span class='ocrx_word' id='word_1_324' title='bbox 385 2281 551 2361; x_wconf 89' lang='lat' dir='ltr'><em>immunis,</em></span> <span class='ocrx_word' id='word_1_325' title='bbox 579 2283 634 2347; x_wconf 90' lang='lat' dir='ltr'><em>sed</em></span> <span class='ocrx_word' id='word_1_326' title='bbox 655 2302 693 2346; x_wconf 90' lang='lat' dir='ltr'><em>ne</em></span> <span class='ocrx_word' id='word_1_327' title='bbox 713 2282 911 2346; x_wconf 76' lang='lat' dir='ltr'><em>absorbeatur</em></span> <span class='ocrx_word' id='word_1_328' title='bbox 931 2287 966 2345; x_wconf 86' lang='lat' dir='ltr'><em>ut</em></span> <span class='ocrx_word' id='word_1_329' title='bbox 980 2301 1088 2361; x_wconf 87' lang='lat' dir='ltr'><em>peccu-</em></span> <span class='ocrx_word' id='word_1_330' title='bbox 1139 2282 1274 2346; x_wconf 77' lang='lat' dir='ltr'><em>budari</em></span> <span class='ocrx_word' id='word_1_331' title='bbox 1295 2285 1397 2345; x_wconf 77' lang='lat' dir='ltr'><em>auum</em></span> <span class='ocrx_word' id='word_1_332' title='bbox 1418 2281 1553 2360; x_wconf 89' lang='lat' dir='ltr'><em>oportuit</em></span> <span class='ocrx_word' id='word_1_333' title='bbox 1573 2285 1610 2343; x_wconf 91' lang='lat' dir='ltr'><em>ut</em></span> <span class='ocrx_word' id='word_1_334' title='bbox 1631 2281 1765 2363; x_wconf 82' lang='lat' dir='ltr'><em>eriperet,</em></span> <span class='ocrx_word' id='word_1_335' title='bbox 1790 2280 1846 2359; x_wconf 79' lang='lat' dir='ltr'><em>qni</em></span> <span class='ocrx_word' id='word_1_336' title='bbox 1862 2279 2016 2360; x_wconf 74' lang='lat' dir='ltr'><em>prostrati</em></span> <span class='ocrx_word' id='word_1_337' title='bbox 2037 2279 2139 2342; x_wconf 83' lang='lat' dir='ltr'><em>iace--</em></span> 
     </span>
     <span class='ocr_line' id='line_1_24' title="bbox 108 2364 2115 2450; baseline -0.002 -18"><span class='ocrx_word' id='word_1_338' title='bbox 108 2372 170 2432; x_wconf 85' lang='lat' dir='ltr'><em>tor:</em></span> <span class='ocrx_word' id='word_1_339' title='bbox 196 2367 272 2448; x_wconf 77' lang='lat' dir='ltr'><em>ania</em></span> <span class='ocrx_word' id='word_1_340' title='bbox 300 2366 367 2431; x_wconf 89' lang='lat' dir='ltr'><em>illic</em></span> <span class='ocrx_word' id='word_1_341' title='bbox 388 2386 557 2446; x_wconf 85' lang='lat' dir='ltr'><em>personam</em></span> <span class='ocrx_word' id='word_1_342' title='bbox 588 2373 727 2432; x_wconf 83' lang='lat' dir='ltr'><em>raostram</em></span> <span class='ocrx_word' id='word_1_343' title='bbox 752 2368 882 2450; x_wconf 85' lang='lat' dir='ltr'><em>perebat.</em></span> <span class='ocrx_word' id='word_1_344' title='bbox 934 2367 978 2431; x_wconf 86' lang='lat' dir='ltr'><em>Et</em></span> <span class='ocrx_word' id='word_1_345' title='bbox 1009 2370 1088 2431; x_wconf 90' lang='lat' dir='ltr'><em>certe</em></span> <span class='ocrx_word' id='word_1_346' title='bbox 1139 2367 1226 2445; x_wconf 74' lang='lat' dir='ltr'><em>bant,</em></span> <span class='ocrx_word' id='word_1_347' title='bbox 1253 2367 1387 2447; x_wconf 69' lang='lat' dir='ltr'><em>emaque</em></span> <span class='ocrx_word' id='word_1_348' title='bbox 1412 2365 1495 2430; x_wconf 87' lang='lat' dir='ltr'><em>nibil</em></span> <span class='ocrx_word' id='word_1_349' title='bbox 1524 2366 1597 2430; x_wconf 90' lang='lat' dir='ltr'><em>inde</em></span> <span class='ocrx_word' id='word_1_350' title='bbox 1624 2366 1742 2430; x_wconf 86' lang='lat' dir='ltr'><em>coelesti</em></span> <span class='ocrx_word' id='word_1_351' title='bbox 1763 2366 1832 2428; x_wconf 81' lang='lat' dir='ltr'><em>eiam</em></span> <span class='ocrx_word' id='word_1_352' title='bbox 1850 2365 1971 2447; x_wconf 83' lang='lat' dir='ltr'><em>ploriae</em></span> <span class='ocrx_word' id='word_1_353' title='bbox 1992 2364 2115 2442; x_wconf 83' lang='lat' dir='ltr'><em>decedit,</em></span> 
     </span>
     <span class='ocr_line' id='line_1_25' title="bbox 109 2450 2116 2538; baseline -0.001 -22"><span class='ocrx_word' id='word_1_354' title='bbox 109 2451 198 2516; x_wconf 88' lang='lat' dir='ltr'><em>nulla</em></span> <span class='ocrx_word' id='word_1_355' title='bbox 222 2451 300 2535; x_wconf 69' lang='lat' dir='ltr'><em>firmi</em></span> <span class='ocrx_word' id='word_1_356' title='bbox 322 2456 423 2532; x_wconf 76' lang='lat' dir='ltr'><em>pomi</em></span> <span class='ocrx_word' id='word_1_357' title='bbox 448 2455 551 2535; x_wconf 84' lang='lat' dir='ltr'><em>mapis</em></span> <span class='ocrx_word' id='word_1_358' title='bbox 568 2454 782 2536; x_wconf 81' lang='lat' dir='ltr'><em>formidabilis</em></span> <span class='ocrx_word' id='word_1_359' title='bbox 807 2453 959 2538; x_wconf 75' lang='lat' dir='ltr'><em>abyssus,</em></span> <span class='ocrx_word' id='word_1_360' title='bbox 988 2473 1087 2534; x_wconf 81' lang='lat' dir='ltr'><em>quem</em></span> <span class='ocrx_word' id='word_1_361' title='bbox 1138 2453 1229 2518; x_wconf 89' lang='lat' dir='ltr'><em>utin</em></span> <span class='ocrx_word' id='word_1_362' title='bbox 1249 2450 1307 2516; x_wconf 87' lang='lat' dir='ltr'><em>bac</em></span> <span class='ocrx_word' id='word_1_363' title='bbox 1324 2456 1414 2533; x_wconf 89' lang='lat' dir='ltr'><em>parte</em></span> <span class='ocrx_word' id='word_1_364' title='bbox 1435 2451 1585 2533; x_wconf 81' lang='lat' dir='ltr'><em>refulpeat</em></span> <span class='ocrx_word' id='word_1_365' title='bbox 1610 2452 1729 2516; x_wconf 88' lang='lat' dir='ltr'><em>bonitas</em></span> <span class='ocrx_word' id='word_1_366' title='bbox 1757 2471 1919 2531; x_wconf 70' lang='lat' dir='ltr'><em>erumnam</em></span> <span class='ocrx_word' id='word_1_367' title='bbox 1946 2451 2026 2513; x_wconf 91' lang='lat' dir='ltr'><em>satis</em></span> <span class='ocrx_word' id='word_1_368' title='bbox 2048 2450 2116 2514; x_wconf 78' lang='lat' dir='ltr'><em>lace-</em></span> 
     </span>
    </p>
   </div>
   <div class='ocr_carea' id='block_1_3' title="bbox 109 2536 2238 2621">
    <p class='ocr_par' dir='ltr' id='par_1_4' title="bbox 109 2536 2238 2621">
     <span class='ocr_line' id='line_1_26' title="bbox 109 2536 2238 2621; baseline -0.001 -18"><span class='ocrx_word' id='word_1_369' title='bbox 109 2537 233 2603; x_wconf 88' lang='lat' dir='ltr'><em>sentire</em></span> <span class='ocrx_word' id='word_1_370' title='bbox 252 2544 285 2602; x_wconf 92' lang='lat' dir='ltr'><em>te</em></span> <span class='ocrx_word' id='word_1_371' title='bbox 308 2557 328 2601; x_wconf 83' lang='lat' dir='ltr'><em>a</em></span> <span class='ocrx_word' id='word_1_372' title='bbox 348 2537 421 2602; x_wconf 89' lang='lat' dir='ltr'><em>Deo</em></span> <span class='ocrx_word' id='word_1_373' title='bbox 441 2537 633 2604; x_wconf 88' lang='lat' dir='ltr'><em>derelictum</em></span> <span class='ocrx_word' id='word_1_374' title='bbox 655 2548 689 2602; x_wconf 90' lang='lat' dir='ltr'><em>et</em></span> <span class='ocrx_word' id='word_1_375' title='bbox 710 2539 903 2604; x_wconf 83' lang='lat' dir='ltr'><em>alienatum:</em></span> <span class='ocrx_word' id='word_1_376' title='bbox 929 2547 962 2603; x_wconf 90' lang='lat' dir='ltr'><em>et</em></span> <span class='ocrx_word' id='word_1_377' title='bbox 984 2559 1087 2621; x_wconf 91' lang='lat' dir='ltr'><em>quum</em></span> <span class='ocrx_word' id='word_1_378' title='bbox 1138 2540 1228 2616; x_wconf 89' lang='lat' dir='ltr'><em>data,</em></span> <span class='ocrx_word' id='word_1_379' title='bbox 1251 2538 1332 2618; x_wconf 81' lang='lat' dir='ltr'><em>quod</em></span> <span class='ocrx_word' id='word_1_380' title='bbox 1353 2536 1553 2618; x_wconf 77' lang='lat' dir='ltr'><em>infirmitates</em></span> <span class='ocrx_word' id='word_1_381' title='bbox 1573 2542 1698 2602; x_wconf 84' lang='lat' dir='ltr'><em>nostras</em></span> <span class='ocrx_word' id='word_1_382' title='bbox 1718 2538 1753 2601; x_wconf 93' lang='lat' dir='ltr'><em>in</em></span> <span class='ocrx_word' id='word_1_383' title='bbox 1775 2557 1807 2601; x_wconf 86' lang='lat' dir='ltr'><em>se</em></span> <span class='ocrx_word' id='word_1_384' title='bbox 1828 2536 1983 2615; x_wconf 81' lang='lat' dir='ltr'><em>suscipere</em></span> <span class='ocrx_word' id='word_1_385' title='bbox 2001 2556 2116 2618; x_wconf 81' lang='lat' dir='ltr'><em>praea-</em></span> <span class='ocrx_word' id='word_1_386' title='bbox 2235 2572 2238 2577; x_wconf 95' lang='lat'>·</span> 
     </span>
    </p>
   </div>
   <div class='ocr_carea' id='block_1_4' title="bbox 63 2622 2114 5282">
    <p class='ocr_par' dir='ltr' id='par_1_5' title="bbox 63 2622 2114 5103">
     <span class='ocr_line' id='line_1_27' title="bbox 109 2622 2114 2707; baseline -0.002 -18"><span class='ocrx_word' id='word_1_387' title='bbox 109 2623 312 2689; x_wconf 79' lang='lat' dir='ltr'><em>invocaveris</em></span> <span class='ocrx_word' id='word_1_388' title='bbox 344 2643 412 2687; x_wconf 91' lang='lat' dir='ltr'><em>non</em></span> <span class='ocrx_word' id='word_1_389' title='bbox 443 2624 606 2689; x_wconf 76' lang='lat' dir='ltr'><em>exaudiri:</em></span> <span class='ocrx_word' id='word_1_390' title='bbox 639 2624 773 2707; x_wconf 87' lang='lat' dir='ltr'><em>perinde</em></span> <span class='ocrx_word' id='word_1_391' title='bbox 806 2647 843 2690; x_wconf 85' lang='lat' dir='ltr'><em>ae</em></span> <span class='ocrx_word' id='word_1_392' title='bbox 876 2625 904 2688; x_wconf 87' lang='lat' dir='ltr'><em>si</em></span> <span class='ocrx_word' id='word_1_393' title='bbox 931 2625 966 2689; x_wconf 92' lang='lat' dir='ltr'><em>in</em></span> <span class='ocrx_word' id='word_1_394' title='bbox 994 2633 1088 2688; x_wconf 81' lang='lat' dir='ltr'><em>tuam</em></span> <span class='ocrx_word' id='word_1_395' title='bbox 1138 2630 1190 2689; x_wconf 92' lang='lat' dir='ltr'><em>tus</em></span> <span class='ocrx_word' id='word_1_396' title='bbox 1217 2645 1279 2688; x_wconf 91' lang='lat' dir='ltr'><em>non</em></span> <span class='ocrx_word' id='word_1_397' title='bbox 1307 2627 1358 2688; x_wconf 86' lang='lat' dir='ltr'><em>cst.</em></span> <span class='ocrx_word' id='word_1_398' title='bbox 1410 2622 1496 2688; x_wconf 88' lang='lat' dir='ltr'><em>Unde</em></span> <span class='ocrx_word' id='word_1_399' title='bbox 1522 2623 1617 2687; x_wconf 90' lang='lat' dir='ltr'><em>ctiam</em></span> <span class='ocrx_word' id='word_1_400' title='bbox 1645 2623 1791 2687; x_wconf 89' lang='lat' dir='ltr'><em>solatium</em></span> <span class='ocrx_word' id='word_1_401' title='bbox 1819 2622 1900 2686; x_wconf 90' lang='lat' dir='ltr'><em>illud</em></span> <span class='ocrx_word' id='word_1_402' title='bbox 1921 2622 2114 2686; x_wconf 77' lang='lat' dir='ltr'><em>anxietatum</em></span> 
     </span>
     <span class='ocr_line' id='line_1_28' title="bbox 110 2704 2111 2792; baseline -0.002 -18"><span class='ocrx_word' id='word_1_403' title='bbox 110 2710 288 2792; x_wconf 89' lang='lat' dir='ltr'><em>perniciem</em></span> <span class='ocrx_word' id='word_1_404' title='bbox 310 2709 380 2790; x_wconf 89' lang='lat' dir='ltr'><em>ipse</em></span> <span class='ocrx_word' id='word_1_405' title='bbox 402 2711 627 2792; x_wconf 81' lang='lat' dir='ltr'><em>conspirasset.</em></span> <span class='ocrx_word' id='word_1_406' title='bbox 671 2711 721 2775; x_wconf 83' lang='lat' dir='ltr'><em>Eo</em></span> <span class='ocrx_word' id='word_1_407' title='bbox 741 2710 914 2775; x_wconf 80' lang='lat' dir='ltr'><em>Christum</em></span> <span class='ocrx_word' id='word_1_408' title='bbox 937 2709 1087 2776; x_wconf 85' lang='lat' dir='ltr'><em>videmus</em></span> <span class='ocrx_word' id='word_1_409' title='bbox 1138 2716 1167 2774; x_wconf 90' lang='lat' dir='ltr'><em>et</em></span> <span class='ocrx_word' id='word_1_410' title='bbox 1189 2709 1342 2787; x_wconf 88' lang='lat' dir='ltr'><em>dolorum,</em></span> <span class='ocrx_word' id='word_1_411' title='bbox 1370 2709 1451 2789; x_wconf 81' lang='lat' dir='ltr'><em>qued</em></span> <span class='ocrx_word' id='word_1_412' title='bbox 1477 2709 1564 2772; x_wconf 86' lang='lat' dir='ltr'><em>nobis</em></span> <span class='ocrx_word' id='word_1_413' title='bbox 1584 2711 1733 2790; x_wconf 86' lang='lat' dir='ltr'><em>proponit</em></span> <span class='ocrx_word' id='word_1_414' title='bbox 1759 2708 1916 2787; x_wconf 85' lang='lat' dir='ltr'><em>apostolus</em></span> <span class='ocrx_word' id='word_1_415' title='bbox 1944 2704 2061 2788; x_wconf 89' lang='lat' dir='ltr'><em>(Hebr.</em></span> <span class='ocrx_word' id='word_1_416' title='bbox 2081 2711 2111 2785; x_wconf 88' lang='lat'><em>4,</em></span> 
     </span>
     <span class='ocr_line' id='line_1_29' title="bbox 108 2792 2112 2879; baseline -0.002 -19"><span class='ocrx_word' id='word_1_417' title='bbox 108 2795 208 2860; x_wconf 87' lang='lat' dir='ltr'><em>fuisse</em></span> <span class='ocrx_word' id='word_1_418' title='bbox 231 2794 391 2861; x_wconf 88' lang='lat' dir='ltr'><em>deiectum</em></span> <span class='ocrx_word' id='word_1_419' title='bbox 413 2805 451 2858; x_wconf 86' lang='lat' dir='ltr'><em>ut</em></span> <span class='ocrx_word' id='word_1_420' title='bbox 473 2807 604 2861; x_wconf 87' lang='lat' dir='ltr'><em>coactus</em></span> <span class='ocrx_word' id='word_1_421' title='bbox 625 2797 740 2874; x_wconf 85' lang='lat' dir='ltr'><em>fuerit,</em></span> <span class='ocrx_word' id='word_1_422' title='bbox 763 2804 902 2879; x_wconf 84' lang='lat' dir='ltr'><em>urgente</em></span> <span class='ocrx_word' id='word_1_423' title='bbox 925 2795 1085 2878; x_wconf 81' lang='lat' dir='ltr'><em>angustia,</em></span> <span class='ocrx_word' id='word_1_424' title='bbox 1142 2795 1213 2877; x_wconf 84' lang='lat'><em>15),</em></span> <span class='ocrx_word' id='word_1_425' title='bbox 1241 2795 1440 2867; x_wconf 86' lang='lat' dir='ltr'><em>mediatorem</em></span> <span class='ocrx_word' id='word_1_426' title='bbox 1466 2792 1546 2857; x_wconf 84' lang='lat' dir='ltr'><em>bunc</em></span> <span class='ocrx_word' id='word_1_427' title='bbox 1568 2799 1727 2876; x_wconf 85' lang='lat' dir='ltr'><em>expertmn</em></span> <span class='ocrx_word' id='word_1_428' title='bbox 1746 2813 1811 2857; x_wconf 91' lang='lat' dir='ltr'><em>esse</em></span> <span class='ocrx_word' id='word_1_429' title='bbox 1834 2798 1957 2867; x_wconf 60' lang='lat' dir='ltr'><em>nabas</em></span> <span class='ocrx_word' id='word_1_430' title='bbox 1979 2792 2112 2871; x_wconf 68' lang='lat' dir='ltr'><em>infirmi-</em></span> 
     </span>
     <span class='ocr_line' id='line_1_30' title="bbox 110 2876 2112 2964; baseline -0.001 -20"><span class='ocrx_word' id='word_1_431' title='bbox 110 2880 305 2946; x_wconf 72' lang='lat' dir='ltr'><em>exclamare:</em></span> <span class='ocrx_word' id='word_1_432' title='bbox 329 2881 421 2945; x_wconf 86' lang='lat' dir='ltr'><em>Deus</em></span> <span class='ocrx_word' id='word_1_433' title='bbox 442 2903 545 2959; x_wconf 88' lang='lat' dir='ltr'><em>meus,</em></span> <span class='ocrx_word' id='word_1_434' title='bbox 568 2882 662 2947; x_wconf 88' lang='lat' dir='ltr'><em>Deus</em></span> <span class='ocrx_word' id='word_1_435' title='bbox 683 2903 784 2959; x_wconf 90' lang='lat' dir='ltr'><em>meus,</em></span> <span class='ocrx_word' id='word_1_436' title='bbox 807 2889 845 2945; x_wconf 89' lang='lat' dir='ltr'><em>ut</em></span> <span class='ocrx_word' id='word_1_437' title='bbox 864 2881 941 2964; x_wconf 92' lang='lat' dir='ltr'><em>quid</em></span> <span class='ocrx_word' id='word_1_438' title='bbox 959 2902 1012 2945; x_wconf 91' lang='lat' dir='ltr'><em>me</em></span> <span class='ocrx_word' id='word_1_439' title='bbox 1029 2880 1086 2945; x_wconf 88' lang='lat' dir='ltr'><em>de·</em></span> <span class='ocrx_word' id='word_1_440' title='bbox 1137 2888 1222 2959; x_wconf 84' lang='lat' dir='ltr'><em>tates,</em></span> <span class='ocrx_word' id='word_1_441' title='bbox 1245 2886 1279 2944; x_wconf 89' lang='lat' dir='ltr'><em>nt</em></span> <span class='ocrx_word' id='word_1_442' title='bbox 1300 2880 1343 2945; x_wconf 87' lang='lat' dir='ltr'><em>ad</em></span> <span class='ocrx_word' id='word_1_443' title='bbox 1364 2879 1603 2944; x_wconf 87' lang='lat' dir='ltr'><em>succurrendum</em></span> <span class='ocrx_word' id='word_1_444' title='bbox 1624 2880 1749 2943; x_wconf 86' lang='lat' dir='ltr'><em>miseris</em></span> <span class='ocrx_word' id='word_1_445' title='bbox 1762 2879 1948 2960; x_wconf 87' lang='lat' dir='ltr'><em>propensior</em></span> <span class='ocrx_word' id='word_1_446' title='bbox 1968 2878 2017 2941; x_wconf 89' lang='lat' dir='ltr'><em>sit.</em></span> <span class='ocrx_word' id='word_1_447' title='bbox 2055 2876 2112 2942; x_wconf 90' lang='lat' dir='ltr'><em>Ob·</em></span> 
     </span>
     <span class='ocr_line' id='line_1_31' title="bbox 109 2961 2112 3053; baseline -0.001 -23"><span class='ocrx_word' id='word_1_448' title='bbox 109 2965 269 3049; x_wconf 86' lang='lat' dir='ltr'><em>reliquisti</em></span> <span class='ocrx_word' id='word_1_449' title='bbox 291 2965 394 3053; x_wconf 85' lang='lat' dir='ltr'><em>(Psal.</em></span> <span class='ocrx_word' id='word_1_450' title='bbox 414 2971 471 3045; x_wconf 83' lang='lat'><em>22,</em></span> <span class='ocrx_word' id='word_1_451' title='bbox 491 2972 509 3030; x_wconf 85' lang='lat'>2</span> <span class='ocrx_word' id='word_1_452' title='bbox 515 2991 524 3045; x_wconf 88' lang='lat'>;</span> <span class='ocrx_word' id='word_1_453' title='bbox 546 2967 665 3033; x_wconf 83' lang='lat' dir='ltr'><em>Matth.</em></span> <span class='ocrx_word' id='word_1_454' title='bbox 686 2972 735 3047; x_wconf 84' lang='lat'><em>27,</em></span> <span class='ocrx_word' id='word_1_455' title='bbox 755 2967 835 3053; x_wconf 79' lang='lat'>46)?</span> <span class='ocrx_word' id='word_1_456' title='bbox 881 2965 978 3047; x_wconf 78' lang='lat' dir='ltr'><em>Quod</em></span> <span class='ocrx_word' id='word_1_457' title='bbox 999 2967 1086 3031; x_wconf 91' lang='lat' dir='ltr'><em>enim</em></span> <span class='ocrx_word' id='word_1_458' title='bbox 1138 2968 1278 3045; x_wconf 87' lang='lat' dir='ltr'><em>tendunt,</em></span> <span class='ocrx_word' id='word_1_459' title='bbox 1313 2966 1395 3046; x_wconf 79' lang='lat' dir='ltr'><em>quod</em></span> <span class='ocrx_word' id='word_1_460' title='bbox 1425 2966 1572 3030; x_wconf 83' lang='lat' dir='ltr'><em>eitiosrun</em></span> <span class='ocrx_word' id='word_1_461' title='bbox 1597 2985 1659 3045; x_wconf 88' lang='lat' dir='ltr'><em>per</em></span> <span class='ocrx_word' id='word_1_462' title='bbox 1686 2985 1718 3029; x_wconf 91' lang='lat' dir='ltr'><em>se</em></span> <span class='ocrx_word' id='word_1_463' title='bbox 1745 2969 1802 3044; x_wconf 89' lang='lat' dir='ltr'><em>est,</em></span> <span class='ocrx_word' id='word_1_464' title='bbox 1834 2965 1961 3046; x_wconf 83' lang='lat' dir='ltr'><em>indipne</em></span> <span class='ocrx_word' id='word_1_465' title='bbox 1989 2961 2112 3028; x_wconf 79' lang='lat' dir='ltr'><em>Cbristo</em></span> 
     </span>
     <span class='ocr_line' id='line_1_32' title="bbox 63 3049 2113 3136; baseline -0.002 -21"><span class='ocrx_word' id='word_1_466' title='bbox 63 3086 70 3103; x_wconf 84' lang='lat'><strong>·</strong></span> <span class='ocrx_word' id='word_1_467' title='bbox 108 3051 259 3116; x_wconf 89' lang='lat' dir='ltr'><em>nonnulli</em></span> <span class='ocrx_word' id='word_1_468' title='bbox 280 3052 414 3133; x_wconf 66' lang='lat' dir='ltr'><em>polani,</em></span> <span class='ocrx_word' id='word_1_469' title='bbox 445 3074 486 3117; x_wconf 82' lang='lat' dir='ltr'><em>ex</em></span> <span class='ocrx_word' id='word_1_470' title='bbox 515 3053 654 3118; x_wconf 84' lang='lat' dir='ltr'><em>eliorum</em></span> <span class='ocrx_word' id='word_1_471' title='bbox 678 3053 786 3136; x_wconf 89' lang='lat' dir='ltr'><em>potius</em></span> <span class='ocrx_word' id='word_1_472' title='bbox 808 3053 959 3135; x_wconf 90' lang='lat' dir='ltr'><em>opinione</em></span> <span class='ocrx_word' id='word_1_473' title='bbox 987 3073 1086 3135; x_wconf 86' lang='lat' dir='ltr'><em>quem</em></span> <span class='ocrx_word' id='word_1_474' title='bbox 1137 3053 1243 3117; x_wconf 88' lang='lat' dir='ltr'><em>tribui.</em></span> <span class='ocrx_word' id='word_1_475' title='bbox 1290 3052 1390 3133; x_wconf 76' lang='lat' dir='ltr'><em>Quasi</em></span> <span class='ocrx_word' id='word_1_476' title='bbox 1418 3071 1488 3116; x_wconf 87' lang='lat' dir='ltr'><em>acro</em></span> <span class='ocrx_word' id='word_1_477' title='bbox 1511 3071 1611 3132; x_wconf 88' lang='lat' dir='ltr'><em>supra</em></span> <span class='ocrx_word' id='word_1_478' title='bbox 1632 3052 1780 3132; x_wconf 87' lang='lat' dir='ltr'><em>spiritum</em></span> <span class='ocrx_word' id='word_1_479' title='bbox 1802 3049 1867 3113; x_wconf 87' lang='lat' dir='ltr'><em>Dei</em></span> <span class='ocrx_word' id='word_1_480' title='bbox 1888 3050 2029 3130; x_wconf 85' lang='lat' dir='ltr'><em>sapiant,</em></span> <span class='ocrx_word' id='word_1_481' title='bbox 2058 3049 2113 3128; x_wconf 77' lang='lat' dir='ltr'><em>qui</em></span> 
     </span>
     <span class='ocr_line' id='line_1_33' title="bbox 109 3134 2112 3221; baseline -0.002 -19"><span class='ocrx_word' id='word_1_482' title='bbox 109 3158 151 3202; x_wconf 82' lang='lat' dir='ltr'><em>ex</em></span> <span class='ocrx_word' id='word_1_483' title='bbox 177 3158 236 3201; x_wconf 89' lang='lat' dir='ltr'><em>suo</em></span> <span class='ocrx_word' id='word_1_484' title='bbox 258 3159 357 3203; x_wconf 84' lang='lat' dir='ltr'><em>sensu</em></span> <span class='ocrx_word' id='word_1_485' title='bbox 384 3139 430 3203; x_wconf 89' lang='lat' dir='ltr'><em>sie</em></span> <span class='ocrx_word' id='word_1_486' title='bbox 452 3138 623 3220; x_wconf 90' lang='lat' dir='ltr'><em>loquutum</em></span> <span class='ocrx_word' id='word_1_487' title='bbox 643 3140 757 3218; x_wconf 69' lang='lat' dir='ltr'><em>firism,</em></span> <span class='ocrx_word' id='word_1_488' title='bbox 785 3159 991 3221; x_wconf 82' lang='lat' dir='ltr'><em>nequaquem</em></span> <span class='ocrx_word' id='word_1_489' title='bbox 1011 3158 1086 3220; x_wconf 87' lang='lat' dir='ltr'><em>pro·</em></span> <span class='ocrx_word' id='word_1_490' title='bbox 1138 3139 1211 3202; x_wconf 86' lang='lat' dir='ltr'><em>baec</em></span> <span class='ocrx_word' id='word_1_491' title='bbox 1243 3138 1304 3202; x_wconf 79' lang='lat' dir='ltr'><em>diro</em></span> <span class='ocrx_word' id='word_1_492' title='bbox 1331 3138 1429 3201; x_wconf 90' lang='lat' dir='ltr'><em>simul</em></span> <span class='ocrx_word' id='word_1_493' title='bbox 1453 3137 1608 3214; x_wconf 86' lang='lat' dir='ltr'><em>conciliat,</em></span> <span class='ocrx_word' id='word_1_494' title='bbox 1644 3134 1802 3201; x_wconf 77' lang='lat' dir='ltr'><em>Christum</em></span> <span class='ocrx_word' id='word_1_495' title='bbox 1832 3134 1933 3216; x_wconf 70' lang='lat' dir='ltr'><em>fuisse</em></span> <span class='ocrx_word' id='word_1_496' title='bbox 1965 3139 2112 3198; x_wconf 88' lang='lat' dir='ltr'><em>tentatum</em></span> 
     </span>
     <span class='ocr_line' id='line_1_34' title="bbox 108 3217 2112 3307; baseline -0.002 -19"><span class='ocrx_word' id='word_1_497' title='bbox 108 3223 214 3288; x_wconf 84' lang='lat' dir='ltr'><em>babile</em></span> <span class='ocrx_word' id='word_1_498' title='bbox 237 3232 300 3302; x_wconf 90' lang='lat' dir='ltr'><em>est;</em></span> <span class='ocrx_word' id='word_1_499' title='bbox 329 3245 428 3307; x_wconf 92' lang='lat' dir='ltr'><em>quum</em></span> <span class='ocrx_word' id='word_1_500' title='bbox 451 3246 493 3288; x_wconf 81' lang='lat' dir='ltr'><em>ex</em></span> <span class='ocrx_word' id='word_1_501' title='bbox 514 3225 623 3288; x_wconf 90' lang='lat' dir='ltr'><em>intimi</em></span> <span class='ocrx_word' id='word_1_502' title='bbox 646 3225 746 3290; x_wconf 87' lang='lat' dir='ltr'><em>enimi</em></span> <span class='ocrx_word' id='word_1_503' title='bbox 769 3245 891 3307; x_wconf 82' lang='lat' dir='ltr'><em>angore</em></span> <span class='ocrx_word' id='word_1_504' title='bbox 914 3222 1087 3289; x_wconf 83' lang='lat' dir='ltr'><em>deductam</em></span> <span class='ocrx_word' id='word_1_505' title='bbox 1132 3245 1194 3305; x_wconf 89' lang='lat' dir='ltr'><em>per</em></span> <span class='ocrx_word' id='word_1_506' title='bbox 1220 3224 1327 3288; x_wconf 89' lang='lat' dir='ltr'><em>amnia</em></span> <span class='ocrx_word' id='word_1_507' title='bbox 1354 3224 1434 3288; x_wconf 87' lang='lat' dir='ltr'><em>sicut</em></span> <span class='ocrx_word' id='word_1_508' title='bbox 1458 3242 1526 3300; x_wconf 87' lang='lat' dir='ltr'><em>nos,</em></span> <span class='ocrx_word' id='word_1_509' title='bbox 1555 3227 1583 3286; x_wconf 90' lang='lat' dir='ltr'><em>et</em></span> <span class='ocrx_word' id='word_1_510' title='bbox 1608 3227 1709 3286; x_wconf 88' lang='lat' dir='ltr'><em>tamen</em></span> <span class='ocrx_word' id='word_1_511' title='bbox 1731 3221 1844 3302; x_wconf 76' lang='lat' dir='ltr'><em>absque</em></span> <span class='ocrx_word' id='word_1_512' title='bbox 1862 3225 1994 3302; x_wconf 87' lang='lat' dir='ltr'><em>peccato.</em></span> <span class='ocrx_word' id='word_1_513' title='bbox 2040 3217 2112 3284; x_wconf 89' lang='lat' dir='ltr'><em>Non</em></span> 
     </span>
     <span class='ocr_line' id='line_1_35' title="bbox 107 3304 2113 3392; baseline -0.001 -19"><span class='ocrx_word' id='word_1_514' title='bbox 107 3309 206 3373; x_wconf 89' lang='lat' dir='ltr'><em>fuisse</em></span> <span class='ocrx_word' id='word_1_515' title='bbox 228 3330 341 3374; x_wconf 87' lang='lat' dir='ltr'><em>vocem</em></span> <span class='ocrx_word' id='word_1_516' title='bbox 358 3318 492 3375; x_wconf 88' lang='lat' dir='ltr'><em>constet.</em></span> <span class='ocrx_word' id='word_1_517' title='bbox 526 3310 640 3392; x_wconf 88' lang='lat' dir='ltr'><em>Neque</em></span> <span class='ocrx_word' id='word_1_518' title='bbox 662 3319 774 3375; x_wconf 86' lang='lat' dir='ltr'><em>tamen</em></span> <span class='ocrx_word' id='word_1_519' title='bbox 792 3310 960 3375; x_wconf 79' lang='grc' dir='ltr'>ιιιιιιιὶιιιιιιι</span> <span class='ocrx_word' id='word_1_520' title='bbox 976 3309 1086 3374; x_wconf 89' lang='lat' dir='ltr'><em>Deum</em></span> <span class='ocrx_word' id='word_1_521' title='bbox 1138 3314 1181 3375; x_wconf 89' lang='lat' dir='ltr'><em>est</em></span> <span class='ocrx_word' id='word_1_522' title='bbox 1202 3311 1300 3392; x_wconf 84' lang='lat' dir='ltr'><em>ipitur</em></span> <span class='ocrx_word' id='word_1_523' title='bbox 1322 3329 1377 3373; x_wconf 87' lang='lat' dir='ltr'><em>cur</em></span> <span class='ocrx_word' id='word_1_524' title='bbox 1398 3328 1455 3373; x_wconf 90' lang='lat' dir='ltr'><em>nos</em></span> <span class='ocrx_word' id='word_1_525' title='bbox 1475 3312 1586 3373; x_wconf 88' lang='lat' dir='ltr'><em>terreat</em></span> <span class='ocrx_word' id='word_1_526' title='bbox 1607 3307 1778 3388; x_wconf 69' lang='lat' dir='ltr'><em>infirmitas</em></span> <span class='ocrx_word' id='word_1_527' title='bbox 1802 3304 1929 3384; x_wconf 86' lang='lat' dir='ltr'><em>Clnisti,</em></span> <span class='ocrx_word' id='word_1_528' title='bbox 1951 3307 2004 3369; x_wconf 89' lang='lat' dir='ltr'><em>cui</em></span> <span class='ocrx_word' id='word_1_529' title='bbox 2024 3310 2059 3368; x_wconf 91' lang='lat' dir='ltr'><em>ut</em></span> <span class='ocrx_word' id='word_1_530' title='bbox 2079 3325 2113 3370; x_wconf 91' lang='lat' dir='ltr'><em>se</em></span> 
     </span>
     <span class='ocr_line' id='line_1_36' title="bbox 107 3390 2113 3476; baseline -0.001 -18"><span class='ocrx_word' id='word_1_531' title='bbox 107 3395 209 3459; x_wconf 87' lang='lat' dir='ltr'><em>fuisse</em></span> <span class='ocrx_word' id='word_1_532' title='bbox 231 3415 375 3475; x_wconf 85' lang='lat' dir='ltr'><em>unquam</em></span> <span class='ocrx_word' id='word_1_533' title='bbox 392 3396 441 3459; x_wconf 90' lang='lat' dir='ltr'><em>illi</em></span> <span class='ocrx_word' id='word_1_534' title='bbox 458 3395 511 3460; x_wconf 87' lang='lat' dir='ltr'><em>vel</em></span> <span class='ocrx_word' id='word_1_535' title='bbox 524 3395 749 3461; x_wconf 87' lang='lat' dir='ltr'><em>adversarium</em></span> <span class='ocrx_word' id='word_1_536' title='bbox 766 3396 961 3461; x_wconf 83' lang='lat' dir='ltr'><em>veliratum.</em></span> <span class='ocrx_word' id='word_1_537' title='bbox 996 3393 1086 3476; x_wconf 83' lang='lat' dir='ltr'><em>Quo-</em></span> <span class='ocrx_word' id='word_1_538' title='bbox 1137 3396 1312 3473; x_wconf 58' lang='lat' dir='ltr'><em>amicust,</em></span> <span class='ocrx_word' id='word_1_539' title='bbox 1340 3414 1402 3458; x_wconf 92' lang='lat' dir='ltr'><em>non</em></span> <span class='ocrx_word' id='word_1_540' title='bbox 1428 3393 1572 3458; x_wconf 70' lang='lat' dir='ltr'><em>muncia</em></span> <span class='ocrx_word' id='word_1_541' title='bbox 1602 3398 1657 3458; x_wconf 89' lang='lat' dir='ltr'><em>aut</em></span> <span class='ocrx_word' id='word_1_542' title='bbox 1682 3393 1858 3456; x_wconf 82' lang='lat' dir='ltr'><em>necessitate</em></span> <span class='ocrx_word' id='word_1_543' title='bbox 1890 3395 2025 3469; x_wconf 86' lang='lat' dir='ltr'><em>coactus,</em></span> <span class='ocrx_word' id='word_1_544' title='bbox 2058 3390 2113 3455; x_wconf 87' lang='lat' dir='ltr'><em>sed</em></span> 
     </span>
     <span class='ocr_line' id='line_1_37' title="bbox 106 3477 2113 3564; baseline -0.001 -20"><span class='ocrx_word' id='word_1_545' title='bbox 106 3478 205 3544; x_wconf 91' lang='lat' dir='ltr'><em>modo</em></span> <span class='ocrx_word' id='word_1_546' title='bbox 228 3480 316 3542; x_wconf 89' lang='lat' dir='ltr'><em>enim</em></span> <span class='ocrx_word' id='word_1_547' title='bbox 337 3479 453 3545; x_wconf 89' lang='lat' dir='ltr'><em>dilecto</em></span> <span class='ocrx_word' id='word_1_548' title='bbox 470 3481 546 3561; x_wconf 89' lang='lat' dir='ltr'><em>filio,</em></span> <span class='ocrx_word' id='word_1_549' title='bbox 569 3482 604 3546; x_wconf 92' lang='lat' dir='ltr'><em>in</em></span> <span class='ocrx_word' id='word_1_550' title='bbox 626 3483 842 3564; x_wconf 67' lang='lat' dir='ltr'><em>quo*animue</em></span> <span class='ocrx_word' id='word_1_551' title='bbox 864 3483 933 3546; x_wconf 88' lang='lat' dir='ltr'><em>eius</em></span> <span class='ocrx_word' id='word_1_552' title='bbox 958 3481 1086 3563; x_wconf 85' lang='lat' dir='ltr'><em>aequie-</em></span> <span class='ocrx_word' id='word_1_553' title='bbox 1137 3481 1455 3558; x_wconf 86' lang='lat' dir='ltr'><em>mereamorenostri,</em></span> <span class='ocrx_word' id='word_1_554' title='bbox 1473 3479 1746 3559; x_wconf 77' lang='lat' dir='ltr'><em>misericordiaque</em></span> <span class='ocrx_word' id='word_1_555' title='bbox 1762 3478 1908 3543; x_wconf 88' lang='lat' dir='ltr'><em>inductus</em></span> <span class='ocrx_word' id='word_1_556' title='bbox 1924 3483 1976 3541; x_wconf 86' lang='lat' dir='ltr'><em>est.</em></span> <span class='ocrx_word' id='word_1_557' title='bbox 2013 3477 2113 3557; x_wconf 81' lang='lat' dir='ltr'><em>Quid·</em></span> 
     </span>
     <span class='ocr_line' id='line_1_38' title="bbox 106 3562 2114 3650; baseline -0.001 -20"><span class='ocrx_word' id='word_1_558' title='bbox 106 3566 166 3643; x_wconf 89' lang='lat' dir='ltr'><em>vit,</em></span> <span class='ocrx_word' id='word_1_559' title='bbox 189 3564 405 3629; x_wconf 82' lang='lat' dir='ltr'><em>irasceretur?</em></span> <span class='ocrx_word' id='word_1_560' title='bbox 430 3575 487 3630; x_wconf 87' lang='lat' dir='ltr'><em>aut</em></span> <span class='ocrx_word' id='word_1_561' title='bbox 508 3566 667 3649; x_wconf 88' lang='lat' dir='ltr'><em>quomodo</em></span> <span class='ocrx_word' id='word_1_562' title='bbox 690 3566 844 3632; x_wconf 83' lang='lat' dir='ltr'><em>Chu&#39;stus</em></span> <span class='ocrx_word' id='word_1_563' title='bbox 864 3577 992 3650; x_wconf 84' lang='lat' dir='ltr'><em>patrem</em></span> <span class='ocrx_word' id='word_1_564' title='bbox 1014 3566 1087 3631; x_wconf 81' lang='lat' dir='ltr'><em>aliis</em></span> <span class='ocrx_word' id='word_1_565' title='bbox 1138 3567 1216 3648; x_wconf 79' lang='lat' dir='ltr'><em>quid</em></span> <span class='ocrx_word' id='word_1_566' title='bbox 1238 3571 1339 3630; x_wconf 83' lang='lat' dir='ltr'><em>aneu</em></span> <span class='ocrx_word' id='word_1_567' title='bbox 1359 3570 1464 3646; x_wconf 70' lang='lat' dir='ltr'><em>sporm</em></span> <span class='ocrx_word' id='word_1_568' title='bbox 1478 3584 1600 3647; x_wconf 89' lang='lat' dir='ltr'><em>passus</em></span> <span class='ocrx_word' id='word_1_569' title='bbox 1620 3568 1664 3628; x_wconf 88' lang='lat' dir='ltr'><em>est</em></span> <span class='ocrx_word' id='word_1_570' title='bbox 1679 3584 1742 3644; x_wconf 90' lang='lat' dir='ltr'><em>pro</em></span> <span class='ocrx_word' id='word_1_571' title='bbox 1762 3564 1858 3642; x_wconf 71' lang='lat' dir='ltr'><em>nobis</em></span> <span class='ocrx_word' id='word_1_572' title='bbox 1882 3562 1965 3628; x_wconf 73' lang='lat' dir='ltr'><em>nillil</em></span> <span class='ocrx_word' id='word_1_573' title='bbox 1986 3584 2024 3626; x_wconf 86' lang='lat' dir='ltr'><em>cx</em></span> <span class='ocrx_word' id='word_1_574' title='bbox 2046 3564 2114 3627; x_wconf 90' lang='lat' dir='ltr'><em>eius</em></span> 
     </span>
     <span class='ocr_line' id='line_1_39' title="bbox 108 3649 2114 3735; baseline -0.002 -19"><span class='ocrx_word' id='word_1_575' title='bbox 108 3671 169 3716; x_wconf 82' lang='lat' dir='ltr'><em>sua</em></span> <span class='ocrx_word' id='word_1_576' title='bbox 191 3650 420 3716; x_wconf 87' lang='lat' dir='ltr'><em>intercessione</em></span> <span class='ocrx_word' id='word_1_577' title='bbox 446 3651 605 3734; x_wconf 86' lang='lat' dir='ltr'><em>placaret,</em></span> <span class='ocrx_word' id='word_1_578' title='bbox 633 3674 732 3735; x_wconf 89' lang='lat' dir='ltr'><em>quem</em></span> <span class='ocrx_word' id='word_1_579' title='bbox 757 3653 920 3718; x_wconf 80' lang='lat' dir='ltr'><em>infensum</em></span> <span class='ocrx_word' id='word_1_580' title='bbox 951 3651 1087 3717; x_wconf 84' lang='lat' dir='ltr'><em>haberet</em></span> <span class='ocrx_word' id='word_1_581' title='bbox 1138 3652 1255 3717; x_wconf 88' lang='lat' dir='ltr'><em>minuit</em></span> <span class='ocrx_word' id='word_1_582' title='bbox 1274 3653 1394 3715; x_wconf 73' lang='lat' dir='ltr'><em>virente.</em></span> <span class='ocrx_word' id='word_1_583' title='bbox 1438 3650 1482 3714; x_wconf 92' lang='lat' dir='ltr'><em>In</em></span> <span class='ocrx_word' id='word_1_584' title='bbox 1506 3671 1569 3714; x_wconf 83' lang='lat' dir='ltr'><em>nrm</em></span> <span class='ocrx_word' id='word_1_585' title='bbox 1597 3655 1700 3714; x_wconf 84' lang='lat' dir='ltr'><em>autern</em></span> <span class='ocrx_word' id='word_1_586' title='bbox 1717 3649 1876 3731; x_wconf 81' lang='lat' dir='ltr'><em>falluntur</em></span> <span class='ocrx_word' id='word_1_587' title='bbox 1897 3650 1952 3713; x_wconf 90' lang='lat' dir='ltr'><em>isti</em></span> <span class='ocrx_word' id='word_1_588' title='bbox 1972 3649 2114 3713; x_wconf 82' lang='lat' dir='ltr'><em>obtrecta-</em></span> 
     </span>
     <span class='ocr_line' id='line_1_40' title="bbox 108 3733 2114 3818; baseline -0.002 -17"><span class='ocrx_word' id='word_1_589' title='bbox 108 3739 177 3818; x_wconf 88' lang='lat' dir='ltr'><em>ipse</em></span> <span class='ocrx_word' id='word_1_590' title='bbox 200 3735 285 3800; x_wconf 84' lang='lat' dir='ltr'><em>sibi?</em></span> <span class='ocrx_word' id='word_1_591' title='bbox 328 3734 395 3801; x_wconf 80' lang='lat' dir='ltr'><em>Sed</em></span> <span class='ocrx_word' id='word_1_592' title='bbox 416 3737 478 3802; x_wconf 90' lang='lat' dir='ltr'><em>hoe</em></span> <span class='ocrx_word' id='word_1_593' title='bbox 500 3759 559 3801; x_wconf 91' lang='lat' dir='ltr'><em>nos</em></span> <span class='ocrx_word' id='word_1_594' title='bbox 581 3738 727 3816; x_wconf 89' lang='lat' dir='ltr'><em>dicimus,</em></span> <span class='ocrx_word' id='word_1_595' title='bbox 752 3738 881 3805; x_wconf 83' lang='lat' dir='ltr'><em>divinae</em></span> <span class='ocrx_word' id='word_1_596' title='bbox 903 3738 1086 3804; x_wconf 83' lang='lat' dir='ltr'><em>severitatis</em></span> <span class='ocrx_word' id='word_1_597' title='bbox 1138 3744 1227 3816; x_wconf 84' lang='lat' dir='ltr'><em>tores,</em></span> <span class='ocrx_word' id='word_1_598' title='bbox 1256 3737 1337 3818; x_wconf 78' lang='lat' dir='ltr'><em>quod</em></span> <span class='ocrx_word' id='word_1_599' title='bbox 1357 3737 1569 3817; x_wconf 73' lang='lat' dir='ltr'><em>infirmitatem</em></span> <span class='ocrx_word' id='word_1_600' title='bbox 1588 3737 1624 3799; x_wconf 89' lang='lat' dir='ltr'><em>in</em></span> <span class='ocrx_word' id='word_1_601' title='bbox 1647 3733 1770 3800; x_wconf 85' lang='lat' dir='ltr'><em>Cbristo</em></span> <span class='ocrx_word' id='word_1_602' title='bbox 1791 3736 1875 3799; x_wconf 78' lang='lat' dir='ltr'><em>omrai</em></span> <span class='ocrx_word' id='word_1_603' title='bbox 1895 3735 1969 3797; x_wconf 87' lang='lat' dir='ltr'><em>citio</em></span> <span class='ocrx_word' id='word_1_604' title='bbox 1990 3733 2114 3814; x_wconf 79' lang='lat' dir='ltr'><em>tabeque</em></span> 
     </span>
     <span class='ocr_line' id='line_1_41' title="bbox 109 3819 2113 3908; baseline -0.002 -22"><span class='ocrx_word' id='word_1_605' title='bbox 109 3823 307 3906; x_wconf 80' lang='lat' dir='ltr'><em>gravitatem</em></span> <span class='ocrx_word' id='word_1_606' title='bbox 347 3843 422 3886; x_wconf 90' lang='lat' dir='ltr'><em>eum</em></span> <span class='ocrx_word' id='word_1_607' title='bbox 455 3824 661 3903; x_wconf 87' lang='lat' dir='ltr'><em>sustinuisse,</em></span> <span class='ocrx_word' id='word_1_608' title='bbox 702 3825 857 3908; x_wconf 76' lang='lat' dir='ltr'><em>queniam</em></span> <span class='ocrx_word' id='word_1_609' title='bbox 888 3845 990 3888; x_wconf 85' lang='lat' dir='ltr'><em>manu</em></span> <span class='ocrx_word' id='word_1_610' title='bbox 1021 3822 1087 3888; x_wconf 89' lang='lat' dir='ltr'><em>Dei</em></span> <span class='ocrx_word' id='word_1_611' title='bbox 1133 3843 1254 3906; x_wconf 89' lang='lat' dir='ltr'><em>puram</em></span> <span class='ocrx_word' id='word_1_612' title='bbox 1281 3828 1460 3888; x_wconf 79' lang='lat' dir='ltr'><em>decanam</em></span> <span class='ocrx_word' id='word_1_613' title='bbox 1480 3842 1541 3887; x_wconf 86' lang='lat' dir='ltr'><em>nen</em></span> <span class='ocrx_word' id='word_1_614' title='bbox 1563 3827 1748 3904; x_wconf 82' lang='lat' dir='ltr'><em>apnoscunt;</em></span> <span class='ocrx_word' id='word_1_615' title='bbox 1777 3822 1853 3901; x_wconf 79' lang='lat' dir='ltr'><em>quia</em></span> <span class='ocrx_word' id='word_1_616' title='bbox 1881 3839 1914 3882; x_wconf 92' lang='lat' dir='ltr'><em>se</em></span> <span class='ocrx_word' id='word_1_617' title='bbox 1943 3820 2029 3881; x_wconf 89' lang='lat' dir='ltr'><em>intra</em></span> <span class='ocrx_word' id='word_1_618' title='bbox 2049 3819 2113 3882; x_wconf 90' lang='lat' dir='ltr'><em>obe·</em></span> 
     </span>
     <span class='ocr_line' id='line_1_42' title="bbox 109 3904 2112 3992; baseline -0.002 -20"><span class='ocrx_word' id='word_1_619' title='bbox 109 3929 282 3990; x_wconf 85' lang='lat' dir='ltr'><em>percussus</em></span> <span class='ocrx_word' id='word_1_620' title='bbox 305 3915 338 3972; x_wconf 90' lang='lat' dir='ltr'><em>et</em></span> <span class='ocrx_word' id='word_1_621' title='bbox 360 3908 513 3987; x_wconf 83' lang='lat' dir='ltr'><em>afflictus,</em></span> <span class='ocrx_word' id='word_1_622' title='bbox 544 3911 653 3974; x_wconf 83' lang='lat' dir='ltr'><em>omnia</em></span> <span class='ocrx_word' id='word_1_623' title='bbox 678 3912 754 3976; x_wconf 85' lang='lat' dir='ltr'><em>irati</em></span> <span class='ocrx_word' id='word_1_624' title='bbox 781 3919 814 3975; x_wconf 88' lang='lat' dir='ltr'><em>et</em></span> <span class='ocrx_word' id='word_1_625' title='bbox 833 3909 1000 3992; x_wconf 86' lang='lat' dir='ltr'><em>punientis</em></span> <span class='ocrx_word' id='word_1_626' title='bbox 1021 3909 1087 3974; x_wconf 90' lang='lat' dir='ltr'><em>Dei</em></span> <span class='ocrx_word' id='word_1_627' title='bbox 1137 3910 1272 3975; x_wconf 72' lang='lat' dir='ltr'><em>&lt;lumine</em></span> <span class='ocrx_word' id='word_1_628' title='bbox 1291 3908 1371 3990; x_wconf 75' lang='lat' dir='ltr'><em>(ines</em></span> <span class='ocrx_word' id='word_1_629' title='bbox 1391 3908 1548 3973; x_wconf 76' lang='lat' dir='ltr'><em>deminuit.</em></span> <span class='ocrx_word' id='word_1_630' title='bbox 1594 3907 1681 3971; x_wconf 88' lang='lat' dir='ltr'><em>Nam</em></span> <span class='ocrx_word' id='word_1_631' title='bbox 1707 3907 1784 3987; x_wconf 78' lang='lat' dir='ltr'><em>quia</em></span> <span class='ocrx_word' id='word_1_632' title='bbox 1810 3904 1977 3969; x_wconf 82' lang='lat' dir='ltr'><em>moderatio</em></span> <span class='ocrx_word' id='word_1_633' title='bbox 1999 3904 2034 3967; x_wconf 91' lang='lat' dir='ltr'><em>in</em></span> <span class='ocrx_word' id='word_1_634' title='bbox 2054 3924 2112 3968; x_wconf 88' lang='lat' dir='ltr'><em>na-</em></span> 
     </span>
     <span class='ocr_line' id='line_1_43' title="bbox 110 3989 2114 4164; baseline -0.001 -21"><span class='ocrx_word' id='word_1_635' title='bbox 110 3993 1086 4164; x_wconf 58' lang='lat' dir='ltr'><em>tttistttttulttttlltttttdtttt</em></span> <span class='ocrx_word' id='word_1_636' title='bbox 1137 4001 1242 4146; x_wconf 76' lang='lat' dir='ltr'><em>tlt</em></span> <span class='ocrx_word' id='word_1_637' title='bbox 1257 4000 1396 4163; x_wconf 61' lang='lat' dir='ltr'><em>”libb</em></span> <span class='ocrx_word' id='word_1_638' title='bbox 1413 3989 2114 4159; x_wconf 44' lang='lat' dir='ltr'><em>litttltttwdtumttttsd</em></span> 
     </span>
     <span class='ocr_line' id='line_1_44' title="bbox 110 4126 2113 4249; baseline -0.002 -21"><span class='ocrx_word' id='word_1_639' title='bbox 110 4171 220 4249; x_wconf 83' lang='lat' dir='ltr'><em>empta</em></span> <span class='ocrx_word' id='word_1_640' title='bbox 247 4167 297 4230; x_wconf 86' lang='lat' dir='ltr'><em>sit</em></span> <span class='ocrx_word' id='word_1_641' title='bbox 337 4165 407 4232; x_wconf 91' lang='lat' dir='ltr'><em>Nec</em></span> <span class='ocrx_word' id='word_1_642' title='bbox 430 4166 502 4230; x_wconf 83' lang='lat' dir='ltr'><em>aliis</em></span> <span class='ocrx_word' id='word_1_643' title='bbox 524 4166 602 4229; x_wconf 89' lang='lat' dir='ltr'><em>locis</em></span> <span class='ocrx_word' id='word_1_644' title='bbox 625 4178 778 4232; x_wconf 84' lang='lat' dir='ltr'><em>anostra</em></span> <span class='ocrx_word' id='word_1_645' title='bbox 805 4133 967 4232; x_wconf 72' lang='lat' dir='ltr'><em>iententia</em></span> <span class='ocrx_word' id='word_1_646' title='bbox 994 4166 1085 4231; x_wconf 85' lang='lat' dir='ltr'><em>eblu-</em></span> <span class='ocrx_word' id='word_1_647' title='bbox 1137 4168 1216 4232; x_wconf 90' lang='lat' dir='ltr'><em>ulna</em></span> <span class='ocrx_word' id='word_1_648' title='bbox 1237 4187 1405 4249; x_wconf 85' lang='lat' dir='ltr'><em>perperam</em></span> <span class='ocrx_word' id='word_1_649' title='bbox 1437 4166 1607 4228; x_wconf 85' lang='lat' dir='ltr'><em>metiuntur</em></span> <span class='ocrx_word' id='word_1_650' title='bbox 1632 4162 1737 4243; x_wconf 74' lang='lat' dir='ltr'><em>filium</em></span> <span class='ocrx_word' id='word_1_651' title='bbox 1758 4160 1832 4226; x_wconf 75' lang='lat' dir='ltr'><em>Dec</em></span> <span class='ocrx_word' id='word_1_652' title='bbox 1874 4161 1921 4225; x_wconf 84' lang='lat' dir='ltr'><em>At</em></span> <span class='ocrx_word' id='word_1_653' title='bbox 1942 4126 2038 4243; x_wconf 80' lang='lat' dir='ltr'><em>quain</em></span> <span class='ocrx_word' id='word_1_654' title='bbox 2065 4162 2113 4225; x_wconf 81' lang='lat' dir='ltr'><em>in-</em></span> 
     </span>
     <span class='ocr_line' id='line_1_45' title="bbox 111 4247 2112 4336; baseline -0.002 -22"><span class='ocrx_word' id='word_1_655' title='bbox 111 4250 158 4314; x_wconf 93' lang='lat' dir='ltr'><em>dit</em></span> <span class='ocrx_word' id='word_1_656' title='bbox 165 4274 173 4329; x_wconf 89' lang='lat'>;</span> <span class='ocrx_word' id='word_1_657' title='bbox 206 4257 255 4314; x_wconf 88' lang='lat' dir='ltr'><em>ut·</em></span> <span class='ocrx_word' id='word_1_658' title='bbox 272 4273 373 4334; x_wconf 91' lang='lat' dir='ltr'><em>quum</em></span> <span class='ocrx_word' id='word_1_659' title='bbox 396 4253 455 4330; x_wconf 84' lang='lat' dir='ltr'><em>ait,</em></span> <span class='ocrx_word' id='word_1_660' title='bbox 490 4274 586 4330; x_wconf 83' lang='lat' dir='ltr'><em>crux,</em></span> <span class='ocrx_word' id='word_1_661' title='bbox 614 4273 715 4330; x_wconf 87' lang='lat' dir='ltr'><em>mors,</em></span> <span class='ocrx_word' id='word_1_662' title='bbox 744 4253 856 4330; x_wconf 85' lang='lat' dir='ltr'><em>inferi,</em></span> <span class='ocrx_word' id='word_1_663' title='bbox 883 4260 995 4318; x_wconf 84' lang='lat' dir='ltr'><em>nostre</em></span> <span class='ocrx_word' id='word_1_664' title='bbox 1016 4251 1086 4316; x_wconf 84' lang='lat' dir='ltr'><em>vite</em></span> <span class='ocrx_word' id='word_1_665' title='bbox 1136 4259 1218 4336; x_wconf 85' lang='lat' dir='ltr'><em>teper</em></span> <span class='ocrx_word' id='word_1_666' title='bbox 1239 4257 1340 4330; x_wconf 87' lang='lat' dir='ltr'><em>essct,·</em></span> <span class='ocrx_word' id='word_1_667' title='bbox 1353 4253 1388 4315; x_wconf 89' lang='lat' dir='ltr'><em>in</em></span> <span class='ocrx_word' id='word_1_668' title='bbox 1408 4250 1527 4315; x_wconf 88' lang='lat' dir='ltr'><em>cunctis</em></span> <span class='ocrx_word' id='word_1_669' title='bbox 1547 4250 1615 4313; x_wconf 90' lang='lat' dir='ltr'><em>eius</em></span> <span class='ocrx_word' id='word_1_670' title='bbox 1636 4247 1794 4330; x_wconf 76' lang='lat' dir='ltr'><em>affedibus</em></span> <span class='ocrx_word' id='word_1_671' title='bbox 1814 4248 1914 4330; x_wconf 79' lang='lat' dir='ltr'><em>cripuit</em></span> <span class='ocrx_word' id='word_1_672' title='bbox 1934 4248 2112 4324; x_wconf 89' lang='lat' dir='ltr'><em>moderatio,</em></span> 
     </span>
     <span class='ocr_line' id='line_1_46' title="bbox 110 4332 2111 4419; baseline -0.003 -18"><span class='ocrx_word' id='word_1_673' title='bbox 110 4343 195 4401; x_wconf 89' lang='lat' dir='ltr'><em>sunt.</em></span> <span class='ocrx_word' id='word_1_674' title='bbox 240 4337 327 4403; x_wconf 87' lang='lat' dir='ltr'><em>Item</em></span> <span class='ocrx_word' id='word_1_675' title='bbox 359 4337 451 4402; x_wconf 79' lang='lat' dir='ltr'><em>ahoi:</em></span> <span class='ocrx_word' id='word_1_676' title='bbox 485 4337 574 4401; x_wconf 87' lang='lat' dir='ltr'><em>filius</em></span> <span class='ocrx_word' id='word_1_677' title='bbox 599 4338 664 4402; x_wconf 92' lang='lat' dir='ltr'><em>Dei</em></span> <span class='ocrx_word' id='word_1_678' title='bbox 694 4338 730 4402; x_wconf 91' lang='lat' dir='ltr'><em>in</em></span> <span class='ocrx_word' id='word_1_679' title='bbox 761 4339 897 4403; x_wconf 88' lang='lat' dir='ltr'><em>infernis</em></span> <span class='ocrx_word' id='word_1_680' title='bbox 930 4345 994 4418; x_wconf 89' lang='lat' dir='ltr'><em>est;</em></span> <span class='ocrx_word' id='word_1_681' title='bbox 1028 4337 1085 4402; x_wconf 90' lang='lat' dir='ltr'><em>sed</em></span> <span class='ocrx_word' id='word_1_682' title='bbox 1136 4359 1215 4419; x_wconf 78' lang='lat' dir='ltr'><em>puae</em></span> <span class='ocrx_word' id='word_1_683' title='bbox 1235 4357 1391 4402; x_wconf 73' lang='lat' dir='ltr'><em>excessum</em></span> <span class='ocrx_word' id='word_1_684' title='bbox 1412 4336 1567 4401; x_wconf 78' lang='lat' dir='ltr'><em>colarberet.</em></span> <span class='ocrx_word' id='word_1_685' title='bbox 1618 4333 1705 4400; x_wconf 87' lang='lat' dir='ltr'><em>Unde</em></span> <span class='ocrx_word' id='word_1_686' title='bbox 1725 4332 1813 4398; x_wconf 88' lang='lat' dir='ltr'><em>nobis</em></span> <span class='ocrx_word' id='word_1_687' title='bbox 1834 4335 1870 4396; x_wconf 93' lang='lat' dir='ltr'><em>in</em></span> <span class='ocrx_word' id='word_1_688' title='bbox 1891 4333 2007 4410; x_wconf 70' lang='lat' dir='ltr'><em>doure,</em></span> <span class='ocrx_word' id='word_1_689' title='bbox 2029 4336 2111 4394; x_wconf 86' lang='lat' dir='ltr'><em>metu</em></span> 
     </span>
     <span class='ocr_line' id='line_1_47' title="bbox 109 4417 2112 4507; baseline -0.004 -21"><span class='ocrx_word' id='word_1_690' title='bbox 109 4421 206 4487; x_wconf 90' lang='lat' dir='ltr'><em>homo</em></span> <span class='ocrx_word' id='word_1_691' title='bbox 234 4424 374 4488; x_wconf 87' lang='lat' dir='ltr'><em>refertur</em></span> <span class='ocrx_word' id='word_1_692' title='bbox 403 4423 444 4488; x_wconf 83' lang='lat' dir='ltr'><em>ad</em></span> <span class='ocrx_word' id='word_1_693' title='bbox 472 4422 606 4489; x_wconf 89' lang='lat' dir='ltr'><em>coelum.</em></span> <span class='ocrx_word' id='word_1_694' title='bbox 651 4422 696 4487; x_wconf 86' lang='lat' dir='ltr'><em>Et</em></span> <span class='ocrx_word' id='word_1_695' title='bbox 715 4425 793 4504; x_wconf 77' lang='lat' dir='ltr'><em>quid</em></span> <span class='ocrx_word' id='word_1_696' title='bbox 807 4426 931 4507; x_wconf 67' lang='lat' dir='ltr'><em>prinam</em></span> <span class='ocrx_word' id='word_1_697' title='bbox 951 4423 1086 4488; x_wconf 88' lang='lat' dir='ltr'><em>bominis</em></span> <span class='ocrx_word' id='word_1_698' title='bbox 1137 4429 1164 4489; x_wconf 92' lang='lat' dir='ltr'><em>et</em></span> <span class='ocrx_word' id='word_1_699' title='bbox 1193 4424 1363 4505; x_wconf 80' lang='lat' dir='ltr'><em>formidine</em></span> <span class='ocrx_word' id='word_1_700' title='bbox 1390 4423 1509 4486; x_wconf 85' lang='lat' dir='ltr'><em>similis</em></span> <span class='ocrx_word' id='word_1_701' title='bbox 1533 4441 1597 4486; x_wconf 87' lang='lat' dir='ltr'><em>esse</em></span> <span class='ocrx_word' id='word_1_702' title='bbox 1617 4421 1735 4501; x_wconf 86' lang='lat' dir='ltr'><em>potuit,</em></span> <span class='ocrx_word' id='word_1_703' title='bbox 1768 4423 1802 4483; x_wconf 89' lang='lat' dir='ltr'><em>ut</em></span> <span class='ocrx_word' id='word_1_704' title='bbox 1826 4423 1929 4481; x_wconf 90' lang='lat' dir='ltr'><em>tamen</em></span> <span class='ocrx_word' id='word_1_705' title='bbox 1955 4417 2013 4480; x_wconf 85' lang='lat' dir='ltr'><em>bac</em></span> <span class='ocrx_word' id='word_1_706' title='bbox 2038 4420 2112 4479; x_wconf 88' lang='lat' dir='ltr'><em>nola</em></span> 
     </span>
     <span class='ocr_line' id='line_1_48' title="bbox 110 4501 2111 4595; baseline -0.004 -23"><span class='ocrx_word' id='word_1_707' title='bbox 110 4510 318 4574; x_wconf 86' lang='lat' dir='ltr'><em>testimonium</em></span> <span class='ocrx_word' id='word_1_708' title='bbox 336 4510 409 4588; x_wconf 89' lang='lat' dir='ltr'><em>cito,</em></span> <span class='ocrx_word' id='word_1_709' title='bbox 437 4528 533 4591; x_wconf 82' lang='lat' dir='ltr'><em>quum</em></span> <span class='ocrx_word' id='word_1_710' title='bbox 556 4510 637 4574; x_wconf 85' lang='lat' dir='ltr'><em>idem</em></span> <span class='ocrx_word' id='word_1_711' title='bbox 656 4509 1084 4595; x_wconf 83' lang='lat' dir='ltr'><em>apostolus(Hebr.2,15)</em></span> <span class='ocrx_word' id='word_1_712' title='bbox 1136 4510 1280 4591; x_wconf 79' lang='lat' dir='ltr'><em>differret.</em></span> <span class='ocrx_word' id='word_1_713' title='bbox 1327 4507 1463 4574; x_wconf 84' lang='lat' dir='ltr'><em>Convicti</em></span> <span class='ocrx_word' id='word_1_714' title='bbox 1483 4508 1525 4571; x_wconf 89' lang='lat' dir='ltr'><em>ad</em></span> <span class='ocrx_word' id='word_1_715' title='bbox 1545 4506 1636 4572; x_wconf 89' lang='lat' dir='ltr'><em>alind</em></span> <span class='ocrx_word' id='word_1_716' title='bbox 1657 4504 1781 4570; x_wconf 88' lang='lat' dir='ltr'><em>tandem</em></span> <span class='ocrx_word' id='word_1_717' title='bbox 1806 4502 1954 4568; x_wconf 77' lang='lat' dir='ltr'><em>caunum</em></span> <span class='ocrx_word' id='word_1_718' title='bbox 1976 4501 2111 4565; x_wconf 87' lang='lat' dir='ltr'><em>transsi-</em></span> 
     </span>
     <span class='ocr_line' id='line_1_49' title="bbox 110 4587 2111 4676; baseline -0.003 -19"><span class='ocrx_word' id='word_1_719' title='bbox 110 4600 244 4672; x_wconf 83' lang='lat' dir='ltr'><em>asserat,</em></span> <span class='ocrx_word' id='word_1_720' title='bbox 278 4594 358 4661; x_wconf 87' lang='lat' dir='ltr'><em>bunc</em></span> <span class='ocrx_word' id='word_1_721' title='bbox 386 4596 532 4660; x_wconf 85' lang='lat' dir='ltr'><em>uictoriae</em></span> <span class='ocrx_word' id='word_1_722' title='bbox 555 4595 692 4676; x_wconf 75' lang='lat' dir='ltr'><em>fricatum</em></span> <span class='ocrx_word' id='word_1_723' title='bbox 717 4614 970 4673; x_wconf 79' lang='lat' dir='ltr'><em>cmnncemorans,</em></span> <span class='ocrx_word' id='word_1_724' title='bbox 1004 4596 1086 4676; x_wconf 78' lang='lat' dir='ltr'><em>qnod</em></span> <span class='ocrx_word' id='word_1_725' title='bbox 1137 4597 1233 4662; x_wconf 91' lang='lat' dir='ltr'><em>liunt:</em></span> <span class='ocrx_word' id='word_1_726' title='bbox 1259 4596 1404 4675; x_wconf 78' lang='lat' dir='ltr'><em>anamais</em></span> <span class='ocrx_word' id='word_1_727' title='bbox 1429 4597 1554 4658; x_wconf 88' lang='lat' dir='ltr'><em>mertem</em></span> <span class='ocrx_word' id='word_1_728' title='bbox 1575 4593 1713 4656; x_wconf 91' lang='lat' dir='ltr'><em>timuerit</em></span> <span class='ocrx_word' id='word_1_729' title='bbox 1736 4588 1893 4666; x_wconf 78' lang='lat' dir='ltr'><em>Christus,</em></span> <span class='ocrx_word' id='word_1_730' title='bbox 1922 4587 2111 4652; x_wconf 71' lang='lat' dir='ltr'><em>mabdmtio</em></span> 
     </span>
     <span class='ocr_line' id='line_1_50' title="bbox 110 4677 2111 4762; baseline -0.003 -19"><span class='ocrx_word' id='word_1_731' title='bbox 110 4678 232 4744; x_wconf 88' lang='lat' dir='ltr'><em>liberati</em></span> <span class='ocrx_word' id='word_1_732' title='bbox 251 4681 384 4762; x_wconf 76' lang='lat' dir='ltr'><em>suemnt,</em></span> <span class='ocrx_word' id='word_1_733' title='bbox 412 4683 466 4761; x_wconf 77' lang='lat' dir='ltr'><em>pici</em></span> <span class='ocrx_word' id='word_1_734' title='bbox 491 4687 574 4745; x_wconf 88' lang='lat' dir='ltr'><em>metu</em></span> <span class='ocrx_word' id='word_1_735' title='bbox 599 4681 708 4745; x_wconf 85' lang='lat' dir='ltr'><em>mortis</em></span> <span class='ocrx_word' id='word_1_736' title='bbox 722 4701 784 4762; x_wconf 90' lang='lat' dir='ltr'><em>per</em></span> <span class='ocrx_word' id='word_1_737' title='bbox 803 4686 898 4745; x_wconf 89' lang='lat' dir='ltr'><em>totam</em></span> <span class='ocrx_word' id='word_1_738' title='bbox 918 4681 1016 4745; x_wconf 86' lang='lat' dir='ltr'><em>eitam</em></span> <span class='ocrx_word' id='word_1_739' title='bbox 1037 4679 1085 4745; x_wconf 88' lang='lat' dir='ltr'><em>ob-</em></span> <span class='ocrx_word' id='word_1_740' title='bbox 1136 4702 1206 4747; x_wconf 85' lang='lat' dir='ltr'><em>nem</em></span> <span class='ocrx_word' id='word_1_741' title='bbox 1227 4685 1254 4745; x_wconf 90' lang='lat' dir='ltr'><em>et</em></span> <span class='ocrx_word' id='word_1_742' title='bbox 1275 4682 1360 4745; x_wconf 90' lang='lat' dir='ltr'><em>iram</em></span> <span class='ocrx_word' id='word_1_743' title='bbox 1381 4679 1458 4758; x_wconf 88' lang='lat' dir='ltr'><em>Dei,</em></span> <span class='ocrx_word' id='word_1_744' title='bbox 1488 4700 1509 4743; x_wconf 91' lang='lat' dir='ltr'><em>u</em></span> <span class='ocrx_word' id='word_1_745' title='bbox 1535 4699 1599 4760; x_wconf 81' lang='lat' dir='ltr'><em>qna</em></span> <span class='ocrx_word' id='word_1_746' title='bbox 1626 4699 1659 4742; x_wconf 90' lang='lat' dir='ltr'><em>sc</em></span> <span class='ocrx_word' id='word_1_747' title='bbox 1680 4682 1781 4741; x_wconf 88' lang='lat' dir='ltr'><em>tutum</em></span> <span class='ocrx_word' id='word_1_748' title='bbox 1802 4695 1867 4740; x_wconf 89' lang='lat' dir='ltr'><em>esse</em></span> <span class='ocrx_word' id='word_1_749' title='bbox 1887 4677 2026 4751; x_wconf 86' lang='lat' dir='ltr'><em>noverat,</em></span> <span class='ocrx_word' id='word_1_750' title='bbox 2049 4693 2111 4737; x_wconf 89' lang='lat' dir='ltr'><em>non</em></span> 
     </span>
     <span class='ocr_line' id='line_1_51' title="bbox 110 4757 2111 4850; baseline -0.002 -22"><span class='ocrx_word' id='word_1_751' title='bbox 110 4767 197 4830; x_wconf 87' lang='lat' dir='ltr'><em>noxii</em></span> <span class='ocrx_word' id='word_1_752' title='bbox 215 4772 305 4831; x_wconf 87' lang='lat' dir='ltr'><em>erant</em></span> <span class='ocrx_word' id='word_1_753' title='bbox 319 4768 484 4832; x_wconf 76' lang='lat' dir='ltr'><em>seruituti?</em></span> <span class='ocrx_word' id='word_1_754' title='bbox 510 4766 639 4832; x_wconf 84' lang='lat' dir='ltr'><em>Vincere</em></span> <span class='ocrx_word' id='word_1_755' title='bbox 654 4787 725 4850; x_wconf 86' lang='lat' dir='ltr'><em>erpo</em></span> <span class='ocrx_word' id='word_1_756' title='bbox 741 4771 855 4830; x_wconf 89' lang='lat' dir='ltr'><em>metum</em></span> <span class='ocrx_word' id='word_1_757' title='bbox 870 4766 1011 4845; x_wconf 80' lang='lat' dir='ltr'><em>epartmt,</em></span> <span class='ocrx_word' id='word_1_758' title='bbox 1030 4767 1085 4848; x_wconf 79' lang='lat' dir='ltr'><em>qui</em></span> <span class='ocrx_word' id='word_1_759' title='bbox 1135 4768 1285 4832; x_wconf 88' lang='lat' dir='ltr'><em>timuisse.</em></span> <span class='ocrx_word' id='word_1_760' title='bbox 1330 4766 1391 4831; x_wconf 81' lang='lat' dir='ltr'><em>Sed</em></span> <span class='ocrx_word' id='word_1_761' title='bbox 1420 4765 1595 4846; x_wconf 84' lang='lat' dir='ltr'><em>expeudant</em></span> <span class='ocrx_word' id='word_1_762' title='bbox 1621 4765 1674 4844; x_wconf 87' lang='lat' dir='ltr'><em>pii</em></span> <span class='ocrx_word' id='word_1_763' title='bbox 1702 4764 1838 4840; x_wconf 75' lang='lat' dir='ltr'><em>bcmrcs,</em></span> <span class='ocrx_word' id='word_1_764' title='bbox 1869 4780 1965 4840; x_wconf 82' lang='lat' dir='ltr'><em>quam</em></span> <span class='ocrx_word' id='word_1_765' title='bbox 1990 4757 2111 4824; x_wconf 79' lang='lat' dir='ltr'><em>inami-</em></span> 
     </span>
     <span class='ocr_line' id='line_1_52' title="bbox 110 4845 2111 4936; baseline -0.002 -23"><span class='ocrx_word' id='word_1_766' title='bbox 110 4852 296 4917; x_wconf 87' lang='lat' dir='ltr'><em>naturaliter</em></span> <span class='ocrx_word' id='word_1_767' title='bbox 322 4858 444 4918; x_wconf 79' lang='lat' dir='ltr'><em>curatos</em></span> <span class='ocrx_word' id='word_1_768' title='bbox 470 4852 616 4917; x_wconf 88' lang='lat' dir='ltr'><em>mortales</em></span> <span class='ocrx_word' id='word_1_769' title='bbox 647 4853 775 4918; x_wconf 81' lang='lat' dir='ltr'><em>assidue</em></span> <span class='ocrx_word' id='word_1_770' title='bbox 802 4852 891 4935; x_wconf 77' lang='lat' dir='ltr'><em>unpd</em></span> <span class='ocrx_word' id='word_1_771' title='bbox 919 4871 955 4916; x_wconf 90' lang='lat' dir='ltr'><em>ac</em></span> <span class='ocrx_word' id='word_1_772' title='bbox 980 4857 1084 4936; x_wconf 82' lang='lat' dir='ltr'><em>nrpet;</em></span> <span class='ocrx_word' id='word_1_773' title='bbox 1134 4854 1229 4936; x_wconf 58' lang='lat' dir='ltr'><em>mum</em></span> <span class='ocrx_word' id='word_1_774' title='bbox 1249 4853 1302 4919; x_wconf 86' lang='lat' dir='ltr'><em>boc</em></span> <span class='ocrx_word' id='word_1_775' title='bbox 1323 4854 1367 4918; x_wconf 88' lang='lat' dir='ltr'><em>sit</em></span> <span class='ocrx_word' id='word_1_776' title='bbox 1380 4851 1508 4929; x_wconf 76' lang='lat' dir='ltr'><em>Claristo,</em></span> <span class='ocrx_word' id='word_1_777' title='bbox 1529 4850 1701 4914; x_wconf 83' lang='lat' dir='ltr'><em>niolliarem</em></span> <span class='ocrx_word' id='word_1_778' title='bbox 1719 4867 1756 4912; x_wconf 90' lang='lat' dir='ltr'><em>ac</em></span> <span class='ocrx_word' id='word_1_779' title='bbox 1777 4847 1880 4930; x_wconf 80' lang='lat' dir='ltr'><em>mapis</em></span> <span class='ocrx_word' id='word_1_780' title='bbox 1899 4845 2111 4911; x_wconf 79' lang='lat' dir='ltr'><em>mdiudosum</em></span> 
     </span>
     <span class='ocr_line' id='line_1_53' title="bbox 111 4930 2111 5023; baseline -0.003 -22"><span class='ocrx_word' id='word_1_781' title='bbox 111 4937 193 5016; x_wconf 77' lang='lat' dir='ltr'><em>qnod</em></span> <span class='ocrx_word' id='word_1_782' title='bbox 221 4936 294 5018; x_wconf 72' lang='lat' dir='ltr'><em>fieri</em></span> <span class='ocrx_word' id='word_1_783' title='bbox 326 4956 388 5004; x_wconf 87' lang='lat' dir='ltr'><em>non</em></span> <span class='ocrx_word' id='word_1_784' title='bbox 413 4940 518 5019; x_wconf 87' lang='lat' dir='ltr'><em>potuit</em></span> <span class='ocrx_word' id='word_1_785' title='bbox 544 4939 611 5004; x_wconf 87' lang='lat' dir='ltr'><em>nisi</em></span> <span class='ocrx_word' id='word_1_786' title='bbox 630 4939 812 5023; x_wconf 75' lang='lat' dir='ltr'><em>pupnando.</em></span> <span class='ocrx_word' id='word_1_787' title='bbox 858 4937 959 5003; x_wconf 88' lang='lat' dir='ltr'><em>Porro</em></span> <span class='ocrx_word' id='word_1_788' title='bbox 984 4938 1085 5019; x_wconf 76' lang='lat' dir='ltr'><em>suism</em></span> <span class='ocrx_word' id='word_1_789' title='bbox 1134 4939 1250 5021; x_wconf 72' lang='lat' dir='ltr'><em>fuisse,</em></span> <span class='ocrx_word' id='word_1_790' title='bbox 1279 4959 1374 5020; x_wconf 78' lang='lat' dir='ltr'><em>quam</em></span> <span class='ocrx_word' id='word_1_791' title='bbox 1390 4938 1553 5019; x_wconf 79' lang='lat' dir='ltr'><em>plerosque</em></span> <span class='ocrx_word' id='word_1_792' title='bbox 1572 4935 1734 5018; x_wconf 81' lang='lat' dir='ltr'><em>preparios</em></span> <span class='ocrx_word' id='word_1_793' title='bbox 1755 4932 1901 4998; x_wconf 79' lang='lat' dir='ltr'><em>homines.</em></span> <span class='ocrx_word' id='word_1_794' title='bbox 1948 4930 2111 4998; x_wconf 76' lang='lat' dir='ltr'><em>Cantenna-</em></span> 
     </span>
     <span class='ocr_line' id='line_1_54' title="bbox 1136 5017 2110 5103; baseline -0.008 -13"><span class='ocrx_word' id='word_1_795' title='bbox 1136 5026 1211 5089; x_wconf 88' lang='lat' dir='ltr'><em>citer</em></span> <span class='ocrx_word' id='word_1_796' title='bbox 1237 5025 1280 5090; x_wconf 87' lang='lat' dir='ltr'><em>ad</em></span> <span class='ocrx_word' id='word_1_797' title='bbox 1303 5029 1429 5090; x_wconf 66' lang='lat' dir='ltr'><em>mern</em></span> <span class='ocrx_word' id='word_1_798' title='bbox 1449 5025 1623 5103; x_wconf 88' lang='lat' dir='ltr'><em>properant</em></span> <span class='ocrx_word' id='word_1_799' title='bbox 1651 5021 1788 5085; x_wconf 88' lang='lat' dir='ltr'><em>latrones</em></span> <span class='ocrx_word' id='word_1_800' title='bbox 1814 5019 1934 5101; x_wconf 76' lang='lat' dir='ltr'><em>aliique</em></span> <span class='ocrx_word' id='word_1_801' title='bbox 1959 5017 2110 5100; x_wconf 57' lang='lat' dir='ltr'><em>malefici·</em></span> 
     </span>
    </p>

    <p class='ocr_par' dir='ltr' id='par_1_6' title="bbox 111 5105 2110 5282">
     <span class='ocr_line' id='line_1_55' title="bbox 210 5105 2110 5187; baseline -0.005 -9.495"><span class='ocrx_word' id='word_1_802' title='bbox 210 5114 313 5121; x_wconf 44' lang='lat' dir='ltr'><em>‘m</em></span> <span class='ocrx_word' id='word_1_803' title='bbox 1042 5110 1044 5127; x_wconf 77' lang='lat'><strong>&#39;</strong></span> <span class='ocrx_word' id='word_1_804' title='bbox 1136 5131 1204 5176; x_wconf 86' lang='lat' dir='ltr'><em>carn</em></span> <span class='ocrx_word' id='word_1_805' title='bbox 1231 5111 1323 5176; x_wconf 79' lang='lat' dir='ltr'><em>muli</em></span> <span class='ocrx_word' id='word_1_806' title='bbox 1353 5111 1416 5175; x_wconf 90' lang='lat' dir='ltr'><em>alto</em></span> <span class='ocrx_word' id='word_1_807' title='bbox 1448 5109 1552 5172; x_wconf 77' lang='lat' dir='ltr'><em>ammio</em></span> <span class='ocrx_word' id='word_1_808' title='bbox 1579 5107 1765 5186; x_wconf 84' lang='lat' dir='ltr'><em>despiciunt,</em></span> <span class='ocrx_word' id='word_1_809' title='bbox 1798 5107 1859 5172; x_wconf 88' lang='lat' dir='ltr'><em>alii</em></span> <span class='ocrx_word' id='word_1_810' title='bbox 1883 5105 2009 5187; x_wconf 87' lang='lat' dir='ltr'><em>placide</em></span> <span class='ocrx_word' id='word_1_811' title='bbox 2040 5123 2110 5169; x_wconf 91' lang='lat' dir='ltr'><em>eam</em></span> 
     </span>
     <span class='ocr_line' id='line_1_56' title="bbox 179 5191 2110 5282; baseline -0.005 -18"><span class='ocrx_word' id='word_1_812' title='bbox 179 5213 207 5282; x_wconf 92' lang='lat'><em>1)</em></span> <span class='ocrx_word' id='word_1_813' title='bbox 225 5213 281 5266; x_wconf 84' lang='lat' dir='ltr'><em>Hil.</em></span> <span class='ocrx_word' id='word_1_814' title='bbox 300 5213 334 5266; x_wconf 79' lang='lat' dir='ltr'><em>de</em></span> <span class='ocrx_word' id='word_1_815' title='bbox 351 5213 437 5271; x_wconf 76' lang='lat' dir='ltr'><em>trinit</em></span> <span class='ocrx_word' id='word_1_816' title='bbox 456 5215 473 5266; x_wconf 90' lang='lat'><em>1.</em></span> <span class='ocrx_word' id='word_1_817' title='bbox 493 5213 517 5280; x_wconf 75' lang='lat'><em>2,</em></span> <span class='ocrx_word' id='word_1_818' title='bbox 536 5211 657 5279; x_wconf 72' lang='lat' dir='ltr'><em>nteit,</em></span> <span class='ocrx_word' id='word_1_819' title='bbox 676 5212 718 5267; x_wconf 85' lang='lat'><em>15.</em></span> <span class='ocrx_word' id='word_1_820' title='bbox 1029 5242 1035 5249; x_wconf 78' lang='lat'><em>·</em></span> <span class='ocrx_word' id='word_1_821' title='bbox 1136 5197 1250 5262; x_wconf 86' lang='lat' dir='ltr'><em>obeunt</em></span> <span class='ocrx_word' id='word_1_822' title='bbox 1294 5192 1660 5275; x_wconf 68' lang='lat' dir='ltr'><em>maticonensium</em></span> <span class='ocrx_word' id='word_1_823' title='bbox 1681 5191 1746 5258; x_wconf 90' lang='lat' dir='ltr'><em>Dei</em></span> <span class='ocrx_word' id='word_1_824' title='bbox 1765 5191 1865 5273; x_wconf 72' lang='lat' dir='ltr'><em>tuisse</em></span> <span class='ocrx_word' id='word_1_825' title='bbox 1879 5192 2060 5274; x_wconf 67' lang='lat' dir='ltr'><em>perculmn</em></span> <span class='ocrx_word' id='word_1_826' title='bbox 2080 5193 2110 5254; x_wconf 90' lang='lat' dir='ltr'><em>et</em></span> 
     </span>
    </p>
   </div>
   <div class='ocr_carea' id='block_1_5' title="bbox 0 0 2340 5842">
    <p class='ocr_par' dir='ltr' id='par_1_7' title="bbox 0 0 2340 5842">
     <span class='ocr_line' id='line_1_57' title="bbox 0 0 2340 5842; baseline 0 0"><span class='ocrx_word' id='word_1_827' title='bbox 0 0 2340 5842; x_wconf 95' lang='lat' dir='ltr'><em> </em></span> 
     </span>
    </p>
   </div>
  </div>
 </body>
</html>
