4672 5842
122 317 185 380 805
484 315 574 381 LIB.
598 316 659 426 lv.
703 317 766 381 DE
788 314 1026 381 EXTERNIS
1047 315 1213 383 hOEDIIS
1235 317 1300 383 AD
1324 314 1554 383 SALUTEM.
1601 317 1700 383 CAP.
1723 319 1765 383 V.
1937 368 1940 373 -
2065 328 2130 391 806

123 505 222 567 robus
248 524 379 567 sursum
406 502 559 568 deorsum
586 505 654 569 iam
679 506 860 581 conversis,
890 505 1038 570 abbatiae
1066 512 1099 570 et
1153 515 1186 568 et
1208 506 1311 570 veluti
1338 506 1480 589 collegae
1511 507 1580 571 eius
1609 513 1719 571 essent
1741 507 1777 570 in
1803 529 1940 572 munere
1963 512 2129 591 pastorali.

122 589 286 671 prioratus
308 610 375 652 non
397 595 526 653 tantum
555 590 775 655 saecularibus
796 590 1012 674 presbyteris,
1042 591 1099 656 scd
1153 590 1342 675 Dignitates
1364 591 1439 655 illae
1462 592 1656 674 capitulares
1674 614 1754 675 quas
1777 602 1904 671 vocant,
1928 596 2012 658 nihil
2035 618 2129 678 pror-

122 676 232 757 pueris
260 695 386 755 quoque
415 676 602 759 privilegio,
631 676 738 741 idest
764 677 895 760 vulgari
923 685 955 741 et
979 677 1100 741 usitata
1125 690 1127 701 ·
1152 700 1208 742 sus
1241 685 1391 758 spectant
1423 676 1464 740 ad
1497 699 1609 742 veram
1649 679 1803 744 ecelesiae
1843 679 2128 763 gubernationem;

123 759 373 838 consuetudine,
398 763 619 827 conferuntur.
672 761 843 843 Quantum
869 761 911 827 ad
932 783 1099 828 mercena-
1152 763 1256 826 multo
1288 764 1398 826 minus
1431 763 1646 845 capellaniae,
1680 772 1713 827 et
1746 764 1872 846 reliqua
1904 766 1978 830 faex
2012 766 2128 833 talium

123 847 189 911 rios
207 846 334 922 attinet,
352 848 407 928 qui
425 848 460 912 in
479 847 564 912 diem
583 850 706 912 victum
725 858 897 930 quaerrmt,
917 848 994 931 quid
1011 850 1100 913 aliud
1124 848 1132 937 1
1152 849 1332 912 nominum.
1380 847 1454 929 Quo
1475 849 1578 932 igitur
1605 850 1674 914 loco
1698 871 1752 915 eos
1776 871 1890 916 omnes
1913 851 2127 919 habebimus?

123 934 269 997 facerent
287 953 387 1013 quarn
409 933 497 1015 quod
518 934 663 998 faciunt?
687 955 804 1017 nempe
826 945 864 998 ut
885 934 1036 999 illiberali
1062 957 1099 1001 ac
1124 966 1127 1065 q
1153 933 1252 998 Certe
1280 943 1313 997 ct
1342 936 1480 999 verbum
1510 934 1650 1010 Christi,
1679 943 1712 998 et
1738 937 1860 1002 veteris
1889 939 2043 1003 ccclesiae
2072 938 2129 1004 ob·

124 1017 275 1101 pudendo
298 1018 394 1081 modo
416 1040 487 1085 sese
509 1021 709 1102 prostituant
730 1019 771 1083 ad
793 1030 980 1102 quaestum:
1004 1041 1099 1103 prae·
1152 1021 1294 1084 servatio
1323 1042 1377 1084 eos
1404 1042 1424 1083 a
1451 1018 1648 1105 presbyterii
1676 1021 1801 1085 honore
1830 1023 1983 1086 excludit.
2029 1024 2129 1090 Pres-

124 1106 238 1169 sertim
259 1104 295 1167 in
317 1114 412 1168 tanta
433 1106 643 1170 multitudine
665 1116 788 1188 quanta
809 1128 898 1169 nunc
920 1108 1007 1171 orbis
1029 1128 1099 1172 sca-
1151 1105 1284 1188 hyteros
1313 1113 1424 1169 tamen
1453 1128 1488 1170 se
1511 1128 1581 1171 esse
1604 1107 1820 1184 contendunt;
1845 1107 1902 1171 scd
1924 1107 2129 1177 detrahenda

122 1199 177 1254 tet.
222 1190 338 1272 Itaque
367 1212 469 1272 quum
497 1193 605 1273 palam
633 1192 820 1257 mendicare
849 1214 916 1256 non
945 1193 1097 1270 audeant,
1153 1200 1203 1255 θεῖ
1221 1191 1323 1255 larva:
1348 1192 1394 1254 sic
1412 1193 1622 1274 reperiemus,
1642 1201 1744 1256 totam
1762 1214 1875 1256 eorum
1893 1195 2128 1276 professionem
2242 1240 2245 1245 -

122 1276 173 1341 vel
202 1277 265 1340 hae
292 1276 348 1340 via
375 1286 531 1358 reputent
558 1301 592 1343 se
620 1299 737 1360 parum
762 1280 979 1360 profecturos,
1009 1279 1099 1344 velut
1151 1277 1386 1342 alienissimam
1409 1299 1479 1342 esse
1502 1299 1539 1342 ac
1568 1278 1820 1343 remotissimam
1843 1279 1961 1343 abillo
1991 1302 2128 1345 munere

122 1384 217 1427 canes
235 1362 376 1426 famelici
398 1363 610 1437 circumeunt,
633 1375 667 1429 et
685 1386 743 1428 sua
764 1364 1013 1446 importunitate
1030 1386 1099 1428 non
1151 1363 1418 1447 presbyterorum
1440 1363 1526 1446 quod
1546 1371 1579 1426 ot
1601 1365 1738 1446 apostoli
1760 1363 1852 1428 nobis
1875 1364 2072 1445 describunt,
2095 1374 2129 1433 et

122 1470 215 1513 secus
243 1468 280 1511 ac
312 1449 433 1511 latratu
467 1458 665 1531 extorquent
692 1450 732 1513 ab
765 1450 878 1514 invitis
912 1450 1098 1516 hominibus
1150 1449 1187 1512 in
1204 1449 1311 1531 prima
1328 1449 1463 1514 ecclesia
1480 1450 1675 1531 requisitum
1694 1450 1765 1513 firit.
1800 1448 1926 1514 Omnes
1944 1472 2021 1534 ergo
2042 1453 2129 1520 cius·

121 1534 207 1616 quod
233 1534 270 1597 iu
299 1533 427 1598 aridum
454 1548 606 1599 ventrem
633 1537 795 1618 ingerant.
840 1536 906 1600 Hie
934 1536 962 1600 si
990 1536 1098 1601 vorbis
1151 1535 1238 1599 modi
1261 1534 1392 1599 ordines
1414 1535 1661 1617 quibuscunque
1684 1535 1789 1599 titulis
1813 1535 2045 1618 insignientur,
2068 1559 2129 1604 no-

121 1621 272 1703 persequi
300 1642 398 1684 coner
426 1630 587 1703 quantum
616 1623 659 1686 sit
687 1620 827 1686 dedecus
855 1622 1025 1700 ecclcsiae,
1060 1643 1098 1686 eo
1152 1621 1225 1684 vitii
1246 1642 1347 1704 quum
1369 1621 1445 1699 sint,
1470 1629 1558 1686 certe
1581 1641 1642 1686 nec
1664 1620 1730 1684 Dei
1751 1621 1967 1700 nstitutione,
1991 1643 2052 1688 nec
2070 1644 2129 1688 an·

122 1705 257 1771 rediisse
280 1706 439 1769 honorem
461 1722 494 1770 et
515 1729 636 1772 munus
658 1706 869 1791 presbyterii,
897 1707 1007 1772 nullus
1036 1709 1099 1771 crit
1152 1706 1242 1788 tiqua
1263 1707 1418 1773 ecclesiae
1440 1706 1667 1771 observatione
1696 1707 1837 1784 suffulti,
1867 1706 1973 1771 loomn
2000 1708 2129 1773 nullum

121 1793 206 1857 finis.
252 1792 328 1857 Non
350 1800 400 1856 est
421 1793 523 1875 igitur
544 1816 603 1858 cur
624 1816 643 1856 a
664 1814 718 1856 me
746 1800 937 1875 exspectent
959 1793 1096 1859 lectores
1151 1792 1272 1857 habere
1294 1790 1415 1857 debent
1436 1794 1473 1856 in
1501 1790 1719 1874 descriptione
1741 1792 1912 1875 regiminis
1940 1792 2128 1875 spiritualis,

121 1878 303 1942 orationem
329 1899 412 1959 quae
441 1892 510 1942 tam
536 1879 715 1962 flagitiosae
742 1878 934 1962 indignitati
961 1900 1097 1961 respon·
1151 1877 1240 1960 quod
1255 1899 1311 1943 ore
1325 1877 1463 1943 Domini
1480 1879 1583 1961 ipsius
1601 1886 1825 1944 consecratum
1843 1878 1978 1943 ccclesia
1995 1879 2127 1962 recepit

122 1964 205 2027 deat.
242 1965 395 2028 Breviter
413 1964 498 2028 dico:
519 1965 546 2029 si
564 1965 748 2049 presbyteri
766 1965 910 2030 officium
927 1975 977 2029 est
996 1965 1097 2050 (quod
1149 1965 1235 2042 Aut,
1260 1964 1285 2048 ¹)
1324 1965 1352 2029 si
1385 1964 1498 2029 rudius
1532 1984 1570 2027 ac
1603 1965 1742 2028 crassius
1776 1986 1828 2027 me
1861 1965 1951 2045 loqui
1989 1964 2127 2043 malunt,
2169 2017 2173 2022 .

122 2059 156 2113 et
184 2049 321 2114 verbum
343 2049 408 2112 Dei
437 2050 643 2132 praescribit,
673 2060 707 2114 et
733 2051 857 2116 vetusti
879 2071 1019 2116 canones
1045 2073 1097 2116 re-
1149 2049 1278 2132 quando
1307 2050 1483 2132 capellani,
1512 2050 1674 2129 canonici,
1704 2049 1835 2127 decani,
1869 2050 2062 2132 praepositi,
2091 2059 2126 2116 et

120 2136 272 2229 quirunt)
308 2136 479 2200 ecclesiam
512 2158 664 2218 pascere,
700 2149 733 2200 et
765 2136 936 2219 spirituale
969 2136 1096 2202 Christi
1149 2137 1220 2200 cius
1242 2137 1368 2200 farinae
1391 2137 1485 2201 otiosi
1502 2143 1637 2202 ventres
1655 2158 1697 2200 ne
1719 2135 1855 2199 minimo
1872 2134 2005 2217 quidem
2023 2135 2125 2220 digito

120 2242 260 2304 regnum
283 2220 527 2286 administrare:
551 2224 634 2288 tales
656 2244 770 2287 omnes
788 2223 925 2287 sacrifici
947 2223 1003 2304 qui
1021 2223 1096 2288 nul-
1148 2222 1343 2304 particulam
1364 2221 1465 2286 ullam
1483 2222 1653 2306 attingunt
1670 2222 1740 2286 eius
1758 2220 1856 2286 officii
1873 2221 1958 2303 quod
1981 2222 2016 2285 in
2033 2243 2125 2304 pres·

120 2307 189 2370 lum
218 2307 284 2370 nisi
310 2307 345 2370 in
373 2308 548 2373 erasarum
576 2307 815 2372 nundinatione
843 2330 924 2390 opus
953 2317 1010 2372 aut
1036 2309 1095 2373 sti-
1148 2308 1273 2392 byteris
1295 2309 1479 2373 necessario
1500 2308 1693 2390 requiritur,
1722 2329 1789 2371 non
1817 2315 1868 2371 est
1894 2307 2066 2372 ferendum
2087 2316 2125 2372 ut

119 2392 277 2475 pendimn
300 2392 434 2467 habent,
463 2416 531 2456 non
557 2393 653 2459 modo
680 2400 810 2458 cessant
836 2395 873 2458 in
895 2395 1014 2472 officio,
1038 2393 1096 2459 sed
1147 2394 1229 2458 salso
1259 2394 1321 2459 sibi
1347 2394 1507 2458 honorem
1534 2392 1722 2477 usurpando
1750 2400 1897 2458 sanctam
1919 2392 2044 2458 Christi
2072 2394 2124 2459 iu-

120 2479 250 2542 nullum
271 2477 358 2561 quod
380 2489 555 2544 exerceant
582 2480 768 2563 legitimum
791 2480 914 2544 habent
941 2481 1093 2545 officium
1148 2481 1353 2544 stitutionem
1375 2480 1508 2545 violent.
1632 2529 1638 2540 .

119 2566 229 2629 Locus
251 2564 339 2628 enim
361 2563 498 2630 docendi
521 2566 586 2630 illis
608 2566 721 2631 nullus
743 2565 854 2643 datur,
878 2566 1004 2631 nullam
1025 2567 1095 2649 ple·
1237 2572 1284 2629 ll.
1336 2564 1525 2648 Supersunt
1557 2564 1700 2647 episcopi
1730 2575 1763 2627 et
1795 2564 2025 2646 parochiarum
2054 2585 2125 2629 ree·

119 2650 194 2714 bem
222 2649 344 2715 habent
370 2672 467 2734 quam
495 2651 690 2735 gubernent.
734 2651 887 2734 Denique
915 2652 999 2716 nihil
1029 2653 1094 2717 illis
1148 2660 1248 2716 tores:
1272 2652 1328 2734 qui
1350 2654 1478 2716 utinam
1500 2650 1541 2715 de
1562 2649 1734 2716 retinendo
1754 2650 1858 2714 officio
1876 2650 2121 2717 contenderent.

118 2737 280 2818 reliquum
302 2750 354 2801 est
374 2746 505 2819 praetor
526 2738 629 2802 altaro
651 2739 687 2802 in
709 2760 772 2820 quo
795 2738 968 2803 Christum
995 2739 1094 2804 sacri·
1147 2735 1307 2801 Libenter
1329 2738 1418 2800 enim
1440 2737 1505 2802 illis
1528 2736 1787 2813 concederemus,
1810 2757 1865 2800 eos
1885 2735 2006 2800 habere
2031 2736 2125 2818 pium

117 2826 224 2888 ficent
263 2821 360 2903 Quod
382 2845 450 2887 non
472 2823 626 2903 estDeo,
649 2823 708 2889 sed
730 2822 910 2889 daemoniis
931 2824 1096 2904 litarent
1147 2831 1181 2887 et
1202 2823 1361 2888 eximium
1382 2846 1511 2901 munus,
1536 2821 1696 2904 siquidem
1714 2843 1751 2886 eo
1773 2820 2044 2904 defungerentur;
2067 2818 2123 2886 sed

118 2909 194 2972 alibi
217 2907 408 2974 videbimus.
1147 2932 1249 2992 quum
1271 2910 1423 2975 ecclesias
1445 2908 1505 2974 sibi
1528 2908 1717 2975 commissas
1739 2906 1917 2972 deserendo
1947 2927 2124 2991 carumque

209 2999 256 3057 10.
300 2995 376 3059 Non
398 2995 526 3079 attingo
549 2995 603 3059 hic
624 3005 783 3060 extranea
803 2996 898 3075 vitia,
928 2996 985 3062 sed
1011 2996 1095 3061 dun·
1148 3017 1261 3062 curam
1292 2997 1328 3060 in
1361 2996 1441 3061 alios
1472 2993 1649 3060 reiicieudo
1682 2993 1795 3058 haberi
1827 3002 1976 3074 pastores
1997 2993 2124 3072 volunt,

119 3089 211 3142 arsat
238 3079 432 3144 intestinum
452 3081 589 3161 malum,
611 3083 697 3164 quod
724 3083 761 3146 in
788 3083 934 3165 ipsorum
962 3083 1094 3147 instita·
1147 3079 1284 3165 perinde
1315 3082 1441 3146 faciunt
1470 3103 1507 3146 ao
1536 3081 1565 3146 si
1597 3102 1719 3145 munus
1752 3079 1890 3161 pastoris
1924 3086 2010 3143 esset
2040 3078 2126 3143 nihil

120 3165 210 3228 tione
239 3165 394 3230 radicitus
420 3167 543 3232 haeret
589 3167 718 3233 Addam
747 3189 875 3247 vocem,
905 3189 987 3251 quae
1008 3169 1095 3233 male
1147 3188 1254 3252 agere.
1292 3164 1331 3233 Si
1349 3169 1420 3250 quis
1438 3167 1632 3246 foenerator,
1651 3167 1707 3249 qui
1725 3185 1893 3246 nunquam
1910 3163 2028 3247 pedem
2044 3163 2126 3231 urbe

120 3248 249 3314 sonabit
270 3251 306 3313 in
327 3271 441 3315 eorum
463 3251 596 3318 auribus
603 3277 610 3332 ;
633 3252 691 3320 sed
713 3255 790 3337 quia
806 3275 886 3320 vera
905 3264 964 3332 est,
987 3254 1095 3319 dicere
1145 3261 1309 3332 moveret,
1338 3261 1500 3318 aratorem
1523 3273 1558 3317 se
1580 3261 1637 3316 aut
1658 3250 1834 3317 vinitorem
1862 3272 1932 3314 esse
1954 3252 2126 3333 profitere-

120 3343 262 3415 oportet:
287 3337 401 3402 eodem
421 3338 492 3405 loco
515 3338 681 3405 habendos
704 3362 774 3406 esse
797 3341 979 3420 canonicos,
1002 3340 1095 3405 deca
1147 3348 1216 3420 tur;
1245 3341 1273 3405 si
1291 3340 1394 3417 miles,
1417 3339 1475 3421 qui
1495 3337 1778 3404 assumsisset
1799 3337 1834 3400 in
1856 3337 1924 3400 acie
1942 3343 1977 3399 et
2000 3337 2123 3413 castris,

120 3442 196 3495 nos,
225 3422 424 3503 capellanos,
459 3447 536 3507 prae
581 3426 674 3505 sitos,
708 3437 742 3490 et
770 3427 954 3509 quicunque
982 3427 1095 3492 otiosis
1146 3426 1255 3491 forum
1276 3434 1333 3491 aut
1349 3424 1449 3490 libros
1468 3445 1637 3508 nunquam
1653 3423 1799 3498 vidisset,
1818 3443 1877 3505 pro
1894 3421 2125 3488 iurisconsulto

120 3506 308 3572 sacerdotiis
335 3509 476 3574 aluntur.
554 3512 628 3575 uale
654 3512 743 3576 onim
771 3513 925 3579 ecclesiae
946 3513 1095 3578 ministe-
1147 3534 1182 3576 se
1204 3511 1398 3589 venditaret,
1421 3511 1494 3594 quis
1515 3511 1617 3575 ferret
1637 3516 1704 3574 tam
1726 3506 1855 3591 putidas
1877 3508 2037 3592 ineptias?
2062 3509 2125 3573 At·

120 3593 207 3656 rium
230 3605 395 3675 praestrue
413 3598 557 3677 queunt?
591 3599 677 3662 Nam
695 3598 787 3664 verbi
807 3598 1093 3682 praedicationem,
1147 3597 1204 3679 qui
1222 3598 1388 3679 aliquanto
1405 3597 1577 3663 absurdius
1594 3596 1650 3661 isti
1667 3596 1799 3673 faciunt,
1819 3595 1875 3676 qui
1893 3593 1998 3659 videri
2009 3594 2126 3660 volunt

120 3700 235 3742 curam
257 3679 455 3761 disciplinae,
480 3691 513 3745 et
535 3695 815 3750 sacramentorum
838 3684 1094 3750 administratio-
1148 3694 1182 3747 et
1214 3683 1378 3748 nominari
1407 3683 1546 3766 legitimi
1574 3681 1729 3747 ecelesiae
1756 3687 1916 3763 pastores,
1952 3691 1984 3742 et
2013 3687 2123 3743 tamen

119 3786 206 3839 nem,
231 3773 385 3846 tanquam
408 3789 508 3831 onera
529 3770 627 3835 nimis
648 3770 787 3837 molesta
801 3771 826 3856 ¹)
855 3791 931 3835 ase
962 3770 1094 3853 depule·
1148 3790 1219 3835 esse
1246 3768 1372 3833 nolunt.
1417 3767 1547 3849 Quotus
1575 3769 1664 3832 enim
1695 3768 1830 3849 quisque
1859 3774 1910 3829 est
1939 3765 1993 3846 qui
2015 3763 2069 3825 vel
2088 3762 2123 3826 in

119 3860 207 3915 runt.
260 3849 349 3930 Quid
382 3873 460 3935 ergo
493 3854 616 3920 habent
648 3857 811 3940 reliquum
838 3878 901 3938 quo
930 3877 966 3922 se
999 3877 1094 3922 veros
1147 3856 1289 3938 speciem
1311 3855 1465 3920 ecclesiae
1488 3874 1566 3919 suae
1587 3853 1736 3935 regimen
1756 3849 1873 3914 obeat?
1906 3847 2050 3914 Plurimi
2071 3869 2124 3912 eo-

119 3936 330 4021 presbyteros
353 3958 422 4002 csse
445 3938 587 4004 iactent?
619 3942 764 4008 Cautum
785 3943 910 4009 scilicet
931 3950 964 4007 et
985 3963 1094 4007 caere-
1148 3942 1320 4007 clesiarum
1353 3940 1480 4004 reditus
1506 3947 1575 4004 tota
1606 3939 1675 4002 vita
1703 3935 1876 4011 devorant,
1911 3933 1952 3997 ad
1979 3954 2058 4016 quas
2080 3955 2124 3998 ne

119 4023 305 4087 moniarunr
328 4044 489 4105 pompam.
534 4029 581 4090 At
602 4028 758 4108 quidhoc
780 4028 933 4094 adrem?
957 4028 1094 4095 Sicon·
1146 4026 1342 4110 inspiciendi
1371 4025 1503 4108 quidem
1531 4045 1629 4089 causa
1656 4042 1803 4103 unquam
1836 4019 2003 4085 accedunt.
2055 4020 2124 4086 Alii

121 4110 342 4186 suetudinem,
371 4110 399 4173 si
426 4132 538 4188 usmn,
570 4113 598 4176 si
618 4114 708 4198 longi
734 4125 800 4180 tem
825 4116 891 4180 oris
912 4115 1093 4198 praescrip·
1147 4113 1248 4179 semel
1270 4112 1445 4195 quotannis
1470 4117 1528 4174 aut
1555 4109 1694 4173 veniunt
1714 4107 1791 4189 ipsi,
1822 4114 1881 4169 aut
1910 4127 2123 4170 oeconomum

120 4195 245 4258 tionem
267 4195 420 4278 allegrmt,
440 4217 500 4279 ego
519 4207 632 4262 contra
650 4200 776 4265 Christi
798 4138 1023 4267 definitionem
1042 4223 1094 4266 re-
1146 4201 1294 4277 mittunt,
1318 4220 1360 4262 ne
1378 4195 1456 4279 quid
1473 4198 1509 4258 in
1530 4194 1690 4259 locatione
1709 4190 1868 4273 depereat.
1907 4190 2021 4273 Quum
2044 4193 2124 4256 haec

121 4302 213 4362 gero,
243 4303 307 4363 qua
333 4292 367 4346 et
389 4303 484 4346 veros
512 4283 720 4368 presbyteros
747 4286 840 4351 nobis
862 4287 1037 4370 expressit,
1061 4298 1094 4351 et
1146 4283 1333 4367 corruptela
1354 4282 1498 4365 primum
1521 4279 1706 4362 obreperet,
1735 4278 1916 4362 privilegiis
1939 4299 1974 4342 se
2000 4278 2124 4341 exime-

120 4366 199 4446 quid
222 4368 341 4430 habore
364 4367 503 4433 debeant
524 4369 580 4450 qui
601 4370 682 4435 tales
704 4371 818 4436 haberi
837 4374 962 4438 volunt.
997 4371 1094 4453 Quod
1147 4370 1226 4435 bant
1243 4370 1299 4453 qui
1315 4369 1382 4434 frui
1398 4368 1553 4433 volebant
1570 4367 1632 4431 hoc
1653 4386 1774 4449 genere
1791 4362 2017 4446 vacationis;²)
2035 4381 2124 4426 nunc

121 4452 149 4514 si
171 4462 241 4516 tam
263 4452 379 4517 duram
400 4454 506 4537 legem
528 4456 614 4518 ferre
637 4466 816 4538 nequeunt,
843 4467 881 4523 ut
909 4481 945 4525 se
968 4457 1094 4523 Christi
1148 4479 1261 4522 rarum
1289 4454 1476 4538 exemplum
1503 4462 1553 4519 est
1579 4459 1617 4517 ut
1643 4452 1715 4534 quis
1742 4451 1778 4513 in
1800 4450 1936 4530 ecclesia
1959 4470 2018 4513 sua
2044 4449 2124 4513 resi-

121 4539 253 4619 regulae
274 4539 456 4618 subiiciant,
480 4541 649 4623 patiantur
666 4542 782 4606 saltem
800 4544 884 4608 hanc
901 4566 1030 4611 eausam
1053 4564 1096 4608 ex
1148 4543 1231 4607 deat.
1276 4541 1466 4606 Aestimant
1487 4541 1576 4605 enim
1598 4559 1665 4602 non
1688 4557 1780 4603 secus
1804 4559 1841 4601 ac
1868 4535 1977 4614 villas,
2006 4535 2124 4617 quibus

121 4624 296 4687 autoritate
323 4626 449 4707 primae
477 4627 633 4692 ecclcsiae
661 4627 774 4692 decidi.
820 4629 867 4693 At
893 4631 998 4694 nihilo
1024 4650 1095 4693 me-
1147 4628 1286 4696 vioarios
1316 4648 1391 4692 suos
1418 4634 1574 4708 tanquam
1605 4624 1731 4689 villicos
1761 4630 1818 4686 aut
1850 4621 1979 4686 colonos
2008 4621 2127 4703 praefi·

120 4708 183 4772 lior
205 4710 269 4772 erit
289 4711 436 4792 ipsorum
459 4713 609 4793 conditio,
634 4715 662 4779 si
685 4736 726 4778 ex
748 4716 888 4780 vetustis
917 4714 1094 4780 canonibus
1147 4716 1248 4780 ciunt
1282 4714 1385 4795 Atqui
1408 4714 1469 4778 hoo
1490 4714 1560 4795 ipse
1582 4731 1709 4794 quoque
1732 4716 1870 4773 neumae
1893 4728 2007 4772 sensus
2030 4727 2126 4788 repu-

121 4793 163 4857 de
186 4815 297 4859 eorrurr
320 4805 408 4861 statu
434 4799 603 4866 iudicetur.
650 4798 718 4881 Qui
740 4800 775 4863 in
804 4801 974 4867 canonicos
998 4801 1094 4885 dege-
1148 4802 1231 4878 diat,
1254 4807 1419 4883 pastorem
1441 4820 1512 4864 esse
1534 4798 1657 4882 gregis,
1680 4795 1735 4879 qui
1759 4816 1853 4858 ovem
1876 4815 1917 4856 ex
1940 4814 1978 4856 eo
2001 4791 2126 4856 nullam

120 4890 289 4958 nerarrmt,
308 4883 489 4968 presbyteri
507 4908 578 4953 esse
597 4886 786 4964 debuerant,
806 4896 844 4950 ut
861 4888 995 4951 fuerumt
1007 4887 1093 4965 olim,
1148 4908 1292 4970 unquam
1315 4885 1442 4952 viderit.

119 4966 176 5048 qui
205 4967 373 5033 ecclesiam
400 4993 476 5035 cum
503 4975 653 5057 episcopo
675 4974 711 5038 in
733 4993 906 5040 commune
932 4980 1094 5058 regerent,
1237 4977 1284 5036 12.
1315 4973 1388 5036 Iam
1405 4978 1510 5036 aetate
1522 4968 1678 5052 Gregorii
1696 4973 1833 5049 apparet
1849 4964 2008 5049 quaedam
2027 4965 2126 5030 huius

179 5144 325 5151 .---—---

190 5243 219 5311 Ῑ)
238 5245 351 5297 l¹⁰¹¹⁰⁵l⁸
369 5242 444 5296 1617·
1218 5247 1247 5309 1)
1262 5248 1300 5298 At
1312 5246 1371 5298 cdd.
1386 5261 1449 5298 rece.
1462 5244 1585 5297 rariores.
1623 5242 1652 5304 2)
1671 5239 1843 5327 Tom.15589
1862 5241 1946 5293 male:
1964 5241 2124 5293 vcccaouis.

1810 5332 1813 5337 ‘
1868 5326 1917 5380 51*
