4672 5842
166 287 249 376 1093
442 282 531 348 LIB.
554 282 615 347 IV.
659 281 722 347 DE
744 281 982 348 EXTERNIS
1004 281 1171 350 amnne
1192 282 1259 349 AD
1283 282 1514 350 SALUTEM.
1558 283 1659 351 CAP.
1681 286 1779 353 XIX.
1813 287 1893 355 XX.
2084 295 2167 355 1094

161 472 387 555 imprudenter
416 472 685 554 permisceamus,
708 493 791 554 quae
813 471 977 537 diversam
1003 493 1138 556 prorsus
1191 473 1238 537 At
1250 471 1275 557 ¹)
1298 473 1375 538 huic
1403 472 1602 538 destinatum
1626 481 1689 552 est,
1718 476 1873 558 quamdiu
1902 478 1989 542 inter
2016 479 2165 545 homines

161 560 324 623 rationem
346 558 476 623 habont.
508 557 672 634 Illienim,
695 579 796 640 quum
817 558 852 621 in
871 559 1041 641 evangelio
1063 580 1137 641 pro-
1191 573 1340 641 agemus,
1364 564 1525 623 eternam
1544 560 1609 625 Dei
1630 561 1745 624 cultram
1763 562 1865 643 fecere
1885 569 1914 628 et
1936 565 2030 642 tueri,
2053 586 2166 630 sartam

161 646 249 708 mitti
271 643 456 708 hbertatem
482 643 635 719 audiunt,
664 663 747 724 quae
775 644 903 707 nullum
925 645 1011 708 inter
1033 644 1138 708 homi·
1184 646 1317 726 pietatis
1337 646 1512 709 doctrinam
1528 651 1557 708 et
1574 646 1716 712 aetesiae
1734 653 1852 712 aetum
1868 650 2038 730 defendere,
2061 652 2166 715 vitam

160 738 221 798 nes
248 752 374 814 regem,
404 729 595 812 nullumque
623 729 853 813 magistratum
881 738 1051 813 agnoscat,
1080 729 1138 794 sed
1190 737 1337 794 nostram
1359 730 1400 794 ad
1422 730 1592 795 hominum
1613 733 1803 797 societatem
1824 755 2032 816 componere,
2055 736 2096 800 ad
2119 739 2165 802 ci·

161 819 198 882 in
215 817 387 882 Christum
408 838 510 880 uuum
531 817 707 893 intueatur,
731 814 858 878 nullum
878 815 1038 880 libertatis
1058 836 1138 880 suae
1190 816 1290 881 vilem
1321 814 1481 880 iustitiam
1513 837 1620 881 mores
1653 827 1781 884 nostros
1808 821 1963 899 formare,
1992 843 2052 885 nos
2078 824 2165 887 inter

160 904 304 968 fructum
334 921 450 984 capere
477 923 511 966 se
533 922 627 984 posse
654 909 781 982 putant,
816 901 973 981 quamdiu
995 902 1138 983 aliquam
1190 923 1250 966 nos
1273 902 1453 980 conciliare,
1476 923 1682 968 communem
1704 927 1818 987 pacem
1837 927 1874 970 ac
1891 907 2169 988 tranquillitatem.

161 1013 262 1073 supra
290 1012 324 1054 se
352 989 496 1051 eminere
522 993 716 1069 potestatem
743 986 865 1051 vident
909 988 1025 1070 Itaque
1053 987 1138 1051 nihil
1190 987 1285 1052 alere.
1323 986 1415 1068 Quae
1439 989 1548 1053 omnia
1570 1010 1773 1073 supervacua
1795 1013 1865 1056 esse
1887 993 1998 1071 fateor,
2020 994 2048 1057 si
2069 1014 2164 1078 prac-

161 1079 230 1143 fore
253 1077 380 1141 salvum
402 1074 606 1151 existimant,
627 1072 692 1137 nisi
713 1080 802 1137 totus
823 1073 859 1136 in
878 1094 998 1138 novam
1021 1074 1138 1138 faciem
1190 1080 1316 1139 sentem
1344 1075 1446 1139 vitam
1473 1074 1654 1157 exstinguit
1682 1097 1822 1160 regnum
1851 1079 1929 1156 Dei,
1952 1079 2048 1161 quale
2074 1101 2165 1146 nunc
2212 1150 2217 1159 ,

162 1165 251 1230 orbis
278 1164 486 1225 reformetur:
521 1160 577 1223 ubi
603 1181 663 1223 neo
691 1157 812 1223 iudicia
840 1160 921 1236 sint,
950 1178 1012 1223 nee
1037 1160 1136 1242 leges,
1189 1159 1278 1224 intra
1304 1180 1364 1223 nos
1387 1166 1444 1224 est.
1490 1158 1552 1223 Sin
1574 1161 1621 1223 ita
1642 1168 1692 1226 θεῖ
1717 1163 1869 1227 voluntas
1891 1166 1969 1241 Dei,
1996 1185 2056 1230 nos
2084 1165 2163 1230 dum

161 1270 223 1317 neo
244 1249 472 1332 magistratus,
494 1253 528 1309 ct
549 1245 673 1326 siquid
702 1245 809 1308 simile
831 1243 987 1326 estquod
1009 1246 1137 1309 officere
1190 1243 1232 1307 ad
1265 1265 1376 1309 veram
1408 1246 1548 1327 patriam
1592 1248 1789 1329 aspiramus,
1819 1254 2032 1333 ,percgrrnari
2065 1272 2185 1334 super,

163 1357 241 1402 suae
270 1332 414 1398 libertati
435 1332 618 1413 opinantur.
663 1332 710 1396 At
730 1351 809 1395 vere
831 1331 889 1413 qui
910 1332 1000 1394 inter
1020 1352 1137 1413 corpus
1189 1337 1325 1408 terram,
1349 1332 1420 1396 eius
1442 1353 1519 1396 vero
1541 1334 1813 1415 peregrinationis
1844 1357 1924 1400 usus
1945 1336 2065 1401 talibus
2087 1337 2164 1402 sub-

163 1432 196 1489 et
213 1421 366 1497 animam,
389 1417 476 1481 inter
496 1429 702 1500 praesentem
723 1417 809 1480 hano
829 1417 1017 1499 fluxamque
1034 1417 1137 1481 vitam
1189 1416 1282 1482 sidiis
1302 1416 1441 1501 indiget:
1465 1418 1520 1500 qui
1537 1418 1609 1500 ipsa
1627 1417 1668 1482 ab
1690 1419 1823 1484 homine
1845 1421 1976 1500 tollunt,
1999 1442 2094 1486 suam
2115 1422 2165 1488 illi

163 1515 196 1574 et
222 1508 368 1571 futuram
399 1503 491 1567 illam
518 1512 749 1583 aeternamque
781 1501 966 1567 discernere
999 1503 1136 1580 noverit,
1189 1503 1333 1584 eripiunt
1353 1503 1599 1570 humanitatem.
1644 1505 1732 1569 Nam
1752 1506 1838 1588 quod
1860 1514 1988 1570 tantam
2008 1508 2044 1570 in
2062 1508 2165 1574 eccla·

162 1615 269 1676 neque
291 1589 422 1656 difficile
444 1589 622 1672 intelliget,
646 1588 816 1671 spirituale
844 1587 970 1652 Christi
997 1610 1137 1671 regnum
1189 1589 1239 1652 sia
1260 1588 1323 1652 Dei
1346 1591 1577 1671 perfectionem
1599 1589 1717 1655 debere
1739 1613 1809 1655 esse
1831 1600 2015 1670 causantur,
2034 1594 2087 1658 oui
2104 1615 2164 1658 aua

162 1689 197 1745 et
218 1677 347 1744 civilem
375 1675 614 1740 ordinationem
635 1695 687 1738 res
710 1695 781 1738 θεεθ
808 1675 988 1757 plurimum
1016 1675 1137 1756 seposi-
1189 1694 1248 1756 pro
1270 1674 1343 1758 lege
1363 1675 1542 1740 moderatio
1571 1677 1730 1754 satiant,
1753 1699 1826 1742 eam
1848 1677 1963 1742 stolide
1990 1679 2054 1763 ipsi
2080 1679 2163 1743 ima-

163 1773 222 1830 tas.
273 1762 385 1844 Quum
418 1782 496 1847 ergo
522 1759 651 1824 iudaiea
677 1759 735 1823 illa
762 1761 805 1824 sit
832 1762 975 1837 vanitas,
1010 1759 1137 1824 Christi
1190 1761 1361 1843 ginantur,
1391 1782 1473 1844 quae
1499 1761 1535 1825 in
1563 1762 1735 1826 hominnm
1767 1765 2001 1828 communitate
2027 1766 2164 1847 reperiri

162 1871 304 1935 regnum
325 1849 384 1914 sub
407 1847 578 1912 elementis
596 1846 696 1910 huius
717 1843 832 1910 mundi
854 1866 1009 1929 quaerere
1031 1865 1069 1908 ac
1086 1847 1137 1909 in·
1189 1867 1359 1928 nunquam
1379 1848 1490 1930 possit.
1526 1845 1640 1927 Quum
1658 1849 1746 1912 enim
1768 1857 1861 1914 tanta
1879 1850 1922 1914 sit
1938 1850 2164 1932 improborum

161 1936 308 2014 cludere,
332 1956 391 1998 nos
409 1934 515 2016 magis
538 1931 623 2015 quod
644 1933 813 2015 perspicue
847 1933 1008 2014 scriptura
1034 1930 1136 2009 docet,
1188 1932 1375 2011 insolentia,
1403 1933 1551 2015 nequitia
1573 1940 1642 1997 tam
1670 1942 1861 2012 contumax,
1884 1956 1968 2018 quae
1990 1936 2094 2000 multa
2115 1936 2163 2000 le·

163 2023 368 2107 spiritualem
390 2041 461 2084 esse
483 2021 625 2083 fructum
647 2018 845 2101 cogitantes,
868 2019 988 2100 quiex
1011 2015 1138 2082 Christi
1189 2039 1269 2101 gum
1301 2018 1476 2082 severitate
1509 2020 1649 2083 coerceri
1678 2021 1735 2083 vix
1762 2022 1879 2103 possit,
1913 2021 1992 2102 quid
2019 2023 2163 2087 facturos

118 2188 119 2192 Ἰ
162 2108 321 2176 beneficio
341 2106 521 2189 colligitur,
543 2111 646 2168 totam
670 2103 757 2168 hano
776 2103 977 2181 hbertatem,
1000 2124 1084 2185 quac
1101 2103 1137 2167 in
1190 2112 1416 2185 exspectamus
1439 2104 1467 2169 si
1489 2114 1601 2186 patere
1623 2126 1701 2170 suae
1721 2106 1922 2188 improbitati
1948 2106 2082 2172 videant
2100 2108 2163 2172 im-

161 2197 232 2279 ipso
254 2194 348 2258 nobis
369 2192 571 2275 promittitur
593 2197 690 2271 atquc
713 2190 862 2266 offertur,
891 2189 1137 2255 meminerimus
1189 2189 1339 2272 punitam
1368 2189 1557 2255 licentiam?
1579 2191 1650 2273 qui,
1670 2212 1712 2254 ne
1734 2193 1820 2257 male
1842 2193 1978 2271 faciant,
2001 2215 2107 2276 neque
2128 2193 2164 2257 ri

160 2283 252 2346 intra
272 2301 347 2345 suos
368 2280 451 2344 finos
472 2277 647 2341 continere.
679 2275 766 2338 Nam
789 2275 866 2358 quid
891 2282 942 2339 est
965 2274 1049 2358 quod
1068 2276 1137 2357 ipse
1188 2275 1268 2339 satis
1289 2283 1458 2359 coguntur.

160 2367 251 2434 idem
271 2364 444 2449 apostolus,
467 2364 524 2446 qui
544 2362 636 2426 iubet
652 2367 690 2425 ut
706 2368 830 2427 stemus
846 2380 906 2426 nec
927 2361 1138 2425 subiiciamur
1276 2365 1304 2425 3.
1350 2360 1418 2426 Sed
1440 2360 1480 2427 de
1501 2361 1632 2444 politiae
1660 2365 1812 2427 uenerit
1839 2363 1922 2429 alius
1950 2365 2164 2447 opportunior

161 2456 239 2537 iugo
260 2451 428 2516 servitutis
450 2448 541 2533 (Cal
562 2454 589 2527 t,
612 2447 654 2531 1),
677 2447 756 2512 alibi
787 2447 942 2512 sollicitos
969 2467 1040 2512 csse
1068 2468 1136 2510 ser·
1189 2446 1317 2512 dicendi
1338 2447 1435 2512 locus.
1469 2447 1566 2513 Nunc
1583 2447 1670 2513 istud
1688 2455 1818 2513 tantum
1835 2449 1975 2534 intelligi
1998 2451 2162 2516 volumus:

161 2561 222 2605 ros
245 2538 284 2603 de
307 2544 393 2601 statu
416 2557 475 2600 suo
494 2541 585 2599 vetat
606 2533 639 2616 (l
660 2532 734 2598 Cor.
755 2538 783 2610 7,
804 2532 870 2617 21),
892 2532 955 2597 nisi
972 2533 1049 2615 quia
1070 2533 1136 2615 spi·
1190 2530 1230 2597 de
1248 2555 1287 2597 ea
1308 2533 1558 2598 exterminanda
1579 2534 1731 2618 cogitare,
1753 2535 1931 2600 immanem
1955 2559 2026 2602 esse
2047 2536 2164 2602 barba

162 2625 292 2691 ritualia
313 2622 447 2687 libertae
469 2642 543 2687 oum
565 2619 700 2702 politica
726 2620 884 2683 servitute
906 2620 1026 2700 optime
1050 2625 1136 2683 stare
1188 2620 1287 2703 riem;
1313 2619 1407 2684 ouius
1434 2640 1514 2684 usus
1541 2641 1608 2684 non
1633 2621 1742 2684 minor
1767 2622 1854 2685 inter
1882 2621 2032 2686 homines
2065 2642 2164 2703 quam

161 2709 291 2810 potest?
341 2709 383 2773 In
412 2729 510 2790 quom
538 2706 639 2770 etiam
667 2727 798 2770 sonsum
825 2703 1032 2787 accipiendae
1059 2715 1139 2769 sunt
1189 2704 1298 2787 panis,
1322 2724 1442 2787 aquae,
1465 2704 1543 2770 solis
1565 2713 1599 2770 et
1620 2707 1720 2785 aeris;
1741 2706 1884 2790 dignitas
1906 2707 2037 2789 quidem
2059 2708 2164 2773 multo

162 2807 245 2862 ratae
263 2796 335 2860 eins
357 2794 552 2859 sententiae:
576 2794 611 2856 in
629 2811 730 2874 regno
747 2791 812 2855 Dei
833 2813 900 2855 non
918 2798 968 2855 est
985 2790 1136 2870 Iudaeus,
1190 2790 1289 2855 etiam
1320 2792 1545 2873 praestantior.
1594 2791 1670 2856 Non
1698 2793 1786 2856 enim
1816 2792 1913 2877 (quae
1940 2793 2071 2858 illorum
2094 2814 2164 2857 om-

162 2905 268 2967 neque
282 2882 439 2956 Graecus,
462 2901 529 2943 non
551 2877 716 2943 masculus
733 2885 791 2941 aut
807 2877 959 2952 foemina,
981 2898 1047 2940 non
1069 2897 1138 2940 scr-
1189 2878 1283 2940 nium
1304 2876 1515 2942 commoditas
1538 2875 1602 2961 est)
1625 2878 1690 2941 huc
1710 2885 1835 2961 spectat
1857 2878 2019 2944 duntaxat
2039 2886 2077 2942 ut
2098 2880 2165 2961 spi·

161 2992 225 3035 rus
246 2975 304 3034 aut
325 2967 409 3031 liber
428 2965 518 3050 (Gal.
539 2967 574 3041 3,
594 2967 660 3047 28).
704 2964 806 3028 Item:
835 2983 902 3026 non
925 2969 975 3026 est
995 2962 1138 3027 Iudaeus
1190 2970 1265 3026 rent
1287 2962 1452 3041 homines,
1474 2962 1586 3041 edant,
1609 2964 1736 3041 bibant,
1765 2965 1937 3029 foveantur
1961 2964 2166 3048 (quanquam

162 3079 222 3121 neo
256 3055 419 3127 Graecus,
452 3052 672 3133 praeputium,
712 3049 926 3126 circumcisio,
969 3048 1136 3126 barbarus,
1190 3048 1272 3113 haec
1294 3056 1381 3113 certe
1403 3049 1513 3112 omnia
1534 3049 1768 3132 complectitur,
1791 3049 1870 3114 dnm
1891 3051 1991 3115 efficit
2011 3057 2049 3114 ut
2066 3051 2165 3115 simul

163 3140 306 3224 Scytha,
329 3159 460 3213 servus,
482 3136 579 3215 liber;
601 3136 658 3201 sed
680 3136 790 3200 omnia
809 3136 846 3198 in
868 3133 1017 3198 omnibus
1039 3133 1138 3198 Chri·
1190 3133 1330 3215 vivant),
1349 3156 1415 3198 non
1432 3141 1552 3213 tamen,
1576 3135 1718 3217 inquam,
1738 3135 1802 3200 huc
1820 3143 1947 3218 spectat
1964 3136 2083 3201 solum:
2107 3136 2165 3202 sed

162 3235 233 3291 stus
261 3224 346 3309 (Col.
368 3227 396 3301 3,
419 3223 481 3307 ll).
527 3220 656 3302 Quibus
690 3222 868 3305 significat,
904 3220 988 3285 nihil
1015 3220 1137 3284 referre
1190 3241 1233 3283 ne
1259 3218 1456 3297 idololatria,
1479 3241 1522 3284 ne
1543 3221 1579 3285 in
1600 3221 1666 3285 Dei
1687 3243 1806 3286 nomen
1835 3222 2020 3305 sacrilegia,
2043 3244 2086 3287 ne
2108 3222 2165 3287 ad·

164 3331 228 3393 qua
245 3312 290 3375 sis
312 3309 398 3393 apud
421 3308 572 3373 homines
594 3308 792 3384 conditione,
811 3307 904 3372 cuius
926 3306 1035 3390 gentis
1056 3305 1137 3389 legi·
1190 3327 1305 3371 versus
1326 3307 1397 3371 eius
1419 3307 1590 3371 veritatem
1623 3307 1844 3390 blasphemiae
1866 3309 2014 3391 aliaeque
2036 3308 2166 3392 religio-

162 3395 225 3460 bus
246 3397 353 3473 vivas,
382 3394 511 3478 quaudo
528 3394 562 3457 in
586 3396 682 3460 rebus
709 3394 781 3458 istis
803 3394 939 3457 minime
968 3393 1068 3457 situm
1088 3398 1139 3456 est
1190 3392 1243 3455 nis
1274 3391 1470 3456 offensiones
1506 3392 1635 3474 pubhce
1673 3401 1845 3477 emergant
1876 3414 1913 3459 aa
1940 3393 1976 3458 in
2008 3394 2166 3477 populum

163 3481 290 3547 Christi
310 3502 458 3564 regnum.
898 3514 901 3519 ·
1190 3483 1402 3560 spargantur3
1425 3499 1467 3542 ne
1486 3477 1618 3561 publica
1644 3479 1736 3560 quies
1764 3481 1989 3562 perturbetur;
2009 3490 2048 3543 ut
2068 3501 2166 3545 suum

250 3571 279 3632 2.
323 3568 439 3649 Neque
456 3575 568 3631 tamen
585 3587 623 3630 eo
639 3567 702 3629 ista
725 3565 888 3630 distinctio
904 3566 1055 3646 pertinet,
1073 3585 1138 3645 quo
1190 3564 1306 3646 amque
1333 3563 1460 3629 salvum
1490 3564 1534 3628 sit
1553 3571 1587 3630 et
1607 3564 1782 3644 ineolume3
1800 3573 1838 3630 ut
1858 3566 1995 3631 innoxia
2022 3568 2109 3630 inter
2130 3585 2166 3630 se

162 3661 264 3718 totam
293 3654 424 3736 politiae
456 3652 617 3717 rationem
635 3673 706 3715 rem
727 3673 798 3716 esse
819 3650 980 3733 pollutam
1007 3659 1138 3732 repute-
1191 3649 1385 3714 commercia
1417 3649 1565 3715 homines
1592 3652 1732 3733 agitent3
1754 3657 1789 3715 ut
1809 3650 1952 3717 traaas
1973 3657 2001 3714 et
2017 3652 2167 3716 modetia

162 3762 245 3818 mus,
265 3739 306 3805 ad
324 3739 473 3803 homines
495 3737 691 3802 christianos
713 3738 798 3802 nihil
815 3736 1045 3819 pertinentem.
1080 3734 1137 3802 Sic
1189 3736 1272 3800 ader
1292 3736 1379 3817 ipsos
1398 3737 1527 3802 coletur.
1570 3732 1771 3820 Denique,²)
1789 3745 1827 3801 ut
1847 3738 1933 3801 inter
1959 3735 2166 3800 Christianos

163 3826 294 3909 quidem
320 3824 453 3888 fanatici
477 3844 554 3905 quoa
574 3824 703 3888 ddeetat
723 3823 872 3905 effraenis
894 3821 1032 3900 lieentia,
1060 3823 1138 3887 voca
1188 3820 1320 3903 publica
1339 3821 1506 3905 religionis
1526 3822 1626 3888 facies
1648 3823 1793 3900 exsistat,
1811 3823 1900 3885 inter
1922 3820 2071 3885 homines
2089 3840 2165 3884 oon-

161 3913 306 3996 feraatar
336 3930 373 3974 ae
404 3909 540 3974 iactant:
578 3918 751 3991 postquam
781 3909 902 3973 mortui
935 3928 1048 3973 sumus
1078 3929 1139 3990 per
1190 3915 1255 3971 stet
1272 3907 1471 3973 hnmanitas.
1505 3908 1574 3972 Nec
1592 3927 1790 3988 quemquam
1811 3911 1950 3979 moveat,
1973 3904 2059 3986 quod
2076 3912 2165 3970 recte

164 3998 337 4064 Christum
370 3995 540 4060 elementis
572 3995 670 4060 huius
702 3994 832 4072 mundi,
863 4000 897 4057 et
923 3993 1074 4058 translati
1101 3995 1137 4058 in
1190 3993 1436 4058 consutuendae
1467 3992 1636 4076 religionis
1672 4012 1784 4057 curam
1813 3989 1855 4054 ad
1885 3989 2057 4055 hominum
2083 3991 2165 4074 poli·

164 4087 303 4168 regnum
323 4081 390 4145 Dei
412 4081 562 4145 sedemus
583 4081 671 4144 inter
693 4081 855 4158 coelestes,
878 4079 1053 4163 indignum
1075 4081 1138 4144 hoc
1191 4080 1270 4143 tiam
1298 4101 1387 4145 nunc
1414 4079 1533 4154 refero,
1562 4098 1660 4160 quam
1682 4083 1778 4141 extra
1800 4075 1971 4140 hominum
1993 4076 2166 4142 arbitrium

164 4169 257 4234 nobis
279 4189 358 4246 esse,
382 4188 419 4231 ac
440 4167 526 4230 infra
542 4174 690 4230 nostram
707 4167 935 4232 excellentiam
958 4166 1057 4250 longe
1078 4187 1137 4248 po·
1189 4166 1336 4248 posuisse
1365 4185 1465 4245 supra
1491 4161 1613 4226 videor.
1659 4161 1830 4245 Siquidem
1857 4161 2038 4227 nihilnhie
2059 4163 2165 4246 magis

165 4255 272 4335 situm,
295 4253 439 4338 profanis
460 4253 532 4317 istis
554 4273 591 4316 ao
612 4253 753 4335 impuris
773 4253 860 4317 curis
882 4253 1032 4335 occupari
1054 4273 1137 4334 quae
1189 4272 1288 4334 quam
1315 4256 1413 4313 antea
1439 4248 1527 4330 leges
1549 4247 1590 4312 de
1611 4248 1768 4331 religione
1790 4269 1828 4312 ac
1848 4245 1914 4312 Dei
1941 4248 2031 4314 cultu
2060 4249 2165 4313 homi·

165 4342 251 4407 circa
272 4341 379 4405 aliena
400 4360 420 4402 a
441 4337 622 4404 christiano
644 4337 775 4402 homine
797 4341 931 4421 negotia
951 4346 1135 4403 versantur.
1189 4337 1285 4401 nibus
1311 4355 1369 4398 suo
1399 4334 1533 4399 arbitrio
1559 4335 1646 4399 ferre
1674 4334 1840 4416 permitto,
1869 4355 1971 4416 quum
1999 4333 2166 4416 politicam

166 4425 349 4506 Quorsum,
372 4425 541 4508 inquiunt,
568 4424 658 4506 leges
677 4424 747 4486 sine
768 4423 896 4487 iudiciis
914 4430 947 4488 et
963 4422 1137 4487 tribunali·
1190 4419 1428 4484 ordinationem
1449 4419 1560 4503 probo,
1583 4421 1724 4503 quaein
1747 4420 1808 4485 hoc
1829 4420 2004 4499 incumbit,
2023 4441 2066 4484 ne
2086 4441 2167 4485 vera

166 4512 248 4577 bus‘l
294 4511 383 4593 Quid
413 4518 521 4574 autem
550 4530 625 4575 cum
652 4507 780 4573 iudiciis
802 4509 881 4590 ipsis
903 4509 1029 4572 homini
1050 4508 1137 4572 chri-
1190 4505 1313 4589 religio,
1337 4527 1420 4588 quae
1438 4506 1502 4570 Dei
1519 4506 1592 4591 lege
1612 4507 1808 4583 continetur,
1830 4506 1940 4588 palam
1961 4506 2165 4588 publicisque

166 4597 294 4680 suano?
338 4598 410 4660 Imo
434 4597 462 4661 si
483 4595 627 4660 occidere
650 4616 717 4657 non
739 4594 823 4671 lieet,
847 4615 911 4675 quo
934 4595 1027 4659 nobis
1048 4594 1137 4676 leges
1190 4591 1369 4675 sacrilegiis
1390 4592 1524 4675 impune
1547 4593 1685 4658 violetur
1703 4613 1740 4658 ac
1758 4599 2000 4675 conspurcatur.
2038 4593 2166 4656 Vemm

166 4690 202 4748 et
223 4681 361 4746 iudicia?
407 4683 533 4746 Vemm
561 4686 600 4745 ut
626 4679 816 4744 distinctum
848 4680 936 4744 istud
967 4681 1137 4763 regiminis
1189 4679 1261 4761 ipsa
1277 4677 1400 4742 ordinis
1417 4680 1645 4760 perspicuitate
1664 4679 1766 4744 adiuti
1784 4678 1931 4755 lectores,
1951 4678 2068 4744 melius
2086 4676 2166 4759 quid

165 4790 270 4854 genus
291 4790 311 4832 a
331 4769 492 4850 spirituali
514 4767 569 4832 illo
592 4774 625 4830 et
646 4767 777 4830 interno
808 4763 934 4829 Christi
955 4787 1056 4848 regno
1076 4788 1137 4829 nn·
1190 4764 1231 4829 de
1250 4773 1318 4829 tcto
1336 4785 1455 4848 genere
1476 4765 1626 4847 politicae
1644 4764 1935 4830 administrationis
1957 4762 2165 4829 sentiendum

164 4875 226 4940 per
247 4856 443 4920 monuimus:
467 4856 515 4919 ita
536 4875 598 4918 nec
618 4851 794 4935 quidquam
811 4870 959 4934 pugnare
969 4851 1138 4916 sciendum
2156 4876 2167 4899 =·

164 4950 225 5007 est
269 4941 357 5005 Nam
378 4939 459 5004 illud
480 4940 610 5021 quidem
630 4938 724 5002 initia
745 4937 893 5002 coelestis
920 4938 1013 5020 regni
1037 4959 1137 5019 quae·
1192 4949 1394 4957 —‘

165 5027 243 5107 (1111
264 5027 331 5091 iam
351 5047 439 5123 ¹¹.¹¹¹¹⁰
459 5047 556 5124 ⁸¹lP⁰²
576 5033 699 5124 terram
719 5024 755 5121 11
776 5023 870 5088 110111
888 5023 1041 5123 inchoa,
1053 5031 1086 5088 et
1102 5025 1138 5087 111
1261 5074 1290 5139 1)
1314 5071 1457 5127 Aa1oor
1491 5071 1566 5125 1111.
1589 5071 1659 5125 1154
1684 5070 1750 5125 aaa
1769 5077 1794 5124 a
1816 5070 1889 5125 naz.
1906 5071 2041 5138 posterior
2134 5070 2165 5140 a)

168 5115 232 5180 huo
247 5110 380 5177 1110111111
408 5111 713 5194 6111111111116711111
739 5109 1139 5174 111111101111111111111111001·
1193 5142 1230 5194 111
1254 5143 1371 5196 edium
1393 5113 1518 5209 priaer'pe
1542 5141 1637 5194 citime
1659 5113 1717 5195 beri
1735 5147 1790 5193 tam
1814 5147 1867 5193 eat:
1896 5140 2024 5207 deinque,
2040 5111 2091 5195 ἰω
2113 5157 2167 5212 quo

169 5197 363 5284 reptibilem
399 5195 633 5263 beatitudinem
670 5194 908 5279 quodammodo
941 5196 1137 5279 auspicatur.
1191 5212 1401 5270 mandanda
1419 5209 1486 5264 1561
1504 5210 1578 5280 qaod
1593 5160 1916 5279 smamlwa-ltte„

1907 5293 1962 5347 69*
