4672 5842
169 330 232 394 999
508 326 599 393 LIB.
622 326 682 392 IV.
727 328 791 392 DE
813 327 1049 394 axraaals
1072 320 1326 395 66611661)
1349 325 1579 394 SALUTEM.
1623 327 1725 392 CAP.
1743 326 1825 392 XII.
2107 331 2170 393 9111

169 514 278 580 benda
299 523 349 580 est
370 522 463 579 tanta
484 516 650 593 severitas,
674 514 730 580 661
753 516 874 581 sufficit
895 515 1070 580 verborum
1093 535 1146 580 ca·
1198 516 1331 594 sionem,
1354 537 1452 599 quam
1474 514 1827 592 16616661161Ρ66166,
1850 519 1879 579 si
1900 536 1967 578 non
1985 515 2170 581 661166616-

170 603 316 684 stig-atio,
344 621 446 683 eaque
475 601 614 666 1661661
642 609 795 684 paterna,
817 622 900 683 quae
922 623 988 666 non
1011 623 1146 684 exaspe·
1199 622 1250 666 res
1272 622 1419 667 seorsum
1440 601 1474 665 id
1496 603 1632 679 faciant,
1661 600 1720 665 sed
1748 601 1877 666 conscia
1908 609 1943 665 ct
1970 602 2170 684 approbante

169 695 222 751 ret
238 695 441 769 peecatorem
460 708 521 752 nec
541 687 729 766 confundat,
753 687 810 753 sed
828 687 964 753 reducat
984 687 1026 750 ad
1044 709 1079 751 se
1097 689 1146 770 ip·
1198 688 1345 752 ecclesia:
1368 689 1405 753 in
1427 710 1502 752 eum
1521 688 1645 752 scilieet
1667 686 1800 751 modum
1818 694 1856 750 ut
1872 685 1976 769 plebis
1994 687 2170 752 multitudo

170 795 253 850 sum,
274 784 311 835 ut
327 774 433 855 magis
448 771 589 856 gaudeat
607 794 643 838 66
660 782 853 849 6611661616,
872 794 971 855 66616
987 773 1144 838 111616161.
1198 794 1265 836 666
1287 781 1381 857 regat
1403 775 1571 852 actionem,
1594 772 1651 838 sed
1669 773 1820 838 observet
1835 781 1875 836 ut
1891 773 1985 837 166116
2003 781 2036 837 61
2052 782 2169 854 666166,

168 859 317 941 Flagitia
345 866 456 922 autem
484 859 609 923 acriore
635 859 780 923 remedio
809 859 962 943 castigari
984 861 1144 924 convenit.
1198 880 1241 922 ne
1262 859 1340 941 quid
1363 881 1421 942 per
1441 860 1611 924 libidinem
1633 880 1653 922 6
1674 859 1786 942 666616
1808 864 1950 940 geratur.
1992 859 2075 922 Tota
2092 880 2171 925 vere

169 945 285 1026 Neque
308 946 397 1008 enim
419 945 499 1009 satis
526 956 576 1009 est
598 946 626 1008 si
652 946 758 1027 isqui
785 945 871 1009 edito
899 945 978 1008 mali
1004 945 1147 1027 exempli
1199 946 1334 1010 aetionis
1362 947 1477 1024 series,
1511 954 1641 1028 praeter
1667 946 1809 1009 nominis
1830 945 1896 1009 Dei
1922 945 2169 1024 invocationem,

170 1031 329 1106 16616616,
364 1032 510 1113 graviter
541 1031 709 1096 ecclesiam
736 1032 844 1108 laesit,
878 1031 988 1096 verbis
1015 1039 1145 1094 tantum
1198 1051 1271 1094 eam
1292 1031 1487 1114 6161116166
1510 1031 1630 1096 habere
1652 1030 1749 1095 debet
1769 1051 1854 1111 qnae
1876 1029 1999 1095 Christi
2017 1051 2170 1114 praesen·

170 1116 367 1198 castigetur,
399 1114 456 1180 661
478 1117 602 1197 6111611
632 1116 673 1180 ad
699 1127 830 1199 tempus
853 1137 973 1181 coenae
1001 1137 1145 1180 eommu-
1198 1118 1278 1180 tiam
1310 1121 1389 1198 6166
1421 1137 1456 1182 66
1484 1118 1581 1196 16161,
1618 1125 1655 1180 61
1682 1115 1818 1180 dubium
1846 1137 1912 1180 non
1939 1117 1982 1181 sit
2003 1117 2083 1198 quin
2101 1118 2171 1199 ipse

168 1203 268 1265 61666
291 1200 395 1279 debet,
419 1201 521 1266 16666
543 1202 785 1283 16616166661166
802 1223 881 1267 61166
903 1200 1002 1265 tidem
1023 1202 1145 1266 1666111.
1199 1224 1257 1266 666
1278 1200 1396 1267 iudicio
1416 1202 1609 1286 praesideat.

168 1288 284 1369 Neque
307 1289 396 1351 enim
418 1287 544 1352 Paulus
564 1290 599 1351 in
621 1288 832 1352 Corinthium
854 1289 1029 1353 verborum
1050 1287 1146 1351 modo
1170 1284 1173 1379 1
1285 1293 1313 1351 8.
1358 1288 1431 1352 Η66
1453 1296 1563 1352 tamen
1583 1287 1754 1371 praeteriri
1777 1308 1842 1350 nou
1865 1285 1975 1366 debet,
1997 1287 2170 1354 16161666-

168 1374 394 1456 obiurgatione
417 1374 530 1450 utitur,
555 1374 612 1438 sed
635 1372 675 1437 ab
698 1375 834 1438 66616616
856 1373 1012 1451 611161661,
1035 1394 1146 1456 repre-
1200 1374 1371 1437 veritatem
1393 1374 1508 1440 decere
1538 1374 1707 1439 ecclesiam
1727 1394 1809 1454 quae
1834 1393 1908 1438 cum
1937 1374 2055 1456 spiritu
2076 1396 2170 1438 man·

168 1458 348 1539 henditque
377 1457 570 1523 Corinthios
597 1460 684 1541 quod
719 1458 845 1522 tamdiu
879 1481 957 1523 eum
984 1458 1144 1523 tulissent.
1199 1459 1382 1524 suetudinis
1410 1461 1583 1524 coniuncta
1612 1460 1663 1522 sit.
1715 1456 1854 1540 Semper
1882 1459 1969 1522 enim
1996 1458 2171 1542 diligenter

168 1544 269 1609 Hanc
308 1545 472 1609 rationem
503 1548 613 1609 tenuit
651 1553 745 1610 vetus
778 1566 815 1610 66
853 1546 969 1609 melior
1001 1545 1145 1621 ecelesia,
1200 1544 1381 1608 cavendum
1422 1554 1485 1624 661,
1531 1543 1805 1628 quemadmodum
1849 1545 2008 1627 praecipit
2045 1545 2171 1610 Paulus
2205 1582 2211 1601 .-

168 1651 273 1711 quum
304 1631 432 1713 vigeret
464 1631 611 1713 legitima
638 1631 841 1713 gubernatio.
891 1629 929 1695 si
958 1632 1030 1713 quis
1057 1632 1146 1694 enim
1200 1630 1234 1714 (2
1254 1629 1328 1694 Cor.
1349 1635 1377 1707 2,
1398 1632 1447 1715 7),
1475 1653 1517 1696 ne
1540 1630 1751 1695 absorbeatur
1773 1651 1793 1694 a
1815 1629 1950 1693 tristitia
1973 1631 2001 1694 is
2022 1631 2172 1713 1666661

169 1717 333 1798 flagitium
356 1715 487 1798 aliquod
509 1725 757 1798 perpetraverat
778 1716 867 1781 unde
884 1725 1037 1780 exortum
1060 1727 1147 1780 esset
1200 1716 1480 1781 animadvertitur.
1538 1714 1594 1780 Sic
1627 1715 1715 1779 enim
1744 1736 1785 1778 ex
1811 1712 1954 1780 remedio
1982 1717 2077 1779 fieret
2102 1717 2171 1780 exi-

169 1801 418 1879 offendiculum,
451 1802 594 1884 primum
627 1823 647 1865 a
679 1822 790 1866 sacrae
822 1822 940 1866 666666
972 1803 1146 1884 participa·
1199 1801 1289 1865 tium.
1334 1802 1462 1866 Verum
1484 1824 1525 1867 611
1547 1804 1613 1866 fine
1634 1803 1753 1866 melius
1775 1801 1861 1864 sumi
1882 1802 2002 1883 poterit
2022 1801 2172 1866 modera-

168 1887 260 1950 tione
294 1887 473 1964 abstinere,
508 1887 625 1952 deinde
653 1903 686 1952 61
707 1910 814 1953 661616
838 1889 910 1952 Deo
939 1909 1009 1952 6666
1038 1889 1145 1952 humi-
1198 1887 1297 1950 tionis
1330 1888 1453 1970 regula.
1505 1888 1591 1952 Nam
1618 1907 1721 1970 quum
1749 1887 1809 1951 hoo
1841 1888 1877 1950 iu
1909 1888 2171 1953 exeommunica-

170 1971 267 2047 liare,
295 1979 328 2036 et
354 1994 465 2037 coram
493 1974 628 2037 66616616
655 1975 889 2055 poenitentiam
911 1975 1027 2038 testari
1054 1975 1145 2039 iube-
1198 1975 1286 2037 tione
1305 1982 1489 2055 quaeratur,
1508 1982 1547 2037 61
1566 1973 1606 2036 61
1624 1973 1860 2056 poenitentiam
1878 1970 2074 2055 perducatur
2096 1996 2172 2057 pec·

168 2056 276 2121 batur.
330 2059 438 2121 Erant
479 2067 588 2123 autem
623 2061 774 2123 solennes
812 2061 895 2124 ritus
927 2061 983 2141 qui
1017 2060 1145 2143 iniungi
1198 2068 1288 2123 66161
1322 2068 1354 2123 61
1382 2060 1469 2124 61616
1495 2058 1645 2141 61616616
1672 2058 1870 2122 1611661616
1897 2058 2020 2136 616116,
2054 2060 2171 2124 nevel

169 2142 269 2225 lapsis
291 2143 448 2220 solebant,
472 2153 510 2208 ut
531 2154 642 2208 essent
667 2146 886 2227 poenitentiae
908 2145 1036 2209 indicia.
1080 2145 1145 2211 Ubi
1197 2144 1282 2208 male
1304 2144 1417 2209 audiat
1438 2144 1563 2209 Christi
1585 2166 1705 2208 nomen
1727 2144 1781 2209 vel
1803 2142 1844 2208 ad
1872 2144 2090 2209 imitationem
2114 2145 2171 2210 alii

168 2229 217 2294 616
249 2227 421 2293 1616661116
455 2240 528 2294 6161
560 2240 599 2293 61
631 2231 832 2295 661161661616
865 2231 1019 2295 666166166
1052 2231 1143 2309 16161,
1197 2240 1427 2312 provocentur,
1458 2230 1539 2295 haec
1567 2231 1594 2295 si
1626 2228 1840 2305 intuebimur,
1874 2229 1984 2294 licebit
2005 2230 2098 2295 facile
2120 2233 2170 2295 iu-

168 2320 241 2377 tum
263 2335 323 2396 per
339 2336 497 2379 manuum
516 2317 759 2397 impositionem
777 2315 993 2398 recipiebatur
1016 2317 1051 2379 in
1069 2338 1144 2400 gra·
1197 2314 1305 2381 dicare
1338 2337 1505 2399 quousque
1538 2315 1690 2399 progredi
1720 2327 1753 2378 et
1786 2315 1841 2379 ubi
1873 2314 2022 2380 desinere
2054 2316 2170 2382 debeat

168 2402 266 2477 tiam,
296 2421 379 2482 quae
405 2402 549 2483 receptio
572 2404 701 2485 saepius
724 2422 744 2465 a
766 2402 932 2486 Cypriano
947 2402 972 2485 ¹)
999 2424 1065 2485 pax
1087 2424 1144 2467 vo-
1196 2403 1360 2467 severitas.
1401 2403 1500 2484 Ergo,
1525 2403 1580 2466 ubi
1603 2402 1822 2485 poenitentiae
1845 2423 1923 2465 suae
1945 2402 2169 2466 testimonium

168 2494 279 2565 catur,
314 2487 370 2568 qui
402 2488 503 2551 etiam
532 2488 690 2552 eiusmodi
724 2489 826 2552 ritum
854 2489 997 2553 breviter
1023 2488 1143 2553 descri-
1196 2488 1349 2552 eeclesiae
1372 2486 1428 2550 dat
1449 2497 1607 2569 peccator,
1631 2496 1664 2551 61
1686 2488 1746 2552 1166
1764 2487 1950 2551 testimonio
1968 2487 2168 2567 scandalum,

168 2572 226 2635 bit.
281 2572 541 2650 Posuitentiam,
576 2574 696 2656 inquit,
728 2586 832 2658 agunt
863 2575 949 2638 iusto
982 2581 1143 2657 tompore;
1196 2583 1356 2655 quantum
1378 2575 1413 2638 in
1436 2595 1470 2638 66
1492 2584 1557 2651 661,
1580 2573 1748 2650 obliterat,
1777 2594 1982 2654 nequaquam
2003 2573 2091 2638 ultra
2112 2596 2169 2637 61-

168 2656 284 2722 161616
318 2657 360 2722 61
391 2659 635 2743 exomologesin
664 2662 818 2738 veniunt,
846 2668 879 2724 et
906 2681 964 2742 per
984 2681 1143 2724 manuum
1195 2659 1322 2742 gendus
1350 2667 1412 2724 est:
1447 2659 1533 2740 quod
1559 2660 1587 2723 61
1609 2668 1760 2742 urgetur,
1793 2658 1927 2722 modum
1953 2660 2020 2722 iam
2041 2659 2171 2724 excedit

167 2743 408 2826 impositionem
431 2745 573 2827 episcopi
595 2754 629 2809 et
657 2747 735 2810 cleri
757 2747 809 2810 ius
831 2746 1068 2810 communionis
1090 2767 1144 2810 ae·
1195 2745 1292 2828 rigor.
1344 2743 1419 2826 Qua
1452 2746 1486 2808 in
1517 2756 1610 2828 parto
1642 2744 1791 2810 excusari
1819 2743 1909 2807 nullo
1940 2742 2035 2808 modo
2062 2752 2169 2827 potest

167 2830 300 2911 cipiunt.
330 2828 529 2911 Quanquam
551 2831 598 2896 616
619 2839 771 2914 praeerat
788 2830 1042 2897 reconciliationi
1060 2833 1144 2913 epis·
1194 2829 1368 2896 immodica
1389 2838 1537 2895 veterum
1555 2832 1737 2907 austeritas,
1761 2850 1843 2912 quae
1861 2842 1894 2894 et
1911 2849 2044 2912 prorsus
2062 2829 2169 2894 6116-

166 2917 562 2996 666116661666661616,
586 2925 623 2982 ut
642 2917 740 2981 simul
758 2918 862 3000 plebis
879 2937 1073 2982 consensum
1092 2938 1144 2982 re·
1195 2917 1276 2979 mini
1298 2917 1498 2999 praescripto
1526 2915 1718 2994 dissidebat,
1747 2925 1780 2979 61
1801 2924 1873 2980 6161
1899 2916 2021 2980 mirum
2042 2917 2079 2979 in
2100 2938 2169 2980 mo-

167 3001 320 3080 quireret,
345 3001 619 3081 quemadmodum
642 3004 719 3068 alibi
741 3003 850 3067 tradit.
1195 3001 1274 3066 dum
1295 3003 1483 3085 periculosa.
1522 3001 1608 3066 Nam
1630 3023 1732 3084 quum
1753 3001 1913 3083 peccatori
1933 3003 2170 3084 poenitentiam

255 3088 283 3148 7.
328 3085 401 3151 Η66
429 3086 600 3169 disciplina
627 3089 707 3153 adeo
736 3110 832 3154 nemo
859 3088 1078 3167 eximebatur,
1107 3098 1144 3152 61
1195 3088 1362 3153 solennem
1386 3094 1419 3152 61
1440 3089 1660 3171 privationem
1681 3107 1701 3150 6
1722 3108 1816 3152 66616
1837 3089 2064 3152 communione
2081 3109 2171 3154 6666

167 3170 332 3251 principes
354 3192 491 3253 quoque,
514 3196 581 3238 una
603 3195 675 3238 oum
698 3176 844 3258 plebeiis,
876 3196 910 3239 66
937 3175 1144 3239 61666116-
1195 3173 1230 3237 in
1253 3183 1393 3256 septem,
1428 3196 1516 3238 nune
1544 3174 1580 3236 in
1601 3180 1756 3255 quatuor,
1786 3193 1875 3236 nunc
1903 3175 1939 3237 in
1967 3180 2034 3238 1166
2057 3194 2170 3252 annos,

167 3254 306 3318 1661616
327 3257 533 3323 subiicerent.
578 3261 625 3324 Et
645 3261 776 3325 merito:
800 3282 903 3343 quum
926 3260 1051 3325 Christi
1074 3281 1144 3325 6666
1196 3281 1283 3324 6666
1315 3261 1350 3324 16
1383 3266 1486 3323 161616
1515 3260 1618 3324 111616
1644 3258 1839 3337 1611661661,
1868 3259 1946 3340 quid
1974 3257 2050 3323 inde
2078 3259 2171 3341 sequi

166 3347 347 3418 constaret,
382 3345 433 3407 eui
462 3347 573 3409 omnia
601 3366 637 3409 16
746 3360 874 3429 6666116
901 3354 935 3410 61
961 3346 1145 3411 1161616616
1196 3347 1317 3427 661611·
1330 3346 1395 3410 6161
1416 3345 1470 3410 161
1490 3367 1612 3428 magna
1639 3344 1837 3428 hypocrisis,
1866 3344 1919 3408 vel
1942 3345 2088 3410 maxima
2115 3343 2171 3410 de·

167 3424 318 3490 submitti
355 3448 497 3509 aequum
528 3442 586 3496 est.
670 3433 701 3496 ic
729 3432 946 3509 Theodosius,
981 3454 1080 3514 quum
1103 3431 1145 3496 ab
1196 3431 1356 3513 666161161
1407 3429 1569 3496 Similiter
1596 3429 1683 3513 quod
1709 3451 1805 3496 nemo
1833 3429 1891 3511 qui
1912 3429 2033 3495 iterum
2060 3431 2172 3514 lapsus

166 3509 381 3596 6611166161)
414 3513 455 3578 ob
484 3516 615 3580 caedem
644 3518 895 3582 Thessalonicae
924 3525 1144 3600 perpetratam
1195 3526 1295 3595 esset,
1325 3516 1367 3581 ad
1388 3517 1567 3583 secundam
1588 3517 1821 3600 poenitentiam
1842 3515 2084 3594 admitteretur,
2114 3516 2172 3581 sed

166 3597 497 3665 imeeommunionis
523 3604 673 3684 privatus
694 3613 794 3681 66661,
823 3605 942 3669 stravit
963 3625 1058 3668 omne
1080 3623 1143 3684 quo
1195 3602 1362 3685 usquead
1391 3603 1493 3667 finem
1515 3602 1603 3667 vitae
1625 3602 1796 3668 6116616161
1817 3602 1858 3667 ab
1882 3602 2033 3675 ecclesia,
2056 3601 2090 3665 id
2111 3623 2171 3666 nec

166 3683 388 3748 circumdatus
417 3694 488 3749 erat
508 3688 637 3772 insigne
659 3691 802 3773 regium;
832 3689 965 3754 deflevit
985 3690 1020 3752 in
1042 3689 1143 3753 eccle·
1195 3688 1275 3752 utile
1304 3695 1389 3767 erat,
1424 3709 1485 3754 nee
1514 3689 1633 3752 rationi
1662 3695 1926 3753 consentaneum.
1977 3686 2170 3767 Quicunque

166 3770 216 3833 sia
249 3768 378 3851 publice
405 3780 576 3851 peecatum
601 3796 714 3853 suum,
748 3775 834 3858 quod
863 3775 1001 3839 aliorum
1028 3774 1143 3838 fraude
1195 3773 1297 3855 igitur
1324 3795 1403 3838 sano
1430 3773 1549 3839 iudicio
1579 3797 1649 3838 rem
1670 3773 1869 3849 aestimabit,
1900 3770 2095 3835 desiderabit
2117 3770 2170 3836 hic

166 3854 369 3936 obrepserat;
389 3857 518 4003 gemitu
540 3867 574 3922 61
595 3860 750 3946 lacrymis
772 3863 878 3927 oravit
899 3862 1039 3925 veniam.
1076 3861 1143 3925 Ne·
1195 3881 1308 3924 eorum
1343 3860 1559 3942 prudentiam.
1613 3859 1810 3941 Quanquam
1838 3856 2005 3940 publicum
2032 3855 2085 3920 hic
2112 3877 2170 3938 po·

166 3961 228 4021 que
261 3940 350 4004 66116
411 3941 541 4007 6166611
572 3945 606 4008 11
647 3947 708 4011 sibi
740 3969 811 4013 6666
844 3947 965 4013 debent
998 3946 1142 4011 iudicare
1196 3946 1261 4011 tius
1293 3966 1418 4010 morem
1445 3946 1591 4028 improbo
1618 3965 1717 4026 quam
1745 3965 1800 4009 eos
1828 3964 1941 4006 omncs
1974 3962 2088 4006 accuso
2114 3943 2171 4025 qui

166 4027 280 4109 magni
301 4046 411 4109 reges,
437 4028 465 4092 si
489 4048 599 4094 eoram
622 4030 757 4098 Christo
779 4054 857 4117 rege
879 4055 996 4118 regum
1018 4032 1142 4115 suppli·
1195 4053 1232 4095 eo
1263 4033 1313 4097 usi
1343 4041 1437 4109 sunt,
1464 4052 1605 4112 quorum
1630 4029 1797 4093 nonnullis
1820 4027 2022 4109 displicuisse
2044 4035 2171 4093 eertum

166 4111 248 4176 61161
269 4133 303 4176 66
325 4120 551 4194 61661616661,
579 4138 640 4181 666
662 4118 728 4182 illis
749 4118 919 4201 displicere
942 4118 1039 4183 debet
1057 4116 1143 4201 quod
1195 4126 1259 4182 est:
1283 4117 1341 4182 sed
1364 4115 1436 4180 ideo
1457 4115 1607 4181 ferebant
1627 4114 1706 4196 quia
1727 4136 1793 4178 non
1821 4121 1975 4195 66161661
1996 4115 2168 4198 corrigere.

166 4217 225 4277 per
252 4198 423 4264 eeclesiam
452 4198 647 4266 iudicentur.
696 4203 784 4268 Nam
805 4225 908 4287 quum
929 4206 965 4269 in
987 4205 1062 4269 aula
1084 4226 1144 4269 sua
1195 4202 1295 4269 Certe
1318 4202 1505 4287 Cyprianus
1519 4199 1544 4284 ¹)
1567 4199 1720 4278 declarat,
1744 4218 1843 4281 qnam
1863 4221 1929 4264 non
1957 4208 2071 4282 sponte
2099 4202 2169 4264 fue·

165 4282 248 4346 nihil
271 4286 338 4349 1616
362 4284 498 4349 audiant
521 4295 651 4368 praeter
673 4310 781 4354 meras
799 4292 1045 4370 assentationes,
1068 4292 1143 4373 plus
1194 4290 1238 4353 rit
1271 4296 1340 4353 tam
1372 4285 1506 4370 rigidus.
1552 4286 1732 4364 Patientia,
1762 4285 1885 4368 inquit,
1917 4295 1950 4349 et
1975 4286 2114 4351 facilitas
2136 4292 2170 4349 61

165 4389 264 4449 quam
292 4372 514 4435 necessarium
548 4373 614 4438 illis
642 4382 700 4450 661,
734 4395 795 4458 per
826 4397 862 4439 os
890 4376 1094 4442 sacerdotum
1124 4397 1144 4440 a
1194 4375 1384 4439 humanitas
1421 4379 1536 4437 nostra
1568 4370 1775 4437 venientibus
1814 4380 1944 4454 praesto
1984 4377 2047 4451 est,
2091 4378 2169 4452 opto

163 4451 308 4519 Domino
341 4458 471 4540 corripi.
529 4457 620 4537 Quin
652 4461 760 4542 potius
793 4469 904 4543 optare
942 4462 1063 4527 debent
1100 4482 1142 4525 ne
1193 4480 1307 4525 omnes
1339 4461 1374 4524 in
1397 4458 1566 4524 ecclesiam
1593 4455 1738 4541 regredi,
1771 4466 1846 4539 opto
1869 4478 1982 4522 omnes
2010 4455 2168 4521 commili-

164 4539 227 4603 sibi
248 4542 433 4608 sacerdotes
455 4553 610 4625 parcant,
633 4567 696 4627 quo
718 4554 832 4629 parcat
853 4545 1025 4611 Dominus.
1070 4547 1143 4611 Hoc
1194 4554 1287 4610 tenes
1307 4555 1436 4611 6661166
1457 4546 1545 4609 16116
1566 4543 1693 4610 Christi
1719 4551 1881 4630 66611661
1902 4543 1967 4607 Dei
1988 4543 2091 4625 patris
2111 4541 2168 4606 do-

164 4624 234 4689 1666
256 4636 426 4708 616616166
448 4631 1143 4713 66166666161666161611166616116116116
1194 4631 1315 4696 micilia
1342 4631 1506 4697 concludi:
1540 4631 1672 4695 remitto
1701 4630 1824 4707 omnia,
1856 4629 1962 4693 multa
1989 4627 2167 4706 dissimulo,

163 4711 216 4787 sit,
241 4713 319 4793 quia
339 4713 418 4779 alibi
436 4715 560 4782 dictum
579 4725 637 4783 est.
682 4719 756 4783 Η66
778 4725 908 4782 tantum
931 4717 1029 4795 addo,
1051 4718 1143 4781 illam
1194 4717 1302 4782 studio
1324 4726 1455 4782 611616
1482 4715 1682 4800 colligendae
1703 4716 1934 4793 fraternitatis,
1964 4715 2064 4779 611616
2085 4734 2169 4796 quae

162 4817 235 4861 6666
259 4796 438 4888 legitimam
455 4802 491 4865 in
509 4803 824 4870 excommunicando
842 4804 974 4867 homine
992 4824 1142 4888 progres-
1194 4804 1230 4867 in
1256 4802 1368 4868 Deum
1400 4805 1574 4867 commissa
1600 4810 1692 4880 sunt,
1725 4823 1791 4866 666
1819 4800 1915 4883 61666
1948 4800 2068 4866 1611616
2090 4820 2169 4863 exa·

1193 4891 1297 4967 mino;
1322 4888 1448 4955 delictis
1468 4889 1542 4971 plus
1562 4909 1661 4970 quam
1682 4894 1810 4969 oportet
1831 4885 2037 4952 remittendis
2064 4905 2168 4968 paene

160 4989 297 4996 'm'
313 4991 335 4995 “’
1192 4976 1262 5057 1666
1291 4974 1459 5058 delinquo;
1492 4975 1670 5056 amplector
1702 4979 1854 5055 prompta
1883 4980 1918 5036 et
1945 4973 2043 5055 plena
2070 4971 2168 5038 dilec-

230 5103 259 5172 l)
286 5105 375 5174 Epist.
395 5106 419 5160 2.
444 5108 505 5162 libr.
526 5110 554 5171 1;
584 5113 607 5165 E
628 5114 671 5166 161.
697 5112 737 5167 14.
762 5115 824 5167 libr.
844 5112 861 5166 3
883 5118 912 5166 et
937 5112 1056 5165 eiusdem
1080 5113 1141 5165 libr.
1194 5151 1294 5157 ,-
1311 5151 1396 5157 ψ-

160 5172 304 5241 0611196·
394 5175 424 5256 2)
442 5176 572 5234 Ambrae.
593 5130 653 5235 libr.
672 5181 697 5235 1.
719 5184 798 5253 epist.
818 5181 842 5236 3.
867 5183 896 5235 in
917 5190 984 5236 orat.
1003 5181 1141 5233 1161111616

160 5242 256 5295 sunere
275 5243 429 5298 The0d0811·
652 5248 658 5271 ¹
1263 5249 1292 5317 1)
1311 5249 1356 5302 Ad
1375 5248 1529 5302 Cornelium
1548 5249 1626 5318 epist.
1645 5246 1669 5300 3.
1689 5248 1750 5299 libr.
1770 5246 1792 5298 1.
