4672 5842
158 300 222 362 979
800 290 1066 358 ΙΝΒΤΙΤΠΤΙΟ
1088 292 1194 358 RDL.
1217 290 1399 358 orimur.
1425 293 1517 356 1559.
2102 288 2166 352 980

160 488 340 567 scripturae
368 483 672 564 interpretationem
707 481 748 546 ad
785 482 1025 564 proportionem
1058 479 1136 545 fidei
1187 489 1284 560 tasse,
1304 480 1389 563 quod
1407 479 1813 561 exsecrabiliblasphcmia
1829 500 1895 542 non
1909 486 2012 542 vacat.
2041 475 2166 557 Quam·

160 572 292 654 exigere
313 567 465 632 iubemur
485 568 596 650 (Rom.
619 572 667 646 12,
688 571 706 631 3
726 576 759 631 et
777 568 821 649 6).
865 567 911 631 Et
933 587 1011 632 sane
1033 588 1136 649 paene
1188 569 1300 632 obrem
1323 573 1356 630 et
1376 567 1574 631 Iudaeorum
1593 564 1702 642 liberi,
1725 563 1811 647 quod
1834 566 1903 629 eius
1924 561 2067 629 foederis
2090 564 2166 628 hac·

159 677 194 720 se
212 652 410 739 palpandam
430 653 492 718 hae
509 655 545 718 in
562 662 655 736 parte
673 654 795 719 veritas
813 654 955 736 praebet.
993 653 1136 718 Perinde
1189 654 1283 718 redes
1311 654 1388 718 facti
1419 653 1460 716 ab
1486 652 1662 734 impiorum
1682 650 1792 716 liberis
1814 649 2096 726 discernerentur,
2118 672 2167 714 se·

159 743 248 807 enim
270 763 307 806 ac
330 741 547 817 circumcisio,
576 742 653 822 quia
674 748 799 804 tessera
821 736 954 803 ludaeis
976 738 1137 821 quaedam
1190 762 1267 804 men
1288 748 1439 804 sanctum
1460 738 1678 816 vocabantur;
1701 736 1815 801 eadem
1836 738 2019 801 etiamnum
2042 738 2168 800 ratione

159 835 230 893 erat
251 847 317 908 qua
338 847 373 890 se
401 827 436 889 in
464 827 622 908 populum
648 825 869 906 familiamque
896 825 961 889 Dei
989 825 1138 906 adoptari
1190 827 1294 890 sancti
1327 834 1503 890 censentur
1533 823 1797 888 Christianorum
1829 823 1938 898 liberi,
1978 822 2032 887 vel
2067 822 2168 886 altero

158 913 283 977 fiebant
310 912 480 988 certiores,
512 931 550 975 ac
578 912 640 994 ipsi
669 914 768 975 ctiam
790 912 934 976 vicissim
961 932 1081 975 nomen
1103 932 1138 974 se
1190 912 1352 976 duntaxat
1379 909 1466 975 fideli
1501 919 1637 991 parente
1667 910 1783 992 geniti:
1814 919 1848 972 ct
1868 907 2006 995 ‘apostoli
2035 908 2068 990 (l
2094 908 2167 973 Cor.

159 998 232 1063 Deo
259 998 337 1062 dare
365 997 615 1080 profitebantur,
644 999 770 1079 primus
797 997 863 1061 illis
886 1006 957 1060 erat
978 999 1013 1061 in
1036 996 1138 1075 eecle-
1192 1003 1220 1074 7,
1244 997 1297 1080 14)
1327 998 1512 1061 testimonio
1539 997 1690 1076 differunt
1716 996 1757 1060 ab
1783 995 1953 1059 immundo
1979 993 2168 1058 idololatra·

160 1087 243 1150 siam
271 1086 455 1166 ingressus,
484 1104 572 1149 nunc
601 1103 731 1165 quoque
760 1105 819 1165 per
845 1084 1044 1166 baptismum
1067 1084 1139 1146 Deo
1191 1105 1266 1148 rum
1289 1086 1421 1148 semine.
1455 1082 1528 1146 Iam
1551 1103 1654 1164 quum
1675 1082 1848 1159 Dominus,
1871 1081 1985 1145 statim
2006 1089 2084 1162 post
2105 1081 2169 1144 foe-

159 1172 344 1248 initiamur,
373 1177 410 1233 ut
432 1170 500 1232 eius
522 1169 642 1250 populo
664 1169 903 1246 adscribamur,
927 1179 960 1233 et
981 1171 1043 1251 ipsi
1064 1190 1138 1231 mu·
1192 1169 1253 1233 dus
1275 1190 1349 1233 curn
1366 1169 1556 1234 Abrahamo
1578 1189 1779 1250 percussum,
1802 1169 1910 1250 ipsum
1932 1167 1967 1230 irr
1989 1165 2171 1230 infantibus

160 1265 217 1321 tuo
239 1257 272 1320 in
296 1256 365 1319 eius
392 1275 512 1318 nomen
538 1256 692 1320 iuremus.
738 1253 812 1335 Quo
835 1264 929 1319 extra
952 1264 1138 1320 controver·
1192 1256 1377 1338 consignari
1403 1255 1557 1319 exteriori
1590 1263 1796 1318 sacramento
1834 1253 2038 1336 praeceperit
2070 1252 2170 1336 (Gerr.

161 1342 245 1407 siam
274 1348 423 1423 apparet,
458 1340 655 1421 baptismum
687 1343 722 1404 in
750 1342 1002 1405 circumcisionis
1031 1341 1138 1406 locum
1196 1346 1243 1420 17,
1268 1342 1331 1422 12),
1354 1341 1433 1422 quid
1455 1361 1572 1405 causae
1591 1339 1700 1404 dicent
1719 1338 1898 1404 Christiani
1918 1340 2097 1420 quominus
2114 1339 2171 1402 ho-

163 1429 308 1505 subiisse,
331 1432 365 1490 at
388 1426 510 1490 eordan
533 1428 620 1508 apud
642 1448 698 1490 nos
716 1433 825 1507 partes
847 1427 940 1492 obeat.
1193 1427 1311 1509 dieque
1333 1427 1443 1508 ipsum
1471 1427 1700 1501 testificentur,
1725 1434 1822 1507 atque
1845 1424 2021 1508 obsignant
2045 1425 2081 1488 irr
2104 1426 2171 1489 suis

250 1519 277 1576 5.
327 1513 398 1576 Iam
425 1513 452 1575 si
475 1514 639 1596 vestigare
668 1512 775 1594 placet
796 1533 839 1576 an
867 1514 937 1577 iure
960 1513 1139 1576 infantibus
1192 1513 1323 1593 liberis?
1375 1513 1490 1594 Neque
1518 1510 1599 1575 mihi
1633 1512 1764 1577 obiiciat
1795 1512 1973 1592 quispiam,
2006 1531 2077 1574 non
2111 1511 2171 1574 alio

162 1598 323 1680 baptisma
343 1600 610 1676 communicetur,
633 1619 744 1662 nonne
766 1599 905 1662 nimium
928 1599 1022 1662 illum
1047 1600 1139 1680 inep·
1192 1620 1292 1681 quam
1313 1599 1569 1664 circumcisionis
1591 1598 1748 1681 symbolo,
1772 1597 1857 1679 quod
1879 1595 2076 1680 iampridem
2097 1597 2172 1661 abo-

161 1687 237 1761 tire,
261 1686 327 1747 imo
356 1683 496 1748 delirare
526 1682 689 1762 dicemus,
720 1685 774 1766 qui
800 1687 833 1748 in
853 1685 1014 1749 elemento
1037 1705 1140 1766 aquae
1193 1685 1289 1749 litum
1312 1693 1376 1764 est,
1404 1685 1585 1748 Dominum
1608 1685 1813 1766 praecepisse
1840 1683 1952 1747 foedus
1975 1705 2074 1748 suum
2096 1704 2172 1748 een·

161 1771 324 1834 duntaxat
351 1777 385 1832 et
419 1778 556 1833 externa
588 1770 816 1834 observatione
849 1771 1017 1834 immorari
1049 1771 1139 1847 velit,
1194 1772 1328 1835 firmari.
1385 1770 1598 1854 Respondere
1631 1771 1718 1834 euim
1752 1779 1940 1851 promptum
1974 1778 2028 1834 est
2060 1771 2171 1850 rpraeta,

161 1855 203 1921 ad
236 1855 406 1937 spirituale
441 1877 519 1919 vero
555 1858 751 1938 mysterium
787 1864 931 1920 mentem
969 1856 1141 1921 advertere
1193 1878 1255 1939 pro
1277 1859 1396 1922 veteris
1419 1857 1605 1921 testamenti
1628 1865 1789 1938 tempore,
1819 1856 2103 1922 circumcisionem
2124 1857 2171 1920 irr-

160 1964 226 2006 non
253 1940 434 2006 sustineat?
487 1941 589 2033 Cuius
617 1943 643 2006 si
667 1962 729 2024 qua
759 1941 919 2007 habeatur
941 1944 1041 2019 ratio,
1065 1965 1141 2007 con·
1194 1943 1340 2008 stituisse
1362 1942 1587 2008 confirmando
1611 1963 1669 2006 suo
1691 1941 1827 2019 foederi;
1850 1961 1889 2004 ea
1906 1963 1985 2006 vero
2003 1942 2171 2024 abrogata,

161 2028 261 2093 stabit
289 2027 401 2109 procul
430 2026 528 2091 dubio
562 2029 743 2092 infantibus
770 2029 887 2092 merito
917 2028 1141 2092 administrari
1194 2050 1327 2092 manere
1355 2037 1465 2093 tamen
1493 2049 1621 2109 semper
1655 2027 1793 2092 eandem
1826 2027 2045 2092 confirmandi
2076 2029 2171 2092 ratio-

163 2114 375 2196 baptismum,
404 2122 440 2176 ut
468 2113 524 2194 qui
553 2113 619 2176 illis
649 2114 813 2196 debeatur.
859 2114 934 2178 Non
963 2115 1050 2177 euim
1072 2116 1140 2178 Do·
1194 2137 1270 2178 nern
1292 2136 1391 2197 quam
1413 2135 1488 2179 cum
1508 2114 1640 2179 Iudaeis
1662 2134 1867 2178 communem
1890 2113 2059 2178 habemus.
2092 2113 2172 2178 Pru

163 2201 274 2263 minus
296 2199 374 2262 olim
398 2200 644 2263 circumcisione
666 2199 821 2283 dignatus
843 2207 901 2277 est,
925 2201 1006 2282 quin
1028 2221 1141 2264 eorum
1194 2201 1270 2264 indo
1293 2200 1468 2283 diligenter
1486 2208 1645 2282 perpetuo
1666 2200 1788 2264 intueri
1806 2200 1960 2264 convenit
1977 2198 2059 2282 quid
2078 2200 2172 2263 utris·

162 2287 311 2349 omnium
333 2285 510 2367 participes
532 2285 654 2349 faceret
676 2308 758 2367 quae
780 2308 839 2368 per
861 2288 1141 2351 circumcisionem
1194 2308 1257 2369 que
1288 2286 1331 2351 sit
1353 2307 1541 2361 commune,
1569 2286 1647 2368 quid
1669 2285 1717 2348 illi
1746 2295 1932 2368 separatum
1955 2306 1976 2349 a
1998 2285 2095 2350 nobis
2117 2285 2173 2349 ha·

163 2373 292 2453 signata
318 2376 389 2434 taric
415 2372 551 2452 fueruat.
594 2371 727 2453 Alioqui
751 2373 849 2436 meris
878 2373 1072 2456 praestigiis·
1090 2372 1141 2435 lu·
1195 2373 1301 2437 beant.
1347 2372 1478 2436 Foedus
1507 2393 1679 2436 commune
1706 2381 1770 2450 est,
1799 2371 1981 2435 eommunis
2003 2372 2076 2435 eius
2098 2393 2173 2436 con·

90 2456 94 2464 ’
164 2458 314 2522 dificatus
345 2468 431 2521 esset
452 2456 609 2538 populum
631 2478 745 2534 suum,
772 2460 798 2521 si
820 2456 990 2523 fallacibus
1012 2459 1141 2543 symbo·
1195 2458 1349 2523 firmandi
1377 2480 1485 2523 causa.
1531 2458 1653 2522 Modus
1675 2456 1891 2522 confirmandi
1913 2466 2043 2520 tantum
2066 2457 2173 2521 diver-

163 2544 205 2607 lis
227 2564 282 2606 eos
310 2543 477 2619 lactasset,
508 2541 594 2625 quod
622 2543 690 2607 solo
713 2544 826 2607 auditu
857 2544 1058 2608 horrendum
1081 2552 1140 2607 est.
1196 2553 1339 2621 suaset,
1368 2544 1455 2626 quod
1477 2552 1548 2608 erat
1569 2545 1634 2608 illis
1657 2543 1874 2618 circumcisi0‚
1897 2544 1931 2606 in
1952 2544 2045 2606 cuius
2068 2544 2175 2608 vicem

162 2630 295 2694 Diserte
323 2650 463 2710 namque
492 2630 698 2711 pronuntiat,
728 2630 1006 2694 circumcisionem
1035 2631 1142 2694 infau-
1196 2631 1378 2713 baptismus
1409 2631 1502 2694 nobis
1525 2629 1687 2696 suecessit.
1733 2629 1865 2710 Alioqui
1888 2630 1914 2693 si
1937 2630 2174 2706 testimonium,

163 2715 223 2779 tuli
255 2714 325 2779 loco
359 2714 459 2798 sigilli
487 2718 634 2778 suturam
663 2715 705 2779 ad
733 2713 971 2798 obsignandam
1004 2713 1144 2780 foederis
1196 2739 1259 2798 quo
1281 2716 1395 2780 Iudaei
1418 2714 1458 2779 de
1481 2718 1613 2780 seminis
1635 2717 1686 2781 sui
1705 2715 1810 2780 salute
1828 2714 2004 2779 confirmati
2022 2715 2172 2791 fuerunt,

163 2801 421 2883 promissionem.
480 2799 577 2881 Quod
610 2802 637 2864 si
670 2801 782 2866 foedus
815 2803 947 2865 firmum
975 2811 1008 2865 et
1040 2804 1144 2866 fixum
1196 2802 1290 2866 nobis
1323 2802 1477 2884 eripitur,
1512 2801 1636 2867 Christi
1670 2801 1814 2866 adventu
1847 2802 1964 2865 iachim
1996 2799 2099 2862 hierit
2133 2807 2176 2863 ut

163 2895 285 2964 manet,
310 2887 575 2952 Christianorum
597 2885 708 2952 liberis
727 2909 796 2951 non
813 2889 923 2952 minus
942 2886 1037 2952 hodie
1055 2908 1144 2951 corn·
1197 2887 1363 2953 obscurior
1400 2894 1433 2951 et
1469 2889 1579 2953 minus
1616 2896 1735 2952 testata
1774 2888 1816 2952 sit
1848 2887 1939 2950 nobis
1967 2885 2033 2949 Dei
2065 2886 2177 2968 gratia

162 2975 259 3056 petit,
286 2994 383 3054 quam
410 2973 472 3038 sub
505 2974 608 3039 veteri
640 2981 838 3039 testamento
871 2974 912 3037 ad
947 2973 1143 3038 Iudaeorum
1196 2995 1296 3057 quam
1318 2981 1394 3038 ante
1415 2974 1547 3038 Iudaeis
1568 2982 1647 3039 erat
1681 2973 1722 3037 Id
1744 2974 1772 3037 si
1794 2972 1859 3038 dici
1880 2993 1945 3037 norr
1964 2981 2074 3055 potest
2094 2973 2176 3036 eitra

167 3059 310 3122 infantes
332 3058 507 3140 spectabat.
553 3058 655 3141 Atqui
678 3060 707 3123 si
729 3060 777 3123 rei
799 3061 947 3143 signatae
969 3070 1047 3125 sunt
1067 3081 1144 3142 par·
1197 3068 1380 3124 extremam
1408 3060 1533 3125 Christi
1561 3059 1807 3136 contumeliam,
1836 3080 1895 3140 per
1922 3077 2023 3141 quem
2044 3058 2175 3122 infinita

164 3144 293 3225 ticipes,
322 3165 382 3208 cur
403 3167 423 3208 a
445 3146 538 3228 signo
561 3145 783 3210 arcebuntur?
814 3147 841 3210 si
864 3148 1037 3211 veritatem
1061 3145 1143 3210 obti-
1196 3148 1301 3229 patris
1327 3145 1456 3211 bonitas
1484 3146 1683 3210 luculentius
1712 3167 1748 3209 ac
1773 3144 1950 3227 benignius
1980 3165 2082 3225 quam
2116 3165 2174 3208 urr-

167 3237 257 3308 uent,
279 3251 338 3294 cur
360 3252 380 3294 a
401 3233 507 3314 figura
529 3231 755 3313 depellentur?
790 3230 990 3315 Quanquam
1012 3233 1145 3316 signum
1197 3254 1298 3313 quam
1319 3233 1355 3294 in
1378 3240 1483 3297 terras
1505 3233 1610 3297 effusa
1632 3233 1709 3305 fuit,
1732 3242 1765 3295 et
1788 3229 1978 3300 homiuibus
2001 3228 2172 3304 declarata

164 3317 310 3380 exterius
332 3316 367 3378 in
388 3326 593 3381 sacramento
617 3319 665 3382 ita
691 3337 765 3381 eum
789 3317 888 3382 verbo
910 3318 1078 3396 cohaeret,
1106 3323 1144 3382 ut
1196 3319 1291 3382 fateri
1312 3339 1443 3383 necesse
1465 3326 1524 3396 est,
1545 3340 1611 3383 non
1633 3318 1809 3400 malignius
1831 3316 1950 3381 saltem
1967 3317 2173 3398 supprimen-

167 3401 279 3465 divelli
307 3412 462 3483 nequeat;
487 3405 515 3467 si
536 3414 646 3468 tamen
667 3403 879 3482 discernatur,
902 3411 1023 3482 utrum,
1046 3426 1145 3487 quae·
1197 3403 1282 3482 dam,
1305 3425 1366 3468 nec
1387 3405 1512 3468 minore
1533 3405 1721 3469 testimonio
1740 3401 1972 3467 illustrandam
1992 3423 2097 3483 quam
2118 3401 2172 3468 sub

167 3507 218 3564 so,
247 3488 350 3568 pluris
372 3486 597 3555 censebimus?
643 3488 732 3555 Sane
754 3510 854 3572 quum
877 3491 1009 3573 signum
1032 3491 1143 3555 videa—
1198 3490 1344 3555 obscuris
1366 3489 1449 3573 legis
1471 3491 1605 3554 umbris.

166 3592 241 3636 mus
264 3573 363 3638 verbo
385 3575 517 3650 servire,
539 3577 670 3641 subesse
692 3576 740 3638 illi
763 3573 916 3653 dicemus,
942 3584 975 3639 et
993 3578 1145 3641 inferiore
1285 3581 1313 3638 7.
1359 3574 1581 3655 Quamobrem
1609 3577 1772 3640 Dominus
1800 3575 1893 3638 Iesus
1919 3575 2088 3656 specimen
2110 3573 2172 3639 edi-

167 3658 237 3722 loco
259 3665 451 3724 statuemus.
497 3659 609 3741 Quum
632 3683 709 3746 ergo
736 3661 777 3725 ad
798 3663 940 3727 infantes
963 3660 1146 3727 destinetur
1199 3671 1307 3739 turus,
1330 3661 1417 3726 unde
1444 3662 1587 3726 mundus
1612 3662 1775 3744 intelligat
1795 3661 1903 3742 ipsum
1925 3659 2173 3742 amplificandae

165 3745 322 3828 baptismi
343 3747 491 3823 verbum,
516 3770 575 3812 cur
598 3748 741 3831 signum,
765 3747 825 3813 hoc
845 3756 895 3813 est
912 3747 1005 3814 verbi
1023 3770 1145 3830 appen-
1197 3749 1307 3832 potius
1337 3770 1436 3830 quarn
1464 3748 1656 3812 limitandae
1684 3748 1788 3828 patris
1809 3746 2058 3811 misericordiae
2080 3745 2172 3810 adve-

168 3832 240 3910 dix,
271 3830 312 3895 ab
333 3832 399 3897 illis
415 3833 655 3912 prohibebitur?
698 3834 792 3899 Haec
813 3856 880 3898 una
902 3835 994 3914 ratic,
1021 3835 1048 3899 si
1070 3835 1145 3898 nul·
1199 3837 1295 3912 nisse,
1330 3834 1467 3899 comiter
1505 3833 1631 3899 oblatos
1670 3833 1733 3897 sibi
1773 3833 1914 3896 infantes
1956 3833 2172 3916 amplectitur,

167 3917 218 3980 lae
247 3917 329 3981 aliae
357 3928 583 4000 suppeterent,
612 3919 741 3984 abunde
769 3922 934 3984 sufficeret
963 3919 1004 3983 ad
1032 3921 1146 3985 confu-
1198 3920 1374 4002 discipulos
1412 3921 1588 4001 obiurgans
1615 3921 1671 4003 qui
1704 3919 1794 3983 aditu
1822 3917 1897 3982 illos
1921 3918 2097 4000 prohibere
2123 3938 2173 3982 co-

167 4001 285 4066 tandos
310 4007 499 4087 omnesqui
528 4009 706 4073 reclamare
729 4006 902 4072 voluerint.
948 4003 1044 4085 Quod
1066 4006 1146 4071 obii·
1198 4007 1377 4085 nabantur;
1399 4005 1530 4089 quando
1552 4026 1616 4083 eos,
1639 4027 1779 4087 quorum
1801 4012 1887 4069 esset
1907 4025 2051 4087 regnum
2071 4003 2174 4067 coslo-

169 4089 255 4153 eitur
278 4096 396 4154 statum
420 4093 520 4157 fuisse
543 4093 630 4157 diem
654 4092 901 4167 circumcisioni,
925 4092 1023 4174 plane
1045 4094 1146 4176 tergi·
1198 4115 1282 4171 rum,
1302 4113 1321 4155 a
1343 4113 1378 4155 se
1395 4091 1602 4169 abducerent,
1621 4112 1795 4173 perquem
1813 4089 1918 4155 solum
1936 4098 2031 4172 patet
2045 4090 2081 4152 in
2103 4110 2174 4154 aare·

169 4176 387 4240 versatorium
413 4186 470 4242 est.
522 4179 590 4244 Nos
617 4180 683 4242 iam
712 4178 810 4243 certis
840 4176 954 4242 diebus
982 4199 1048 4242 non
1075 4199 1146 4243 esse
1198 4179 1267 4243 lum
1300 4181 1476 4260 ingressus.
1526 4178 1654 4242 Verum
1689 4176 1767 4259 quid
1795 4176 1900 4241 simile
1930 4175 2069 4258 (dixerit
2089 4177 2173 4258 quis·

166 4260 364 4326 Iudaeorum
383 4264 487 4327 instar
504 4265 655 4348 alligatos
668 4264 889 4344 concedimus;
908 4285 1023 4329 verum
1042 4286 1146 4346 quarr-
1198 4266 1300 4349 piam)
1333 4264 1494 4345 baptismo
1524 4285 1599 4328 cum
1627 4263 1689 4328 hoc
1716 4262 1842 4328 Christi
1870 4261 2050 4343 amplexu?
2072 4283 2173 4345 nsque

166 4345 207 4410 do
226 4348 396 4425 Dominus,
420 4358 586 4432 utcunque
606 4350 734 4414 nullum
753 4350 839 4414 diem
857 4351 1065 4432 praescribat,
1089 4350 1145 4415 de·
1197 4353 1287 4415 enim
1309 4350 1492 4431 baptizasse
1513 4349 1587 4414 illos
1609 4356 1778 4426 narratur,
1811 4347 1868 4412 sed
1890 4350 2075 4430 excepisse,
2109 4370 2172 4412 am·

166 4434 270 4498 clamt
296 4446 408 4499 tamen
435 4437 495 4500 sibi
524 4437 652 4518 placere
679 4444 717 4499 ut
739 4436 866 4500 solenni
889 4436 956 4500 ritu
984 4437 1020 4500 in
1048 4458 1146 4501 suum
1198 4437 1413 4519 plexuscsse,
1438 4435 1559 4500 stillis
1581 4435 1845 4517 benepreoatus.
1879 4432 2035 4513 Proinde,
2058 4437 2088 4500 si
2108 4435 2171 4498 eius

166 4518 279 4585 foedus
302 4523 501 4603 recipiantur
520 4523 671 4599 infantes,
695 4521 774 4605 quid
797 4522 885 4586 ultra
906 4522 1115 4604 quaerimus?
1198 4524 1386 4606 exemplum
1418 4523 1542 4586 imitari
1573 4522 1662 4599 libet,
1695 4521 1846 4602 precibus
1869 4521 2013 4585 infantes
2043 4520 2173 4585 adiuve-

253 4611 281 4670 6.
328 4605 525 4691 Quanquam
547 4609 710 4691 scriptura
731 4609 903 4673 certiorem
929 4607 1037 4673 adhuc
1058 4609 1145 4673 veri·
1197 4630 1280 4687 mus,
1309 4630 1376 4672 non
1407 4617 1517 4672 autem
1546 4608 1757 4690 baptizemus.
1803 4607 1932 4670 Verum
1960 4627 2022 4671 nos
2050 4605 2173 4672 Christi

164 4693 242 4757 tatis
268 4693 417 4757 notitiam
451 4693 543 4759 nobis
576 4697 691 4778 aperit.
740 4692 911 4776 Siquidem
938 4693 1145 4759 evidentissi·
1198 4704 1291 4779 gesta
1319 4695 1417 4778 paulo
1440 4695 1599 4759 attentius
1621 4704 1820 4776 reputemus,
1848 4713 1948 4774 quam
1978 4692 2046 4756 tale
2074 4714 2172 4777 genus

163 4800 256 4843 mum
279 4785 338 4856 est,
362 4781 447 4862 quod
470 4782 570 4846 semel
589 4804 665 4847 cum
687 4780 877 4846 Abrahamo
894 4780 1059 4844 Dominus
1076 4780 1144 4845 foe·
1197 4782 1377 4846 hominurn.
1422 4782 1536 4863 Neque
1559 4781 1648 4845 enim
1671 4779 1731 4844 hoc
1752 4779 1869 4844 leviter
1890 4786 1941 4843 est
1962 4785 2172 4861 praetereun-

164 4865 226 4929 dus
246 4868 415 4946 percussit,
438 4888 503 4931 non
525 4869 633 4933 minus
651 4867 747 4932 hodie
766 4866 963 4932 Christianis
985 4873 1143 4943 constare,
1198 4867 1278 4931 dum
1294 4868 1379 4950 quod
1397 4869 1541 4932 infantes
1559 4867 1621 4932 sibi
1646 4866 1757 4931 offerri
1781 4864 1936 4930 Christus
1956 4865 2062 4943 iubet,
2087 4862 2173 4930 addi·

164 4971 264 5033 quam
292 4951 370 5015 olim
397 4953 524 5019 iudaice
550 4954 685 5038 populo,
716 4953 861 5035 adeoque
887 4953 1027 5017 verbum
1054 4951 1144 5017 istud
1196 4961 1232 5018 ta
1258 4955 1400 5033 ratione,
1429 4955 1585 5035 quoniam
1613 4952 1731 5018 talium
1759 4952 1802 5016 sit
1828 4972 1969 5036 regnum
1999 4950 2172 5016 coelorum

164 5056 233 5099 non
264 5039 376 5101 minus
410 5039 618 5105 Christianos
656 5042 832 5122 respicere,
872 5057 971 5120 quam
1003 5037 1144 5104 Iudaeos
1195 5040 1246 5105 Ae
1277 5048 1391 5124 postea
1422 5040 1626 5104 voluntatem
1659 5059 1753 5103 suam
1785 5057 1884 5121 opere
1915 5043 2072 5117 testahrr,
2100 5037 2174 5102 dum

165 5130 235 5185 tum
264 5124 466 5205 respiciebat.
518 5127 592 5190 Nisi
614 5128 697 5191 forte
726 5124 940 5203 arbitramur,
971 5123 1143 5190 Christum
1194 5126 1283 5209 ipsos
1305 5125 1491 5208 amplexus,
1514 5125 1702 5208 precatione
1725 5123 2014 5206 benedictioneque
2036 5145 2100 5189 sua
2119 5142 2173 5208 pe·

163 5227 225 5272 suo
248 5208 406 5291 adventu,
434 5213 537 5294 patris
559 5214 701 5296 gratiam
722 5210 927 5276 imminuisse
949 5220 1006 5274 aut
1027 5210 1143 5276 decur-
1194 5213 1239 5276 tri
1261 5210 1476 5277 commendat.
1522 5208 1560 5275 Si
1578 5208 1696 5277 adduci
1713 5211 1846 5277 Christo
1868 5210 2013 5276 infantes
2035 5228 2174 5295 aequm
