4672 5842
241 330 284 390 43
889 322 1154 390 INSTI'PUTIO
1176 325 1281 390 ΗΕΒ.
1305 322 1485 389 OHRIS'P.
1512 327 1602 387 1559.
2202 329 2247 390 44

242 515 310 582 Sed
338 516 484 579 omnium
513 522 623 578 tamon
653 515 869 583 confessione.
905 534 983 595 prae
1012 515 1128 578 ecfert
1149 534 1219 578 cor·
1244 514 1247 567 Ι
1271 533 1349 591 quae
1376 512 1441 575 illis
1470 532 1575 574 rerum
1603 514 1741 577 ominium
1767 518 1810 576 est
1838 513 1968 593 artifer,
2002 513 2106 577 Deum
2132 487 2248 577 subdu·

241 624 303 685 pus
331 602 510 664 humanum
544 608 613 664 tam
642 602 844 681 ingeniosam
872 600 1152 680 compositionem,
1184 610 1220 664 ut
1244 578 1247 617 '
1271 604 1350 663 eunt.
1402 598 1512 661 Vident
1540 603 1604 660 tam
1631 599 1818 677 acquisitum
1846 599 2017 678 artificium
2047 601 2083 662 in
2110 601 2272 681 sinqedis·

241 689 372 752 obeam
393 687 511 749 merito
534 685 735 750 admirabilis
757 687 865 768 opifex
892 684 1061 748 iudicetur.
1244 720 1246 725 ·
1271 685 1340 747 suis
1368 683 1515 746 rnerubris
1544 682 1582 746 ab
1612 705 1663 747 ore
1691 689 1719 746 66
1747 685 1961 764 obediensque
1982 686 2025 748 ad
2046 686 2168 765 infimos
2188 706 2249 749 un-

330 778 357 835 3.
403 773 451 836 Ac
472 773 608 851 proinde
635 773 764 852 qnidam
792 792 830 834 er
851 770 1048 850 philosoplis
1074 771 1147 834 olim
1169 771 1220 833 lm·
1269 771 1418 852 quinitas.
1466 769 1527 833 Hic
1555 790 1673 849 quoque
1701 774 1848 833 naturam
1876 770 2065 834 substituunt
2092 771 2249 835 inlocum

242 861 357 922 minem
380 880 440 922 666
458 859 769 921 immeritooocarunt
784 857 994 938 μικρόκοσμον,
1014 857 1090 936 quin
1108 877 1218 919 rarum
1272 856 1342 919 Dei.
1390 856 1450 917 Sed
1477 856 1512 916 in
1533 857 1652 935 primis
1678 860 1742 918 tam
1770 856 1868 937 epiles
1895 858 2020 920 animae
2041 863 2153 933 inatus,
2180 863 2249 920 tam

240 947 283 1010 sit
299 946 464 1025 potentiae,
495 943 641 1007 bonitatis
662 949 690 1005 66
711 944 882 1023 sapientiae
904 940 966 1004 Dei
986 944 1145 1021 specimen,
1168 964 1219 1006 36-
1243 952 1246 993 ¹
1265 942 1450 1024 pnoeclorae
1465 941 1635 1021 6666666663,
1653 945 1717 1003 tam
1738 962 1832 1005 rarae
1853 942 1936 1005 dotes
1953 943 2147 1006 divinitatem
2164 963 2249 1022 prae

240 1033 341 1110 tisque
362 1029 585 1093 miraculorum·
615 1031 701 1091 inse
724 1030 875 1092 contineat
896 1029 1080 1108 occupandis
1104 1031 1219 1092 nostris
1243 996 1246 1087 i
1270 1050 1303 1091 se
1322 1029 1437 1108 666666,
1461 1047 1593 1105 quaese
1616 1048 1675 1091 mm
1691 1028 1817 1105 patitur
1836 1029 1929 1107 sac-ilc
1947 1028 2058 1092 celari:
2080 1030 2144 1091 nisi
2167 1028 2249 1108 Epi·

240 1116 401 1192 mentibus,
424 1115 511 1178 mado
529 1136 566 1177 ne
583 1115 736 1177 attendere
752 1116 866 1196 piqeat.
904 1116 973 1193 Qua
994 1115 1115 1177 ratione
1135 1114 1219 1177 Peu-
1270 1115 1354 1178 curci
1376 1119 1525 1192 tanquam
1550 1111 1700 1192 Cyclopes
1723 1134 1760 1175 ee
1781 1113 1839 1176 bec
1861 1114 2027 1179 ultitudine
2048 1115 2161 1178 bellum
2180 1115 2249 1178 Deo

241 1203 306 1280 lus,
334 1202 389 1264 666-
411 1202 587 1277 6666666,
622 1200 721 1264 Decem
743 1201 907 1280 palpando
935 1221 955 1261 a
983 1201 1080 1263 caecis
1100 1221 1219 1279 quoquc
1243 1200 1448 1279 protervius
1474 1200 1630 1278 inferrent.
1677 1197 1768 1261 Itane
1795 1221 1864 1267 cero
1892 1201 1934 1263 ad
1961 1201 2128 1281 rependum
2156 1200 2250 1280 quin-

236 1309 329 1370 posse
360 1287 559 1367 dmireliendi,
594 1306 665 1348 mose
688 1287 801 1365 procul
828 1286 1038 1366 quaerendum
1067 1306 1126 1348 666
1155 1307 1219 1349 6336
1243 1274 1246 1339 i
1269 1307 1327 1366 que
1343 1287 1461 1364 pedum
1479 1285 1681 1347 verruculum
1697 1287 1750 1347 toti
1769 1287 1904 1349 coelestis
1919 1287 2093 1366 sapientiae
2108 1286 2249 1349 thesauri

241 1375 400 1455 adiunqit,
430 1374 505 1452 quia
528 1371 1060 1453 366166666666336666666666663666
1081 1374 1218 1451 Ι66666666
1243 1354 1246 1459 i
1270 1374 1478 1435 concurrunt?
1499 1371 1689 1433 universitas
1715 1371 1826 1434 milredi
1848 1370 1906 1434 bae
1921 1373 2143 1454 praeroqatica
2164 1391 2250 1435 cere-

241 1481 304 1540 qua
330 1465 520 1540 repetantur,
556 1456 679 1521 indubie
706 1459 841 1520 sentiunt
869 1459 955 1531 (Act.
987 1462 1037 1527 li,
1063 1462 1127 1539 27).
1183 1458 1218 1520 Si
1242 1462 1245 1517 t
1269 1458 1336 1520 bit?
1393 1456 1501 1519 Primo
1533 1462 1668 1519 statuere
1699 1457 1824 1535 aliquid
1856 1461 2037 1538 orqauicnm
2069 1460 2104 1521 in
2136 1460 2249 1521 anima

241 1568 321 1623 nero,
344 1551 378 1607 ut
390 1544 492 1607 Deum
514 1543 798 1623 apprehendentem,
826 1549 913 1606 eitra
938 1564 994 1605 663
1015 1544 1118 1624 cqrcdi
1140 1565 1218 1624 opus
1242 1522 1245 1611 i
1269 1545 1350 1623 quod
1377 1543 1511 1623 sinqulis
1536 1542 1680 1621 partibus
1701 1545 1896 1620 respoudeat,
1925 1545 2001 1607 adeo
2029 1543 2108 1606 nibil
2134 1544 2177 1607 ad
2199 1543 2250 1606 ob-

240 1653 300 1695 non
322 1636 374 1705 est,
397 1636 492 1710 q'uam
513 1629 635 1691 6666666
657 1630 823 1692 merebitur
845 1631 913 1692 eius
933 1630 1082 1705 socordia,
1105 1631 1161 1709 qui
1184 1635 1219 1691 ut
1268 1629 1459 1692 scuraudam
1480 1627 1543 1691 Dei
1563 1629 1698 1709 pluriam
1717 1629 1807 1707 facit.
1837 1635 1871 1692 ut
1886 1631 1994 1710 potius
2013 1650 2081 1692 eom
2103 1629 2249 1693 illustret.

193 1766 196 1777 .
242 1718 348 1781 Deum
369 1716 517 1792 inueniat,
541 1716 576 1777 in
598 1735 631 1777 se
652 1715 1057 1797 descendere-praeabitur?
1096 1715 1217 1778 Eadem
1271 1715 1465 1794 Itcsprmdeat
1482 1714 1652 1794 Epicu-rus,
1675 1715 1749 1793 quis
1764 1720 1935 1778 eternorum
1956 1735 2122 1778 cermiersus
2144 1713 2250 1778 cibum

240 1805 333 1869 etiam
354 1803 436 1865 ratio
458 1805 502 1863 est
523 1821 578 1862 cur
602 1800 726 1873 David,
755 1801 808 1863 ubi
830 1801 961 1864 breuiter
982 1801 1141 1864 celebravit
1163 1802 1217 1864 ad-
1241 1818 1244 1873 t
1269 1808 1297 1866 66
1321 1807 1432 1881 potum
1459 1819 1603 1878 coquens,
1630 1805 1750 1880 partim
1779 1801 1812 1861 in
1837 1806 2040 1877 accrementa,
2065 1803 2249 1881 partemin

240 1888 383 1953 mirabile
410 1887 473 1949 Dei
506 1907 612 1949 66666
646 1893 672 1949 et
704 1888 796 1950 decus
817 1908 896 1966 quac
917 1887 1030 1967 ubique
1059 1887 1216 1968 residqcut,
1242 1884 1244 1953 i
1269 1889 1453 1968 sanquinem
1485 1886 1620 1966 diperat,
1654 1906 1691 1948 66
1719 1887 1835 1965 efficiat
1863 1894 1898 1950 ut
1929 1888 2067 1968 sinqulis
2099 1885 2249 1950 nmnbris

240 1977 347 2039 statim
367 1973 512 2037 reclamet
533 1971 635 2054 (Psal.
655 1976 684 2047 8,
706 1973 754 2054 5):
776 1974 853 2052 quid
874 1978 919 2035 est
939 1974 1026 2036 liorem
1048 1975 1137 2034 66663
1158 1994 1218 2035 me-
1242 1962 1245 2045 6
1269 1977 1355 2035 tanta
1377 1975 1419 2035 sit
1442 1972 1599 2034 industria
1627 1973 1669 2035 ad
1691 1975 1914 2051 praestandum
1937 1974 2073 2053 osticium
2095 1993 2132 2036 ac
2152 1973 2183 2036 si
2204 1977 2250 2036 66-

240 2082 309 2125 mor
330 2063 385 2124 636
429 2058 525 2121 iterii:
550 2079 587 2121 ee
603 2079 654 2121 ore
676 2059 849 2138 tutantium
871 2064 898 2121 et
921 2059 1102 2122 lactantium
1124 2059 1218 2120 stabi·
1242 2062 1244 2087 ¹
1268 2059 1361 2122 tutem
1383 2058 1508 2120 animae
1530 2059 1682 2120 ceniniuni
1704 2058 1831 2122 66636666
1847 2079 1958 2139 corpus
1976 2080 2073 2121 66666
2090 2059 2251 2140 reperent?

240 2148 307 2211 listi
332 2146 435 2209 robur.
481 2142 641 2223 Siquidem
669 2165 730 2208 non
757 2150 876 2207 teritum
899 2146 934 2206 in
953 2165 1062 2225 qenere
1083 2144 1218 2206 bumana
1357 2150 1384 2206 5.
1433 2144 1494 2207 nea
1524 2143 1600 2204 nubi
1625 2165 1708 2206 nuuc
1735 2166 1803 2207 eum
1831 2146 1887 2208 illu
1908 2167 2072 2224 porcorum
2094 2145 2174 2207 tiara
2196 2165 2250 2207 ne·

240 2234 363 2299 clarum
384 2250 510 2309 operum
528 2229 592 2292 Dei
613 2231 772 2308 speculum
794 2236 916 2293 6636666
935 2232 1135 2310 premeneiat,
1164 2230 1218 2292 secl
1267 2232 1386 2312 qotium
1415 2250 1475 2293 non
1505 2234 1565 2291 est:
1590 2250 1639 2291 663
1667 2232 1769 2310 irrepis
1797 2233 1939 2310 cornipede
1961 2232 2016 2312 qui
2034 2231 2250 2311 qnaeqiostcris

240 2316 416 2399 infantibus
446 2317 522 2379 dnm
556 2337 576 2377 a
608 2322 744 2378 66666666
783 2317 928 2379 uberibus·
956 2317 1105 2395 pendent,
1138 2317 1218 2378 satis
1269 2317 1406 2397 arputiis
1434 2316 1545 2391 ‹rut-m,
1573 2315 1729 2396 friqidum
1757 2317 1838 2380 illud
1859 2317 2039 2381 Aristotelis
2065 2317 2182 2380 dictum
2210 2316 2250 2379 li·

241 2405 376 2469 disertas
402 2422 466 2465 esse
494 2402 624 2481 linquas
643 2403 685 2465 od
702 2404 951 2481 praelicarutam
979 2404 1047 2465 eins
1074 2401 1216 2483 ploriam,
1242 2398 1245 2437 ¹
1269 2402 1372 2464 bcnter
1394 2402 1514 2480 obliquo
1539 2401 1623 2478 steen
1648 2402 1801 2466 trabercut
1829 2409 1894 2466 taur
1920 2404 1962 2466 ad
1984 2403 2249 2466 imnmrtalitatem

241 2495 276 2553 ut
307 2489 435 2551 minime
466 2508 543 2567 opius
580 2489 622 2550 sit
657 2489 734 2551 aliis
764 2488 943 2551 rbctoribus.
1007 2487 1093 2552 cmm
1125 2489 1218 2550 etiam
1270 2490 1396 2551 animae
1428 2487 1621 2563 abolendam,
1663 2509 1757 2567 quam
1790 2491 1832 2552 ad
1864 2489 2056 2570 eripiendum
2092 2488 2160 2552 Deo
2192 2489 2249 2551 ius

241 2596 348 2639 eoru-in
375 2595 431 2637 ora
462 2574 491 2634 iu
520 2575 616 2637 aciem
638 2575 809 2653 producere
837 2596 896 2638 666
924 2574 1043 2636 dimitat
1069 2579 1218 2653 tanquam
1243 2616 1245 2623 ·
1269 2594 1370 2636 suum.
1418 2574 1503 2635 Num
1530 2573 1606 2650 quia
1633 2576 1795 2653 crqmiicee
1822 2582 1894 2638 3666
1919 2576 2045 2637 6666666
2071 2574 2248 2654 facultates,

241 2661 343 2725 valide
373 2661 524 2722 instructa
552 2661 595 2723 ad
621 2660 820 2740 refellendam
847 2682 954 2724 eorum
975 2661 1142 2722 apientiam
1164 2659 1219 2739 qui
1269 2660 1323 2724 boc
1344 2664 1507 2739 praetextu
1535 2659 1666 2740 alliqant
1695 2680 1761 2722 eam
1791 2664 1926 2739 corpori,
1964 2666 1998 2722 ut
2030 2662 2098 2723 sine
2125 2680 2157 2723 66
2184 2680 2251 2723 nori

240 2747 305 2812 Dei
327 2767 434 2811 66666
450 2767 513 2825 pro
535 2745 687 2810 dialmlica
708 2767 769 2809 366
791 2747 937 2827 snperbia
954 2748 1148 2828 cestinquere
1168 2766 1218 2808 66
1269 2747 1435 2823 subsistat,·
1458 2749 1590 2807 natmoe
1612 2765 1682 2807 cero
1699 2746 1815 2827 eloqiis,
1837 2754 1988 2826 qiumtum
2005 2747 2040 2808 in
2057 2768 2089 2809 36
2106 2751 2159 2823 636,
2182 2744 2249 2808 Dei

236 2839 353 2916 pereni.
403 2832 491 2897 Unde
524 2837 552 2894 66
578 2832 659 2895 illud
688 2834 814 2914 ermrqit
839 2833 921 2912 quod
948 2853 986 2896 66
1016 2833 1119 2895 Arato
1145 2833 1219 2895 citat
1269 2853 1377 2895 666666
1399 2831 1610 2911 supprimunt.
1654 2831 1755 2911 Atqui
1783 2833 1867 2914 louqe
1890 2832 1972 2896 66636
1993 2833 2071 2912 quin
2088 2831 2250 2912 potentiae

244 2919 386 2996 Paulus,
415 2938 470 2981 663
498 2938 563 2981 6336
584 2917 648 2981 Dei
666 2921 845 2999 propediem
867 2918 956 3001 (Act.
979 2923 1026 2993 17,
1047 2922 1120 2999 28),·
1142 2918 1219 2998 qaia
1270 2920 1394 2981 666666
1417 2919 1451 2979 in
1470 2916 1681 2996 functionibus
1703 2940 1782 2998 qaae
1803 2920 1921 2998 corpor-i
1948 2919 2086 2981 seruiunt
2107 2918 2251 2980 inclusae

239 3011 328 3070 tanta
352 3006 550 3083 praestamio
572 3024 628 3067 663
650 3025 819 3071 excusans.
850 3024 882 3067 36
906 3010 1028 3085 patrem
1049 3004 1138 3067 nobis
1155 3024 1219 3067 6336
1269 3007 1340 3068 sirit.
1388 3004 1472 3083 Quid
1493 3003 1547 3066 boc
1567 3003 1609 3064 ad
1630 3022 1742 3082 corpus·
1768 3010 1802 3066 ut
1823 3005 1937 3068 caeluni
1958 3005 2113 3079 metiaris,
2141 3023 2251 3066 nume-

240 3096 370 3154 testatus
391 3096 444 3153 636.
491 3089 592 3152 Sicuti
614 3091 707 3153 etiam
727 3111 764 3152 66
784 3092 939 3154 communi
960 3111 1054 3154 36636
1074 3095 1103 3152 66
1124 3090 1218 3169 quasi
1268 3112 1340 3154 rum
1362 3089 1521 3153 stellarum
1543 3087 1677 3168 collique,
1700 3095 1802 3154 teneas
1823 3092 1973 3169 cuiusque
1990 3089 2249 3171 ruaquitudinem,

240 3177 374 3241 dictante
400 3177 588 3257 experientia
608 3176 742 3256 profani
765 3183 872 3257 poetae
897 3197 967 3239 eum
995 3182 1142 3239 vocarunt
1168 3174 1218 3238 666
1269 3178 1353 3240 scias
1380 3196 1441 3256 quo
1468 3176 1572 3254 spatio
1600 3176 1680 3238 inter
1706 3197 1739 3240 se
1765 3177 1892 3252 (6636666,
1926 3197 1990 3255 qua
2023 3176 2172 3240 celeritate
2199 3175 2252 3238 vel

240 3263 364 3326 minum
390 3267 521 3343 patrem.
574 3261 682 3341 Neque
711 3283 781 3325 vcro
813 3283 845 3326 se
878 3263 1047 3343 quisquam
1080 3261 1160 3326 rdtro
1192 3267 1219 3324 et
1269 3263 1415 3327 tarditate
1437 3261 1600 3339 6666666666
1621 3282 1694 3326 3663
1716 3284 1836 3335 666363,
1859 3267 1931 3342 quot
1949 3262 2102 3343 qradibus
2123 3260 2181 3323 buc
2203 3262 2253 3326 vel

143 3416 150 3429 ,
239 3347 366 3412 libenter
394 3347 461 3411 Deo
487 3348 608 3412 addicet
635 3349 670 3410 in
697 3347 888 3428 obsequium,
923 3350 988 3412 nisi
1015 3349 1072 3428 qui
1097 3353 1218 3429 pustato
1269 3350 1345 3413 illuc
1371 3347 1550 3424 delectant?
1598 3345 1711 3411 Fateor
1739 3350 1864 3429 quiderm
1890 3368 1956 3411 6336
1987 3348 2122 3428 aliquem
2150 3352 2254 3412 astro-

234 3440 375 3519 paterno·
389 3435 458 3497 6663
480 3455 584 3497 amore
604 3434 743 3496 uicissim
770 3435 814 3498 ed
836 3454 906 3498 eum
927 3435 1103 3498 amandum
1124 3438 1151 3498 et
1173 3454 1218 3497 66
1269 3435 1368 3516 lopiae
1394 3453 1503 3510 usum;
1536 3433 1590 3496 sed
1618 3438 1739 3518 6666666
1767 3435 1903 3510 ostendo,
1937 3435 1973 3496 66
2002 3433 2060 3497 bac
2087 3438 2151 3496 tam
2181 3434 2253 3497 alta

240 3520 369 3584 lendmn
390 3519 510 3582 illectus
530 3521 634 3599 tuerit.
881 3534 885 3554 ·
1270 3519 1488 3600 disquisitione
1526 3539 1632 3582 rerum
1670 3521 1843 3584 coelestium
1877 3541 1938 3583 666
1971 3539 2037 3583 6336
2069 3519 2253 3600 erponicam

327 3611 355 3667 4.
402 3605 465 3668 Hie
497 3611 599 3668 666666
631 3605 780 3686 detepitur
805 3606 898 3687 foeda
924 3606 1085 3669 limninum
1113 3607 1219 3687 inqra-
1244 3662 1246 3669 .
1269 3606 1496 3687 simimetriom,
1526 3605 1581 3668 sed
1607 3625 1684 3668 suas
1712 3608 1837 3669 animae
1863 3628 1928 3670 esse
1948 3612 2058 3687 partes
2080 3626 2100 3668 a
2122 3623 2252 3685 corpore

238 3691 352 3768 titudo,
382 3692 438 3770 qni
464 3691 541 3753 dum
568 3692 601 3753 in
629 3711 661 3754 se
683 3694 833 3754 cmitinent
858 3691 1017 3772 officinam
1044 3693 1219 3755 innumeris
1243 3676 1246 3781 J
1270 3696 1440 3772 separatos.
1491 3690 1676 3771 Eeemplum
1709 3713 1808 3755 unum
1834 3694 2004 3772 proposui,
2038 3711 2076 3753 en
2109 3710 2170 3770 quo
2202 3713 2253 3756 re-

239 3778 305 3842 Dei
326 3777 471 3859 operibus
488 3776 626 3854 imbilcm,
649 3782 676 3840 66
696 3779 792 3840 simul
813 3779 972 3842 tabentem
992 3777 1219 3842 inaestimabili
1243 3786 1246 3813 ¹
1269 3779 1357 3858 liqna
1390 3797 1526 3853 euertere,
1559 3777 1721 3841 lectoribus
1743 3785 1925 3859 promptum
1958 3779 2024 3841 erit.
2078 3775 2255 3857 Matique·

238 3885 333 3944 opum
355 3864 444 3944 copia
465 3863 620 3941 refertam,
645 3883 743 3942 quum
764 3884 923 3945 erumpere
939 3863 1077 3928 deberent
1097 3865 1133 3926 in
1151 3864 1218 3926 lau
1269 3884 1345 3928 sane
1366 3863 1491 3925 animae
1512 3863 1640 3944 aqilitas
1662 3885 1726 3943 qua
1747 3867 1862 3929 caelum
1883 3871 1912 3927 66
1933 3869 2048 3928 terram
2063 3863 2252 3943 perlustrat,

237 3951 308 4026 des,
342 3954 426 4012 66666
453 3950 571 4012 maiore
596 3949 682 4029 fastu
710 3953 816 4014 eontra
844 3951 996 4028 tristaretur
1025 3970 1062 4013 ae
1088 3954 1216 4032 turpent.
1242 3934 1438 4029 iproeterita
1470 3950 1592 4029 futuris
1623 3951 1790 4032 coniuuqit,
1824 3953 1931 4015 retinet
1965 3950 2137 4012 rnernoriter
2168 3970 2253 4029 quae

242 4037 345 4116 Qiram
371 4035 463 4098 miris
488 4035 590 4098 modis
615 4037 651 4098 66
672 4036 754 4116 ipsis
775 4041 915 4115 operetur
936 4035 1041 4113 Deus,
1067 4038 1219 4099 sentium:
1242 4030 1391 4159 {pridem
1423 4034 1558 4109 audivit,
1592 4035 1653 4098 imo
1685 4037 1834 4114 quidlibet
1866 4037 1928 4101 sibi
1957 4036 2091 4117 liqueat,
2120 4035 2254 4100 solertia

237 4127 389 4203 quantam
410 4121 505 4183 etiam
527 4121 677 4184 donorum
694 4122 873 4184 carietatem
894 4143 932 4184 66
949 4122 1017 4184 eius
1035 4120 1218 4185 liberalitate
1269 4122 1362 4185 etiam
1383 4141 1447 4200 qua
1468 4141 1519 4183 res
1540 4121 1735 4186 incredibiles
1756 4125 1918 4205 eeeoqitat,
1941 4127 1968 4185 et
1989 4141 2068 4201 quae
2090 4125 2131 4183 666
2152 4122 2254 4186 mira·

231 4206 424 4289 possideant,
446 4227 508 4270 usu
529 4207 598 4286 ipso
618 4208 771 4270 docentur.
816 4207 903 4271 Haec
928 4207 1105 4270 diuinitatis
1127 4208 1218 4289 siqua
1269 4207 1380 4270 biliam
1401 4208 1520 4268 articam
1541 4212 1639 4270 mater
1661 4214 1721 4286 636,
1750 4215 1831 4274 certa
1859 4213 1932 4271 sunt
1953 4207 2131 4271 divinitatis
2152 4208 2254 4289 insip-

236 4314 311 4372 esse,
334 4298 484 4374 coquentem
505 4294 585 4355 scire
607 4292 698 4355 666666
720 4293 832 4372 realium
860 4295 946 4355 intus
967 4298 1069 4356 tannen
1090 4295 1218 4373 suppri
1269 4294 1326 4355 nia
1347 4292 1382 4354 iu
1404 4291 1532 4355 6666666.
1582 4295 1666 4373 Quid
1688 4297 1768 4375 quod
1789 4294 1968 4360 dormiemlo
1990 4313 2051 4356 666
2073 4296 2195 4355 tantum
2217 4314 2252 4359 36

236 4384 332 4444 munt.
375 4378 448 4442 Non
480 4398 560 4458 opus
586 4378 711 4457 quidem
743 4385 787 4442 est
813 4384 901 4442 eitra
930 4399 963 4442 se
992 4380 1079 4458 ipsos
1105 4380 1216 4462 eprcdi,
1268 4379 1452 4459 circunmqit
1473 4383 1501 4441 66
1522 4385 1631 4458 cusat,
1653 4382 1708 4445 sed
1726 4381 1821 4444 66666
1842 4382 1938 4443 666666
1955 4379 2093 4459 macipit,
2116 4379 2153 4443 de
2170 4380 2253 4444 mul·

236 4467 325 4530 niodo
346 4485 384 4529 66
405 4464 467 4528 sibi
488 4464 675 4546 arroqaudo.
690 4465 771 4544 quad
799 4465 928 4528 ecoelis
948 4463 1058 4528 datum
1079 4471 1135 4542 est,
1164 4466 1216 4529 de·
1268 4466 1310 4527 tis
1331 4465 1550 4542 ratiocinatur,
1578 4468 1690 4547 sutura
1717 4469 1810 4530 etiam
1831 4466 1978 4529 illiniat?
2026 4465 2111 4545 Quid
2132 4464 2182 4528 bic
2204 4466 2255 4530 di-

235 4552 359 4632 fodiant
380 4552 416 4613 in
436 4555 521 4613 terro
544 4550 625 4630 quod
646 4570 753 4613 eorum
773 4551 927 4614 mentibus
949 4550 991 4614 ad
1010 4552 1114 4614 Deum
1135 4551 1217 4614 clarc
1269 4550 1397 4614 cendum
1418 4556 1471 4627 est,
1494 4552 1561 4615 nisi
1581 4553 1676 4617 deleri
1698 4574 1760 4616 666
1775 4573 1867 4632 posse
1889 4573 1969 4631 quae
1991 4553 2026 4614 in
2049 4550 2172 4614 lumine
2193 4553 2254 4615 im-

236 4637 406 4701 6666666
432 4636 598 4716 praelucet.
654 4635 723 4700 Imo
756 4637 956 4719 prodiqiosos
984 4637 1073 4700 bodie
1106 4636 1217 4700 multos
1263 4656 1378 4718 pressa
1405 4641 1480 4699 sunt
1508 4639 1748 4701 imunitalitatis
1780 4639 1898 4719 siqua?
1942 4638 2035 4701 Nunc
2062 4656 2141 4715 quae
2166 4639 2253 4703 ratio

238 4721 372 4800 spiritus
394 4729 478 4785 terra
497 4724 640 4799 sustinet,
667 4725 723 4802 qui
747 4729 843 4787 tetum
864 4723 1041 4787 diuinitatis
1059 4743 1160 4787 serneu
1183 4724 1217 4785 in
1267 4723 1344 4803 feret
1365 4728 1400 4784 nt
1421 4723 1569 4786 36616666
1591 4724 1733 4800 (licinus,
1762 4729 1791 4787 et
1811 4730 1976 4788 creatorem
1998 4743 2059 4786 non
2081 4724 2254 4805 6666366669

237 4811 354 4869 natura
386 4806 526 4870 bumana
557 4828 706 4889 sparsum
737 4810 875 4889 contem
907 4829 969 4873 non
1001 4808 1144 4873 dubitant
1175 4808 1217 4871 ad
1271 4807 1339 4871 Nos
1366 4808 1496 4887 scilicet,
1525 4811 1642 4873 iad-icio
1669 4810 1750 4889 qued
1777 4810 1866 4874 nobis
1887 4811 2025 4873 inditum
2046 4812 2107 4885 636,
2135 4807 2257 4875 dioce-

237 4891 429 4957 obruendum
462 4893 525 4956 Ilei
558 4914 673 4957 nonen.
727 4896 829 4976 eram
861 4895 1050 4959 detestabilis
1076 4900 1135 4972 est,
1169 4894 1217 4958 ob
1268 4914 1379 4958 666663
1401 4897 1619 4958 interiectum
1640 4900 1668 4958 et
1689 4896 1985 4973 iniustumnullus
2006 4897 2112 4956 66666
2132 4895 2195 4961 erit
2215 4894 2257 4961 in

237 4997 331 5054 secra,
354 4976 427 5040 baec
447 4979 585 5054 vesania,
613 4985 648 5040 ut
668 4979 755 5046 borno
776 4982 813 5045 in
834 5000 959 5062 corpore
980 5001 1037 5044 suc
1059 4986 1087 5044 et
1108 4981 1217 5044 anima
1269 4980 1347 5043 coelo
1376 4980 1496 5043 iridem?
1540 4979 1639 5043 Nobis
1670 4983 1764 5044 etiam
1785 4985 1819 5045 in
1841 5002 1948 5046 semim
1970 4977 2277 5062 666666666666661Ι

239 5063 350 5127 centies
368 5061 472 5127 Deum
492 5064 735 5141 reperienstmc
756 5068 825 5148 ipso
844 5066 1038 5131 excellentiae
1050 5071 1217 5148 praetextu
1269 5066 1432 5129 residuum
1462 5065 1688 5146 intelliqentiae,
1713 5069 1820 5132 nullus
1844 5069 1933 5131 Deus
1955 5065 2103 5131 66666663
2124 5070 2194 5151 aqet
2216 5067 2255 5134 in

238 5149 345 5213 Deum
373 5168 438 5213 6336
469 5148 576 5229 neqet?
621 5149 693 5212 Non
721 5152 820 5215 dicerit
848 5174 881 5216 36
912 5152 1040 5232 fortuito
1069 5174 1090 5215 6
1117 5152 1218 5215 brutis
1269 5153 1385 5216 mundo
1405 5150 1558 5232 rependo?
1591 5152 1647 5215 Tot
1668 5156 1786 5217 artium
1807 5174 1973 5234 rerumque
1994 5150 2122 5216 utilium
2144 5153 2254 5219 inveri-

237 5234 453 5301 animantibus
477 5235 653 5313 distinctos,
680 5240 801 5300 tantum
832 5237 956 5303 obdndc
982 5243 1116 5302 naturae
1143 5238 1216 5318 cela,
1269 5242 1349 5302 tores
1370 5235 1566 5313 censebimnr,
1589 5243 1624 5300 ut
1638 5237 1805 5318 fraudetur
1821 5240 1912 5305 Deus
1933 5259 1994 5305 366
2011 5237 2130 5302 laude?
2153 5260 2255 5320 66666
