4672 5842
237 323 298 384 tte
880 312 1146 382 mormanno
1168 317 1272 383 ΗΕΒ.
1296 314 1477 383 oflulsu.
1504 320 1594 379 1559.
2175 316 2237 376 376

323 511 352 570 8.
398 504 464 570 Nee
489 525 559 569 cero
587 505 764 569 desceumm
791 504 834 570 ad
853 503 968 585 interos
988 506 1124 569 omittere
1144 525 1212 570 cort·
1262 507 1316 570 ria
1333 505 1377 590 (9,
1395 506 1457 589 ll),
1479 504 1561 584 quod
1579 504 1740 569 redemerit
1760 505 1877 568 uinctos
1897 522 1913 566 e
1930 507 2022 582 puteo
2043 503 2078 564 iu
2099 521 2161 582 quo
2177 521 2239 565 uou

237 594 332 669 omtit,
354 592 389 655 iu
410 612 471 672 quo
492 592 534 655 ad
556 591 775 671 redemptionis
795 591 929 673 effectum
950 611 1012 655 rou
1028 611 1148 671 pamm
1169 596 1213 654 est
1263 596 1328 656 erat
1349 612 1441 671 aqua.
1482 590 1606 668 Verum,
1628 609 1723 669 quum
1747 588 1895 653 Psalmus
1916 608 2023 652 eorum
2044 586 2240 650 liberationes

236 678 387 744 piamenti.
432 675 628 758 Quanquam
650 678 733 741 euim
754 696 796 740 ex
816 683 967 740 veterum
986 677 1114 758 seriptis
1136 698 1212 758 par-
1252 677 1430 760 praedicet,
1459 677 1514 757 qui
1540 677 1576 740 iu
1602 676 1781 758 loupirtquis
1801 674 1977 756 ropionibus
2004 673 2087 754 capti
2112 673 2147 735 iu
2173 673 2240 735 eiu·
2304 673 2305 677 ’

237 762 386 839 doulam,
416 783 496 843 quae
517 762 629 845 lepitur
651 763 687 825 ia
713 761 859 844 merboto,
889 770 1024 844 apparet
1045 783 1110 827 non
1132 761 1212 826 adeo
1264 763 1335 828 atta
1354 764 1577 841 coniiciuntur,
1607 760 1783 825 Zacharias
1805 764 1906 823 aedem
1921 759 2081 841 motando
2100 762 2128 820 et
2149 758 2241 822 arido

236 849 337 915 titisse
359 848 437 912 olim
459 850 493 912 in
516 848 658 913 ecclesiis
681 849 849 923 usitatam,
872 848 907 910 ia
928 849 1092 912 tractanda
1111 853 1213 912 tameo
1259 853 1356 931 puteo
1375 849 1424 913 oet
1444 849 1554 929 abysso
1574 852 1727 928 comparet
1747 846 1865 911 cladem
1888 845 2098 926 babylonicam
2119 844 2156 906 iu
2177 863 2241 924 qua

236 934 393 1001 doetrirtae
404 955 527 998 summa
544 935 642 998 locutu
657 934 686 997 ei
704 933 777 997 dari
794 952 912 997 necesse
928 938 981 1011 est,
1000 940 1112 1015 utpote
1130 954 1212 1016 qnae
1264 935 1423 999 dammare
1443 939 1511 998 mat
1525 934 1675 1016 populus,
1698 937 1726 996 et
1745 931 1840 995 umal
1857 932 1968 1007 doceat,
1989 931 2082 994 totius
2099 928 2241 993 eedesiae

237 1021 286 1086 rei
308 1020 472 1084 maximae
492 1019 567 1083 utile
589 1040 625 1083 ac
647 1020 774 1083 minime
791 1018 998 1100 spondendum
1019 1021 1213 1104 mysterium
1265 1021 1397 1085 satutem
1423 1036 1487 1084 esse
1514 1021 1631 1083 ercitum
1659 1039 1680 1082 a
1701 1017 1874 1099 profundis
1900 1014 2030 1096 inferis:
2056 1016 2157 1080 nescio
2184 1014 2241 1094 qui

237 1107 390 1173 eontinet.
443 1103 531 1170 Sunt
562 1104 693 1186 quidem
725 1112 758 1168 et
790 1126 831 1169 ex
854 1105 1020 1169 veteribus
1054 1104 1212 1183 nonnulli,
1264 1106 1383 1188 factum
1408 1106 1450 1169 sit
1475 1110 1510 1169 ut
1525 1105 1693 1186 posteritas
1720 1104 1819 1168 locum
1841 1107 1969 1181 putaret
1994 1121 2058 1167 asse
2084 1099 2241 1165 srtbterra·

237 1193 293 1276 qui
323 1212 395 1255 eam
418 1212 483 1254 non
506 1192 776 1273 praetermittant.
821 1189 918 1255 Unde
945 1191 1104 1255 ooniioere
1127 1190 1212 1268 lieet,
1265 1212 1371 1268 neum,
1402 1192 1455 1256 cui
1486 1191 1615 1272 affluxit
1645 1210 1755 1254 momen
1788 1187 1883 1252 limbi.
1931 1187 1993 1251 Sed
2025 1187 2099 1250 baec
2128 1185 2240 1266 sabula

238 1286 312 1361 pest
334 1277 537 1359 aliquantum
559 1276 713 1357 temporis
734 1275 891 1340 insertam
909 1297 975 1339 non
985 1277 1136 1358 protinus
1157 1275 1215 1341 sed
1266 1278 1389 1341 tametsi
1409 1297 1537 1359 mapuos
1556 1281 1678 1340 autores
1698 1273 1800 1352 ttabet,
1825 1279 1854 1338 et
1877 1272 1966 1337 leodic
1987 1293 2103 1353 quoquc
2122 1293 2143 1335 a
2161 1271 2241 1334 mul-

239 1363 360 1429 sensim
387 1360 529 1426 eeclesiis
556 1361 745 1426 insuevisse.
791 1361 831 1424 Id
857 1371 944 1426 certe
972 1369 1067 1426 entra
1087 1373 1214 1428 contro·
1264 1364 1308 1426 tis
1334 1365 1415 1428 serio
1436 1382 1498 1444 pro
1523 1363 1650 1426 veritate
1676 1360 1867 1442 defertditur,
1898 1358 1981 1422 urb-il
2011 1363 2112 1422 tamen
2144 1377 2241 1438 quam

239 1450 379 1515 versitmr
412 1458 476 1519 est,
510 1468 550 1510 ex
584 1448 748 1511 communi
782 1447 911 1529 piorum
943 1448 1088 1512 omnium
1116 1469 1215 1512 sensu
1264 1447 1374 1529 sabula
1406 1453 1457 1512 cst.
1513 1449 1600 1511 Nom
1633 1446 1808 1510 concludere
1838 1446 1873 1508 iu
1900 1464 2019 1509 earcere
2048 1447 2241 1508 mortuorum

238 1532 338 1600 nisse
372 1531 590 1614 desumptam3
623 1531 752 1614 ‹putndo
781 1553 876 1596 nemo
904 1541 954 1597 est
980 1541 1125 1616 patrum,
1159 1534 1214 1616 qui
1266 1536 1392 1599 animas
1414 1534 1539 1614 puerile
1566 1538 1624 1597 est:
1660 1530 1778 1596 Christi
1802 1536 1905 1594 autern
1930 1531 2070 1594 auimam
2090 1529 2165 1593 illuc
2187 1530 2241 1593 de·

238 1639 305 1685 nen
338 1618 372 1681 in
400 1618 466 1682 suis
494 1619 623 1699 scriptis
651 1617 843 1683 descensum
872 1617 997 1683 Christi
1026 1617 1068 1683 ud
1094 1619 1215 1683 inferos
1265 1621 1407 1685 scendere
1427 1624 1462 1682 ut
1482 1639 1536 1684 eas
1556 1619 1791 1694 manumitteret,
1814 1617 1890 1697 quid
1913 1636 1991 1698 opus
2010 1616 2097 1697 suit?
2128 1613 2242 1678 Liben-

238 1710 477 1777 commemoret,
496 1704 626 1768 tametsi
637 1704 904 1785 interpretatione
917 1702 1054 1770 diversa.
1088 1705 1215 1769 Verum
1265 1711 1312 1770 ter
1337 1706 1479 1786 equidem
1510 1705 1622 1787 fateor,
1662 1700 1821 1767 Christum
1847 1703 1928 1782 ipsis
1954 1702 2099 1766 illuxisse
2128 1701 2242 1764 virtute

239 1800 296 1855 eut
318 1812 338 1853 a
359 1787 484 1870 quibus,
508 1799 565 1852 aut
587 1810 650 1870 quo
673 1789 814 1871 primum
837 1797 982 1871 tempore
999 1791 1123 1855 inserta
1144 1791 1214 1854 fue-
1265 1793 1318 1856 sai
1339 1792 1490 1871 spiritus:
1514 1796 1549 1854 ut
1572 1790 1711 1872 qratiam
1741 1808 1837 1869 quam
1863 1808 1917 1868 spe
1940 1791 2140 1870 pustoberaut
2161 1787 2242 1850 dam

238 1875 296 1950 rit,
325 1896 443 1956 parum
465 1872 597 1938 adrem
619 1876 745 1938 attinet.
790 1874 906 1939 Potius
928 1875 989 1941 hoe
1010 1877 1046 1939 in
1068 1875 1214 1960 symbolo
1266 1882 1369 1954 tacet,
1398 1876 1514 1941 maudo
1540 1876 1641 1957 fuisse
1670 1879 1741 1938 tuito
1763 1873 1931 1937 celtibitam
1951 1876 2152 1956 apuoscerent.
2197 1872 2243 1936 Et

238 1959 574 2031 animadvertendum.
599 1968 635 2023 ut
656 1959 753 2042 plena
775 1968 808 2024 et
826 1962 972 2026 numeris
990 1962 1139 2027 omuibus
1157 1960 1214 2025 eb-
1260 1962 1419 2045 probabili
1439 1963 1559 2026 ratione
1578 1962 1638 2024 leuc
1659 1960 1765 2038 aptari
1779 1964 1880 2038 potest
1895 1958 1983 2022 Petri
2001 1960 2085 2023 leam
2101 1957 2133 2040 (l
2149 1958 2240 2022 Petr.

238 2046 345 2111 soluta
376 2045 454 2110 fidei
487 2066 615 2110 stimma
646 2045 739 2110 nobis
771 2051 893 2124 eousut,
932 2047 966 2110 in
1000 2068 1097 2129 quam
1130 2046 1215 2111 nihil
1268 2052 1296 2126 3,
1320 2046 1383 2131 19),
1404 2047 1459 2111 ubi
1480 2048 1556 2112 dicit
1576 2045 1735 2111 Oltristruu
1756 2047 1883 2123 oeuisse,
1905 2065 1942 2107 ac
1957 2045 2158 2126 praedicasse
2177 2046 2243 2125 spi-

238 2133 408 2216 ingeratur
432 2131 495 2195 nisi
518 2152 558 2193 ex
580 2120 753 2213 purissimo
774 2130 841 2195 Dei
863 2133 962 2197 verbo
983 2133 1130 2215 petitum.
1177 2132 1215 2195 Si
1266 2133 1380 2198 ritibus
1411 2134 1529 2214 quiin
1555 2132 1678 2212 speculo
1707 2137 1796 2195 eraut
1822 2130 1989 2215 (carcereo
2014 2135 2137 2194 vertunt
2163 2150 2241 2193 eom

238 2238 313 2300 quos
329 2236 427 2298 porro
448 2216 576 2297 inpedit
594 2218 759 2281 uterositas
784 2238 823 2281 ue
847 2219 883 2281 iu
906 2219 1076 2300 smubolum
1102 2218 1215 2282 admit-
1266 2218 1425 2302 maniter).
1471 2218 1557 2282 Nam
1578 2223 1605 2282 et
1625 2221 1781 2283 careum
1797 2237 1830 2281 eo
1851 2235 1907 2280 rios
1925 2216 2025 2303 ducit,
2044 2215 2164 2296 fiddes,
2186 2217 2242 2296 qui

237 2307 318 2380 taut,
345 2322 417 2365 otoo
444 2307 546 2366 tarum
567 2302 701 2383 marstem
725 2303 777 2383 liet
803 2305 887 2366 tanti
913 2305 1071 2369 interesse
1095 2302 1136 2368 ad
1162 2325 1213 2367 re-
1266 2310 1336 2369 aute
1356 2305 1392 2368 id
1411 2309 1530 2385 tempus
1551 2303 1687 2385 defuncti
1707 2303 1846 2383 fueram,
1868 2307 2020 2366 corisortes
2040 2302 2142 2383 fuisse
2162 2303 2244 2366 cires-

235 2387 431 2469 demptionis
452 2394 583 2451 nostrae
602 2408 766 2465 neormam,
787 2393 822 2451 ut
842 2410 879 2453 ea
894 2391 1066 2471 praeterita
1081 2391 1214 2455 multum
1265 2392 1335 2456 doru
1361 2389 1519 2454 uobiscum
1542 2392 1680 2473 pralium
1707 2389 1783 2469 quia
1811 2389 1875 2451 eim
1906 2389 2015 2451 mortis
2036 2388 2109 2451 iude
2130 2387 2244 2467 ampli-

234 2494 273 2538 ec
300 2473 408 2536 ruitis
432 2470 548 2536 Ctuisti
572 2474 678 2553 turem
703 2475 852 2556 depereat.
897 2473 986 2540 Sunt
1014 2476 1112 2539 etiem
1139 2497 1212 2539 rur·
1263 2475 1352 2556 ficet,
1380 2477 1461 2557 quod
1482 2477 1525 2541 ad
1545 2480 1681 2540 mortuos
1701 2494 1799 2555 usque
1815 2475 2037 2553 penetraverit,
2065 2474 2142 2538 dum
2163 2475 2242 2553 piae

234 2580 307 2624 sum
330 2557 386 2640 qui
407 2557 590 2639 opinentur.
619 2581 684 2623 non
708 2557 829 2641 aliquid
848 2581 971 2625 novum
988 2560 1042 2626 hio
1061 2559 1132 2637 diei,
1156 2560 1212 2626 sed
1265 2563 1392 2626 auimae
1412 2563 1481 2626 eius
1502 2561 1705 2638 visitationis,
1726 2580 1821 2640 quam
1843 2559 1971 2623 sollicite
1992 2565 2243 2639 exspectaverant

235 2642 307 2709 aliis
329 2642 437 2708 verbis
460 2645 577 2726 repeti.
607 2644 692 2727 quod
721 2645 813 2727 prius
837 2645 878 2710 de
900 2646 1070 2730 sepultura
1089 2645 1213 2711 dictum
1259 2649 1420 2729 praeteriti
1439 2652 1564 2727 aspida
1581 2651 1653 2710 surtt
1669 2647 1802 2727 politam
1823 2650 1938 2720 eontra,
1960 2645 2101 2724 reprobis
2121 2645 2241 2708 elarius

234 2730 357 2806 fuerat;
382 2727 644 2812 quandoquidem
667 2731 786 2795 irritum
810 2732 1002 2798 vocabulum
1026 2733 1155 2816 saepius
1177 2734 1212 2796 in
1260 2735 1365 2814 poterit
1386 2754 1419 2797 se
1438 2733 1562 2798 excludi
1583 2734 1621 2797 ab
1642 2733 1727 2795 moui
1748 2732 1855 2796 salute.
1898 2731 1987 2810 Quod
2003 2737 2108 2794 autem
2126 2729 2242 2794 Petrus
2279 2763 2284 2769 ·

234 2816 404 2898 seripturis
436 2836 496 2897 pro
530 2816 677 2898 sepulcro
712 2822 860 2896 portatur.
916 2816 1013 2899 Quod
1045 2817 1086 2881 de
1120 2818 1212 2882 verbi
1264 2839 1325 2882 nou
1351 2824 1417 2884 tam
1444 2819 1587 2883 distincte
1613 2817 1768 2898 loquitur,
1798 2837 1861 2880 mou
1886 2817 1932 2879 ita
1960 2817 2175 2897 accipiendum
2197 2822 2242 2879 est

233 2900 469 2985 significatione
497 2901 693 2978 obtendunt,
723 2922 840 2966 verum
868 2924 939 2968 esse
961 2903 1115 2979 enneade,
1145 2924 1212 2967 non
1265 2907 1359 2986 quasi
1383 2905 1469 2968 uallo
1495 2905 1676 2968 dismimiue
1700 2904 1772 2983 pios
1800 2902 1896 2966 ama
1922 2906 1950 2965 et
1975 2903 2089 2982 impios
2104 2903 2241 2982 perinis-

233 3008 308 3052 raro
333 3008 392 3068 pro
421 2985 568 3067 sepulcro
591 2988 692 3069 rteeipi
715 2987 896 3067 infernum3
925 2988 982 3053 sed
1009 3010 1122 3053 eorum
1143 2991 1212 3072 opi·
1264 2994 1345 3067 ceat;
1366 2991 1421 3054 sed
1437 2995 1556 3054 tautum
1574 2990 1678 3055 docere
1694 2990 1760 3053 cult
1777 3008 1966 3053 commatrem
1983 2988 2126 3068 atrisque
2140 2988 2242 3068 faisse

233 3070 325 3135 nioni
348 3072 491 3135 rationes
513 3070 597 3136 ditae
620 3081 815 3155 repugnant,
860 3073 1029 3157 uibusego
1042 3075 1135 3140 facile
1155 3074 1212 3138 ud·
1264 3077 1374 3140 mortis
1397 3074 1517 3140 Obristi
1537 3095 1669 3140 sermm.

234 3155 334 3254 ducor
362 3167 400 3218 ut
418 3157 466 3253 ⁸ab
492 3156 558 3221 illis
587 3157 786 3222 ensentium.
834 3095 988 3239 &nautae
1018 3161 1107 3224 enim
1129 3161 1212 3226 osei-
1354 3167 1400 3226 10.
1468 3161 1583 3225 Verum
1621 3162 1659 3225 de
1697 3158 1815 3224 Cbristi
1850 3161 1997 3224 descensu
2032 3160 2074 3222 ad
2112 3157 2240 3239 inferos,

233 3250 357 3307 tantiae
379 3241 509 3315 tineent,
534 3263 603 3306 rem
624 3243 759 3308 mimme
783 3243 962 3324 difficilem,
984 3247 1094 3312 verbis
1113 3267 1212 3328 expe-
1264 3248 1397 3329 seposita
1435 3249 1556 3311 ratione
1596 3246 1739 3328 symboli,
1787 3245 1906 3310 certior
1944 3245 2103 3326 expositio
2142 3265 2241 3327 quae-

234 3325 311 3392 ditis
334 3335 366 3391 et·
388 3326 485 3391 elaris
506 3325 773 3407 demonstratam,
796 3330 981 3396 obseuriere
1004 3331 1121 3397 deinde
1137 3354 1211 3398 ver-
1264 3333 1367 3398 reuda
1399 3341 1456 3397 est.
1508 3333 1554 3396 Et
1581 3333 1673 3397 uobis
1705 3353 1747 3395 ex
1774 3331 1838 3395 Dei
1863 3329 1962 3395 verbo
1994 3340 2139 3407 constat,
2175 3352 2241 3395 non

233 3412 349 3479 benun
380 3411 552 3494 complexu
584 3414 730 3479 iudieare
762 3417 868 3499 magis
900 3438 997 3499 quam
1023 3417 1209 3482 declarare?
1263 3418 1360 3483 modo
1392 3427 1505 3483 saneta
1536 3426 1570 3482 et
1602 3418 1669 3500 pia,
1714 3416 1772 3482 sed
1809 3416 1909 3498 plena
1940 3437 2067 3499 quoque
2101 3418 2241 3481 eximiae

233 3497 321 3564 Nam
350 3498 477 3595 quoties
500 3498 704 3580 loquutiones
734 3500 817 3565 duae
843 3523 914 3566 rem
942 3503 1079 3568 eandem
1102 3504 1210 3586 expri·
1264 3504 1500 3570 consolationis.
1543 3504 1636 3568 Nihil
1658 3514 1768 3567 aetum
1790 3511 1862 3566 erat
1884 3503 1912 3566 si
1934 3523 2089 3584 corporea
2111 3514 2241 3566 tantum

233 3592 364 3679 mentes
383 3583 481 3647 smrul
503 3593 750 3663 connectimur,
774 3589 984 3669 posteriorem
1006 3610 1076 3654 esse
1092 3591 1211 3671 prioris
1263 3600 1368 3655 morte
1389 3590 1562 3655 defunetus
1584 3590 1699 3654 finisset
1721 3588 1874 3654 Christus
1881 3612 1890 3667 ;
1919 3587 1976 3652 sed
2003 3609 2121 3671 operae
2142 3588 2241 3651 simul

234 3689 390 3766 exegesm
404 3669 569 3766 ‘convenit
604 3672 650 3735 At
667 3693 746 3737 vero
768 3673 873 3755 qualis
891 3675 955 3738 erit
972 3674 1036 3739 ista
1053 3676 1209 3758 exegesis,
1263 3677 1405 3760 pretium
1439 3686 1511 3740 erat
1542 3684 1580 3739 ut
1609 3674 1738 3739 divinae
1763 3674 1897 3739 ultionis
1925 3676 2134 3738 severitatem
2165 3695 2240 3736 sen-

234 3755 262 3819 si
295 3776 368 3836 quis
401 3763 447 3818 rto
476 3753 640 3836 loquutiu:
674 3757 761 3840 quod
788 3758 941 3824 Christus
964 3760 1111 3843 sepultus
1140 3781 1211 3826 esse
1263 3762 1354 3826 tiret:
1378 3783 1441 3843 quo
1464 3772 1497 3827 et
1517 3762 1585 3825 irae
1606 3761 1709 3843 ipsius
1730 3759 1960 3838 intercederet,
1983 3768 2017 3824 et
2038 3760 2239 3824 satisfaceret

234 3838 369 3917 dieitur,
404 3840 567 3921 signifieat
590 3841 631 3906 ad
657 3844 777 3908 int'ems
810 3844 1037 3911 descendisse?
1081 3846 1211 3912 Deinde
1264 3847 1502 3912 iustoiudicio.
1547 3847 1644 3912 Unde
1671 3848 1770 3911 etiam
1798 3868 1873 3911 eum
1896 3847 2039 3928 oportuit
2062 3867 2134 3910 eum
2156 3845 2240 3907 infe-

234 3946 302 3990 non
319 3934 369 3989 ost
385 3925 571 4005 verisimile,
593 3929 737 4011 irrepere
757 3931 901 4011 potuisse
913 3933 1113 4013 superfluam
1126 3933 1211 3996 eius·
1264 3954 1376 3998 rorum
1393 3934 1493 4015 copiis
1516 3939 1732 4016 aeternaeque
1753 3933 1868 3997 mortis
1884 3933 2028 4009 horrore,
2050 3933 2144 4012 quasi
2161 3952 2240 3994 eon·

236 4009 324 4109 modi
346 4010 563 4095 battologiam·
577 4014 612 4077 in
634 4014 861 4099 compendium
883 4017 957 4095 hoe,
986 4017 1041 4082 nbi
1068 4039 1212 4082 summa·
1264 4019 1359 4084 sertis
1380 4017 1541 4095 manibus,
1564 4019 1689 4083 luctari.
1734 4017 1978 4084 Oorreetionem
1998 4018 2086 4099 pocis
2107 4026 2240 4081 nostrae

145 4162 148 4167 .
237 4100 311 4169 tim,
345 4117 443 4177 apuam
471 4099 542 4162 fiori
569 4108 677 4182 potest
704 4102 907 4184 paucissimis
934 4102 1058 4181 verbis,
1086 4103 1212 4187 praeei-
1264 4104 1314 4168 illi
1335 4105 1522 4187 impositam
1543 4105 1642 4169 fuisse
1664 4126 1705 4168 ex
1726 4105 1887 4187 propheta
1910 4104 1986 4190 (Ios.
2006 4105 2061 4180 53,
2082 4103 2116 4187 5)
2142 4123 2242 4182 nuper

259 4204 302 4246 ua
330 4180 406 4246 fidoi
434 4184 541 4266 sapito
564 4194 728 4251 notantur.
774 4187 843 4253 Neo
876 4188 989 4253 dubito
1022 4189 1101 4271 quin
1130 4188 1213 4252 mihi
1264 4190 1853 4274 relidiruus,fi1issepropterseelera
1875 4199 1988 4255 nostra
2009 4211 2028 4254 a
2049 4197 2144 4272 patre
2208 4211 2240 4251 r-

312 4290 330 4366 o
353 4269 573 4369 assentitmtur
600 4273 782 4355 quicunque
804 4295 874 4338 rem
896 4275 1001 4356 ipsam
1018 4274 1116 4356 paulo
1139 4273 1212 4338 dili·
1264 4296 1404 4353 eussum‚
1428 4277 1578 4340 attritum
1597 4286 1729 4359 propter
1749 4292 1878 4341 nostras
1899 4277 2117 4341 infirmitates.
2190 4276 2240 4338 ui-

237 4361 369 4439 gentrus
391 4354 614 4436 expenderunt.
1047 4358 1060 4371 '
1263 4361 1325 4426 bus
1346 4363 1517 4445 signifieat,
1539 4362 1703 4427 inlocum
1724 4363 1940 4427 sceleratorum
1961 4383 2160 4445 sponsorem,
2183 4382 2240 4424 va·

324 4446 371 4537 9.Ι
394 4439 418 4522 ¹)
429 4440 503 4504 Alii
523 4462 610 4506 smus
627 4445 876 4524 iutemretautur,
898 4445 979 4525 qitod
999 4444 1142 4510 Christum
1156 4446 1211 4510 de·
1265 4446 1349 4524 dem,
1373 4447 1516 4530 adeoque
1538 4449 1644 4513 instar
1665 4449 1712 4513 rei
1735 4448 1941 4524 submissum,
1966 4449 2021 4530 qui
2044 4445 2242 4530 dependeret

235 4527 384 4623 soeculcrit
405 4526 448 4591 ad
459 4527 585 4591 restituas
600 4535 739 4610 protritus,
762 4531 819 4611 qui
839 4530 896 4594 sub
913 4530 975 4612 lepe
985 4533 1210 4608 mortriieraut,
1264 4555 1302 4600 ae
1314 4533 1514 4616 persolveret
1535 4556 1657 4614 omnes,
1680 4556 1763 4617 quae
1783 4536 1823 4599 ab
1839 4535 1905 4598 iliis
1919 4534 2122 4616 expetendae
2135 4547 2239 4609 erant,

235 4617 271 4677 tit
293 4617 436 4676 rtirrttmm
452 4619 597 4693 peractio!
617 4617 837 4695 reelmuptiouis
852 4616 1017 4698 perterret,
1039 4638 1076 4682 ac
1096 4622 1212 4683 ouerd
1263 4641 1397 4702 poenas;
1425 4642 1492 4685 uno
1519 4621 1579 4687 hoe
1602 4621 1761 4686 duntaxat
1782 4628 1931 4704 excepto,
1958 4620 2045 4705 quad
2077 4619 2241 4685 doloribus

236 4716 291 4763 tas
312 4718 349 4760 ca·
371 4717 504 4769 crimme,
527 4700 580 4763 ubi
601 4700 740 4765 iru·lusae
761 4702 956 4781 titubantem
976 4709 1004 4767 el
1025 4703 1085 4770 buc
1102 4724 1212 4785 perpe·
1264 4707 1380 4770 mortis
1406 4727 1473 4770 non
1501 4716 1629 4791 poterat
1655 4708 1794 4772 detineri
1821 4709 1909 4791 (Aet.
1929 4711 1963 4786 2,
1983 4710 2049 4789 24).
2093 4706 2184 4788 Ergo
2212 4706 2240 4767 si

236 4803 308 4848 ram
335 4783 462 4846 trirlrirut
492 4786 666 4850 testimonia
692 4808 731 4851 ec
761 4786 889 4853 Psalmo
914 4790 1008 4872 (107,
1030 4791 1098 4873 16),
1130 4789 1212 4870 meod
1265 4791 1307 4856 ad
1328 4793 1449 4858 interm
1461 4791 1665 4859 descendisse
1678 4792 1804 4870 dieitur,
1827 4793 2114 4861 nihilmirumest
2138 4812 2240 4874 quum

231 4873 342 4951 portia
359 4875 512 4933 <ieiunet
533 4877 625 4936 rectos
640 4872 757 4952 terreos
771 4874 909 4959 [reperit.
944 4875 1024 4942 Item
1042 4898 1081 4941 ee
1094 4875 1213 4942 Zacbo·
1264 4899 1337 4943 eam
1358 4888 1497 4944 mortem
1518 4879 1697 4962 pertulerit,
1719 4899 1802 4960 quae
1822 4880 1989 4945 secleratis
2011 4879 2053 4944 ab
2071 4881 2154 4942 irate
2169 4878 2241 4941 Deo

1263 4965 1432 5049 infligitur.
1487 4965 1538 5029 Ac
1569 4965 1666 5028 mimis
1695 4964 1828 5045 friuola,
1862 4967 1998 5047 ademar
2028 4964 2167 5030 ridicula
2198 4968 2242 5028 est

1264 5071 1371 5117 cortem
1387 5051 1530 5132 eaceptio,
1552 5051 1609 5130 qui
1630 5050 1807 5116 diatribae
1823 5053 1913 5118 mmo
1928 5053 2069 5133 perverti
2087 5052 2241 5116 ordinem:

310 5158 337 5235 1)
356 5159 434 5212 Heres
453 5176 507 5213 uos
526 5164 626 5216 absunt
643 5165 678 5218 ab
688 5166 750 5218 edit.
764 5167 940 5233 praecedente
953 5167 1035 5236 (Cap.
1055 5168 1212 5236 Vertat)
1264 5139 1342 5235 Μ’
1364 5135 1535 5233 “Quium
1553 5141 1601 5233 ,εει
1621 5136 1799 5218 mmm
1824 5137 1937 5204 mm
1962 5138 2046 5220 iim
2060 5138 2241 5217 mmm·

238 5226 287 5281 rat
302 5227 347 5281 tu
363 5246 473 5284 anieno
492 5237 596 5285 numia
613 5241 757 5302 appareat
1271 5221 1331 5289 Ubi
1347 5240 1430 5286 enim
1451 5242 1530 5302 piae
1546 5242 1581 5285 m
1599 5221 1758 5288 bominum
1774 5231 1935 5306 wospredu
1947 5244 2070 5307 passius
2087 5229 2133 5288 est
2153 5222 2243 5290 Obri-

344 5041 442 5050 ——--
