4672 5842
94 327 155 389 sel
328 321 419 388 LIB.
439 321 504 387 III.
550 320 614 386 Dis
637 320 774 386 MODO
795 319 1146 389 PEROIPIENDAE
1169 320 1360 388 CHRISTI
1383 322 1601 389 aalma
1647 324 1746 390 OAP.
1769 324 1867 390 XXI.
2040 330 2104 392 682

96 515 139 578 ab
161 512 230 576 eius
253 510 408 575 scientiae
424 510 636 592 inquisitione
654 510 886 585 abstineamus,
910 509 1003 573 cuius
1026 518 1076 574 est
1127 512 1289 595 hnquunt.
1334 511 1574 576 Rehaaanum
1596 514 1767 596 ingenium
1794 534 1860 577 non
1887 515 1996 578 minus
2018 516 2105 580 inso-

97 620 175 664 cum
207 596 325 668 stulta,
359 605 432 660 tum
458 595 657 679 periculosa,
692 604 790 677 atque
823 593 904 657 adeo
932 593 1076 659 exitialis
1128 597 1235 662 lenter
1252 619 1287 663 se
1309 597 1431 674 efferet,
1455 619 1557 679 quum
1577 598 1718 664 audierit
1739 609 1806 664 tres
1823 599 1860 662 in
1878 600 1943 664 Dei
1964 602 2107 665 essentia

97 683 270 750 affectatio.
316 680 413 762 Quod
441 682 470 747 si
496 704 555 746 nos
584 681 738 746 sollicitat
763 681 911 758 lascivia,
946 700 1077 762 semper
1128 683 1260 749 subesse
1279 703 1443 765 personas,
1466 703 1565 765 quam
1587 687 1615 749 si
1640 684 1751 748 audiat
1768 685 2104 768 Deumpraeridisse,

95 770 193 846 illud,
223 790 287 851 quo
313 768 524 845 retundatur,
554 787 712 850 opponere
739 767 892 845 expediet,
920 768 1001 830 sieut
1028 767 1077 830 ai·
1128 769 1206 852 quid
1230 768 1271 832 dc
1293 769 1427 832 homine
1448 769 1597 834 futurum
1620 780 1715 849 esset,
1738 792 1840 852 quum
1862 779 1995 835 crearet.
2036 772 2106 838 Nec

94 858 196 921 mium
216 856 320 919 mellis
335 875 397 918 acu
414 854 525 919 mm
542 859 594 931 est,
616 855 662 918 ita
679 853 942 935 iuvestrpatiouem
958 854 1077 935 pieriae
1129 855 1341 920 abstinebunt
1362 874 1382 916 a
1404 855 1572 921 cachinnis
1600 878 1701 938 quum
1722 856 1950 921 intellexerint
1971 858 2106 939 paulum

96 963 159 1007 aaa
186 943 289 1007 cedere
314 942 447 1005 curiosis
473 943 508 1004 ia
533 940 668 1022 pieriam
694 939 806 1018 (Prov.
827 942 883 1015 25,
903 937 979 1021 27).‘
1013 939 1076 1003 Det
1128 961 1230 1023 supra
1251 942 1394 1022 quinque
1417 962 1577 1006 annorum
1596 942 1700 1006 millia
1721 943 1888 1007 effluxisse
1909 945 2105 1010 screatione

97 1028 186 1092 enim
216 1047 275 1091 cur
302 1025 343 1090 ab
370 1046 409 1089 ea
438 1026 576 1119 audacia
601 1025 857 1101 absterreamur,
885 1044 967 1105 quae
989 1023 1075 1087 nihil
1128 1027 1253 1091 mundi.
1288 1024 1460 1106 Quaerens
1482 1028 1569 1090 enim
1592 1049 1652 1093 eur
1674 1027 1800 1092 tamdiu
1822 1030 1925 1094 otiosa
1946 1030 2106 1095 fueritne

98 1134 197 1196 quum
218 1113 254 1176 in
276 1113 407 1176 ruinam
429 1113 645 1194 praecipitare
667 1133 725 1175 nos
746 1119 861 1192 potest.
1128 1115 1234 1194 sopita
1254 1111 1319 1175 Dei
1342 1112 1457 1177 virtus.
1502 1113 1595 1177 Nihil
1624 1114 1765 1196 denique
1793 1116 1990 1195 proferetur,
2019 1116 2106 1197 quod

185 1203 213 1264 3.
259 1197 348 1264 Sunt
376 1198 432 1262 alii
460 1199 531 1279 qui,
560 1198 640 1262 dum
663 1196 741 1260 huic
762 1195 849 1260 malo
870 1195 996 1258 mederi
1018 1216 1075 1260 vo-
1128 1219 1195 1262 non
1222 1196 1372 1263 ludibriis
1400 1199 1467 1263 suis
1492 1201 1665 1281 impetant.
1715 1198 1789 1280 Quo
1821 1200 1902 1264 haec
1933 1202 2106 1285 sacrilegia

96 1285 185 1362 lunt,
209 1293 340 1349 tantum
362 1305 429 1349 non
451 1284 583 1365 sepeliri
606 1283 722 1348 iubent
744 1302 874 1345 omnem
896 1280 1075 1363 praedesti·
1128 1304 1385 1368 compescamus,
1414 1305 1456 1347 an
1485 1285 1525 1349 de
1552 1286 1612 1349 filii
1639 1293 1673 1350 et
1700 1287 1836 1368 spiritus
1859 1285 2030 1351 nemete
2054 1297 2103 1350 ta-

96 1371 243 1435 nstionis
269 1371 479 1434 mentionem.
526 1367 615 1434 Sane
643 1390 662 1432 a
689 1366 833 1450 qualibet
861 1369 931 1431 eius
958 1387 1075 1449 quaes·
1128 1369 1289 1434 cendum?
1318 1391 1360 1433 an
1390 1369 1514 1434 silendo
1540 1371 1795 1436 transmittenda
1821 1371 1939 1436 muudi
1961 1372 2102 1438 creatio?

96 1458 200 1534 tione,
229 1478 297 1520 non
320 1477 415 1522 secus
438 1467 536 1537 atque
558 1477 577 1518 a
600 1453 745 1536 scopulo,
775 1454 926 1536 refugere
948 1452 1074 1516 docent.
1127 1456 1199 1520 Imo
1221 1477 1299 1520 vero
1320 1457 1485 1538 potentior
1514 1466 1564 1521 est
1590 1458 1626 1522 in
1651 1458 1715 1521 hac
1734 1465 1827 1539 parte
1847 1466 1880 1521 et
1900 1458 2017 1541 ubique
2041 1458 2105 1524 Dei

97 1542 248 1624 Quorum
271 1541 402 1607 tainetsi
425 1541 497 1605 iure
519 1543 554 1605 in
576 1561 614 1605 eo
636 1539 802 1604 laudanda
819 1551 870 1603 est
886 1539 1074 1616 moderatio,
1128 1543 1264 1619 veritas,
1291 1563 1390 1624 quam
1414 1549 1451 1605 ut
1472 1543 1648 1623 impiorum
1669 1543 1933 1607 maledicentiam
1956 1546 2105 1609 reformi-
2136 1604 2140 1615 ,

61 1664 66 1672 ι
95 1629 183 1711 quod
212 1636 306 1693 tants
332 1628 505 1701 sobrietate
539 1627 713 1691 delibanda
743 1635 879 1690 censent
909 1625 1074 1709 mysteria,
1128 1628 1192 1692 det.
1237 1626 1523 1707 Quemadmodum
1545 1640 1580 1692 ct
1600 1630 1809 1712 Augustinus
1828 1630 1864 1692 in
1886 1631 2043 1711 opusculo
2064 1631 2105 1694 de

95 1716 172 1797 quia
193 1726 306 1779 tamen
327 1715 426 1778 nimis
447 1713 535 1776 infra
556 1713 690 1777 modum
712 1711 942 1790 descendunt„
958 1731 1076 1793 parum
1128 1714 1212 1779 bono
1240 1715 1505 1796 perseverantiae
1519 1714 1544 1796 ¹)
1577 1714 1684 1779 valide
1713 1715 1890 1780 contendit.
1941 1715 2105 1782 Videmus

95 1802 272 1884 proficiunt
293 1800 381 1882 apud
403 1799 588 1863 humanum
608 1799 795 1882 ingenium,
820 1795 906 1878 quod
928 1818 962 1860 se
985 1816 1075 1860 coer·
1129 1802 1218 1863 enim
1245 1799 1533 1882 pseudoapostolos
1561 1822 1627 1866 nou
1654 1802 1799 1884 potuisse
1820 1801 1963 1878 efficere,
1992 1814 2117 1867 veram'

96 1888 164 1952 ceri
192 1908 259 1950 non
287 1894 410 1951 temere
433 1886 567 1968 patitur.
612 1886 718 1967 Ergo,
746 1895 785 1946 ut
807 1882 869 1946 hae
890 1903 1019 1964 quoque
1040 1883 1076 1945 in
1129 1884 1226 1949 Pauli
1249 1884 1431 1949 doctrinam
1452 1886 1643 1951 infamando
1664 1905 1702 1951 ac
1723 1885 1941 1966 criminando,
1970 1895 2008 1952 ut
2029 1909 2105 1952 eum

95 1981 190 2055 parte
216 1973 403 2055 legitimum
430 1973 530 2035 finem
556 1983 743 2048 teneamus,
778 1967 983 2033 redeundum
1012 1968 1076 2031 erit
1128 1972 1232 2052 ipsius
1253 1970 1400 2052 puderet.
1446 1969 1543 2051 Quod
1570 1981 1681 2036 autem
1705 1973 1917 2055 piisquoque
1938 1973 2105 2039 mentibus
2149 1964 2154 1978 ¹

96 2059 139 2123 ad
160 2057 297 2123 verbum
320 2058 470 2132 Domini,
500 2058 535 2120 in
561 2077 625 2138 quo
652 2057 811 2121 habemus
832 2063 957 2118 certam
977 2053 1076 2118 intel·
1129 2057 1345 2139 periculosam
1372 2078 1443 2121 esse
1472 2055 1586 2121 dicunt
1607 2066 1710 2122 totam
1731 2058 1818 2122 hanc
1840 2058 2103 2140 disputationem,

94 2145 251 2228 ligentiae
272 2143 429 2226 reguiam.
469 2143 532 2207 Est
552 2143 640 2206 enim
663 2143 826 2222 scriptura
846 2140 959 2206 schola
980 2140 1076 2221 spiri-
1128 2144 1205 2224 quia
1226 2144 1268 2206 sit
1290 2142 1574 2208 exhortationibus
1596 2143 1746 2221 adversa,
1770 2145 1847 2225 quie
1868 2144 1968 2208 fidem
1990 2154 2104 2228 quate-

96 2240 151 2295 tus
174 2231 295 2309 sancti,
320 2231 354 2294 in
376 2249 441 2312 qua
463 2229 607 2293 utnihil
629 2229 898 2310 praetermissum
921 2234 971 2290 est
992 2226 1076 2290 scitu
1127 2229 1241 2303 faciat,
1275 2229 1352 2309 quia
1384 2249 1440 2292 cor
1465 2230 1575 2311 ipsum
1604 2230 1777 2294 conturbet
1804 2238 1901 2312 atque
1928 2233 2104 2310 exanimet,

96 2324 133 2381 et
154 2317 373 2382 necessarium
397 2329 431 2379 et
451 2315 548 2391 utile,
574 2315 620 2379 sic
642 2315 724 2378 nihil
748 2313 881 2377 doceam
902 2312 967 2376 nisi
988 2310 1075 2394 quod
1127 2316 1227 2379 inane
1247 2323 1304 2378 est.
1349 2314 1422 2379 Has
1443 2316 1484 2379 ob
1506 2335 1621 2380 causas
1649 2315 1802 2399 redargui
1826 2338 1861 2381 se
1883 2317 2016 2381 solitum
2038 2338 2104 2382 nou

95 2404 179 2468 scire
201 2402 370 2467 conducat.
405 2399 573 2484 Quidquid
590 2401 694 2483 igitur·
716 2400 756 2463 de
777 2397 1075 2481 praedestinatione
1128 2399 1315 2464 dissimulat
1345 2401 1606 2483 Augustinus,²)
1645 2401 1732 2483 quod
1771 2401 2105 2484 praedestinationem

95 2491 132 2553 in
154 2490 315 2570 scriptura
333 2487 490 2570 proditur,
514 2486 698 2552 cavendum
720 2494 770 2550 est
788 2505 829 2548 ne
848 2482 889 2547 ab
906 2505 944 2548 eo
962 2483 1075 2548 fideles
1127 2487 1267 2550 nimium
1294 2484 1395 2549 libere
1445 2486 1634 2551 raedicaret.
1680 2485 1762 2562 Sed,
1790 2488 1877 2569 quod
1903 2487 1952 2552 illi
1974 2509 2105 2572 promp-

95 2595 278 2640 arceamus:
306 2595 348 2638 ne
376 2573 548 2638 videamur
576 2584 635 2636 aut
661 2572 735 2636 illos
757 2570 901 2654 maligne
922 2569 1075 2633 fraudare
1127 2579 1302 2651 tumeret,
1325 2508 1453 2636 abunib
1475 2572 1602 2637 refellit.
1646 2574 1714 2638 Nos
1737 2580 1856 2651 autem,
1878 2575 1956 2656 quia
1981 2575 2105 2640 multae

93 2661 160 2726 Dei
181 2661 231 2726 sui
253 2659 418 2738 beneficio,
441 2669 499 2723 aut
516 2659 668 2742 spiritum
687 2655 1073 2740 arguereacsuggillare,
1127 2667 1161 2721 et
1178 2657 1289 2722 variae
1300 2657 1366 2721 huo
1383 2659 1582 2742 ingeruntur
1593 2658 1820 2737 absurditates,
1839 2680 2104 2743 unamquamque

94 2748 212 2830 quiea
239 2746 383 2830 vulgarit
409 2766 492 2828 quae
520 2745 600 2809 utile
630 2746 673 2809 sit
693 2744 762 2807 ullo
784 2742 881 2806 modo
903 2742 1073 2823 supprimi.
1126 2765 1186 2809 suo
1208 2743 1278 2808 loco
1295 2741 1484 2808 diluendam
1499 2765 1631 2818 servare
1640 2745 1825 2810 maluimus.
1856 2746 2000 2810 Tantum
2021 2745 2104 2810 illud

93 2833 339 2909 Permittamus,
363 2833 507 2914 inquam,
528 2829 847 2896 christianohomini
860 2828 995 2906 cunctis,
1018 2828 1074 2909 qui
1125 2831 1160 2894 in
1182 2830 1377 2896 universum
1398 2829 1547 2894 obtinere
1569 2831 1657 2912 apud
1678 2852 1733 2896 eos
1755 2833 1863 2915 cupio,
1893 2840 1930 2896 ut
1956 2852 2040 2914 quae
2067 2833 2104 2896 in

95 2919 136 2983 ad
158 2940 235 2983 eum
257 2917 455 3001 diriguntur,
478 2915 543 2981 Dei
565 2917 770 2981 sermonibus
792 2924 937 2979 mentem
961 2934 1073 2978 aures·
1126 2916 1253 2980 occulto
1281 2915 1450 2981 recondita
1470 2916 1635 2981 Dominus
1656 2917 1804 2998 reliquit,
1833 2938 1876 2981 nc
1902 2925 2087 2982 scrutemur
2094 2941 2102 2997 ;

96 3026 159 3087 que
182 3025 343 3083 reserare;
366 3003 462 3068 modo
485 3023 560 3067 cum
583 3003 644 3068 hac
666 3002 892 3084 temperantia,
911 3007 951 3063 ut
972 3019 1073 3081 quum
1125 3021 1209 3083 quae
1235 3002 1272 3065 in
1298 3010 1450 3083 apertum
1476 3001 1628 3083 protulit,
1657 3024 1700 3067 ne
1726 3003 1947 3086 negligamus:
1976 3024 2019 3067 ne
2046 3010 2106 3068 aut

94 3092 239 3172 primum
260 3090 425 3154 Dominus
447 3109 576 3154 sacrum
604 3110 640 3153 os
662 3088 831 3163 clauserit,
861 3085 917 3150 ille
944 3105 1073 3168 quoque
1125 3107 1194 3151 una
1214 3108 1256 3151 ex
1278 3096 1372 3168 parte
1395 3087 1516 3150 nimiae
1538 3089 1752 3167 curiositatis,
1782 3098 1840 3152 aut
1861 3110 1903 3153 ex
1924 3089 2029 3153 altera
2050 3090 2102 3153 in-

94 3179 183 3241 viam
206 3176 268 3241 sibi
290 3175 333 3239 ad
354 3174 586 3257 inquirendum
610 3173 809 3257 praecludat.
844 3171 910 3237 Hic
930 3172 1073 3254 optimus
1125 3173 1337 3256 gratitudinis
1358 3172 1560 3239 damnemur.
1599 3174 1687 3238 Nam
1708 3181 1742 3239 et
1762 3173 1845 3238 illud
1865 3174 1946 3239 scite
1968 3175 2009 3240 ab
2031 3176 2102 3240 Au·

95 3262 280 3325 sobrietatis
302 3262 463 3325 terminus
484 3261 561 3336 erit,
590 3263 619 3326 si
649 3282 716 3325 nou
741 3258 898 3324 modain
920 3257 1073 3322 discendo
1125 3260 1259 3342 guetino
1267 3259 1297 3344 8)
1329 3257 1453 3323 dictum
1486 3270 1550 3339 est,
1584 3280 1644 3325 nos
1676 3266 1748 3324 tuto
1779 3261 1977 3343 scripturam
2009 3261 2101 3343 sequi

95 3357 308 3429 praeeuntem
330 3367 459 3428 semper
476 3367 651 3428 sequamur
663 3344 783 3423 Deum,
806 3343 864 3409 sed
886 3345 955 3427 ipso
972 3345 1072 3408 finem
1125 3366 1234 3427 posse,
1262 3365 1347 3427 quae
1368 3345 1461 3409 velut
1483 3357 1633 3411 materno
1655 3347 1786 3411 incessu
1809 3346 2003 3411 submissius
2025 3367 2100 3430 gra-

96 3430 234 3496 docendi
265 3432 419 3508 faciente,
453 3452 567 3513 sapere
599 3433 683 3497 velle
716 3431 913 3495 desinamus.
958 3431 1073 3513 Neque
1125 3430 1229 3507 ditur,
1258 3452 1300 3494 ne
1326 3431 1552 3495 infirmitatem
1580 3440 1727 3497 nostram
1755 3430 1892 3496 deserat
1940 3432 2003 3514 Qui
2029 3452 2101 3497 aero

40 3591 44 3602 y
95 3518 180 3582 tanti
202 3518 358 3598 estquod
380 3518 499 3587 timent
521 3518 719 3601 periculum,
742 3526 781 3581 ut
804 3515 1073 3581 aDeioraoulis
1123 3524 1189 3580 tam
1216 3518 1301 3581 cauti
1327 3522 1400 3581 suat
1426 3518 1473 3582 cel
1500 3518 1608 3583 timidi
1627 3523 1662 3582 ut
1676 3519 1996 3599 praedestinationes
2013 3519 2103 3583 aaa

94 3614 244 3668 avertere
271 3604 398 3668 animos
427 3603 499 3667 ideo
528 3603 712 3669 debeamus.
764 3602 886 3668 Celebre
914 3609 959 3666 est
989 3602 1073 3667 Solo-
1123 3609 1189 3667 tam
1209 3604 1350 3684 cupiaut
1374 3623 1412 3667 ue
1432 3603 1546 3668 debiles
1566 3604 1693 3670 animas
1710 3604 1875 3682 conturbet,
1896 3625 2033 3685 qucum
2054 3604 2102 3668 ob

92 3691 195 3755 maris
216 3689 345 3766 dictum,
367 3690 502 3772 pluriam
522 3710 588 3755 esse
609 3690 674 3756 Dei
695 3689 793 3755 celare
813 3688 939 3754 cabum
958 3688 1071 3771 (Prov.
1124 3709 1208 3753 secra
1234 3688 1331 3753 colore
1356 3693 1453 3771 tepeat
1479 3710 1572 3754 amru
1598 3691 1826 3773 arropautiam,
1860 3709 1957 3770 quum
1984 3690 2102 3770 oblique

94 3781 152 3855 25,
174 3776 218 3858 2).
264 3774 327 3840 Sed
347 3795 442 3856 quum
467 3777 505 3840 de
527 3796 561 3840 re
582 3776 717 3856 qualibet
742 3774 797 3840 boe
813 3775 991 3855 wentanae
1011 3794 1073 3839 uou
1124 3773 1230 3839 Deum
1255 3774 1438 3839 iasiuucleat
1465 3775 1576 3841 studae
1596 3777 1830 3859 incapitautiae,
1864 3776 1959 3854 quasi
1976 3776 2102 3855 pericu

92 3862 226 3944 uuilipt
248 3867 275 3926 et
290 3862 398 3944 pietas
418 3867 446 3925 et
460 3882 571 3926 seusus
587 3862 758 3927 maauaie
774 3861 872 3936 dictet,
894 3861 1072 3941 quaerenda
1124 3860 1198 3938 lam,
1221 3860 1273 3924 eui
1288 3861 1460 3942 pucdeater
1481 3881 1637 3926 accurrere
1658 3862 1721 3925 sibi
1740 3862 1901 3936 afflatur,
1930 3879 1990 3922 uou
2005 3880 2101 3939 prae·

93 3948 181 4013 uobis
201 3948 359 4012 distiuctio
381 3952 440 4026 est,
467 3968 506 4012 ae
532 3948 698 4013 modestiae
725 3952 753 4010 et
780 3946 955 4012 sobrietatis
975 3967 1073 4027 prce·
1124 3947 1263 4012 adae?
1309 3947 1460 4028 Quisquis
1486 3947 1586 4028 ipitur
1605 3946 1906 4027 praedestinationis
1927 3946 2101 4011 doctrinam

93 4040 175 4098 aaa
196 4034 288 4098 aare
307 4034 436 4098 inscitia
462 4034 549 4098 nobb
570 4033 702 4114 placeat.
746 4032 799 4096 Ea
825 4053 897 4096 aero
913 4034 1030 4114 paucis
1052 4053 1073 4096 a
1124 4033 1248 4098 maidia
1266 4038 1394 4114 parat,
1424 4037 1526 4112 aperte
1553 4032 1709 4096 maleduit
1730 4031 1797 4097 Deo
1824 4051 1861 4096 ac
1881 4033 1912 4096 si
1931 4032 2102 4098 tueouside
2151 4108 2154 4113 ,

31 4138 35 4149 ·
94 4120 183 4185 Mose
209 4120 311 4184 verbs
339 4119 476 4184 dilucide
498 4121 686 4200 reprimitur
708 4118 822 4200 (Deut.
843 4123 894 4197 29,
914 4117 979 4200 29).
1007 4117 1073 4182 Ar·
1123 4123 1191 4183 rate
1211 4119 1241 4182 ei
1262 4119 1402 4199 elapsum
1421 4118 1509 4198 foret,
1534 4117 1615 4197 quod
1636 4122 1680 4181 est
1701 4116 1844 4182 eatam
1864 4119 2003 4183 accium.

92 4227 186 4282 caua,
214 4207 330 4286 iuquit,
366 4225 427 4269 sua
455 4211 528 4269 suist
556 4204 625 4267 Deo
650 4209 768 4283 aarum
799 4205 887 4270 uobis
913 4210 1018 4268 aidau
1045 4208 1072 4269 et
1211 4210 1240 4268 b.
1287 4202 1621 4281 Praedestiuaticaem,
1649 4222 1714 4283 qua
1735 4201 1825 4267 Deus
1851 4206 1934 4269 alios
1960 4207 1995 4268 ia
2016 4224 2102 4284 ιραιι

90 4293 170 4372 filiis
201 4294 317 4357 uestra
355 4290 429 4356 llaec
466 4291 687 4372 manifestabit.
740 4289 888 4354 Videmus
921 4291 1005 4354 caim
1037 4295 1072 4354 ut
1123 4291 1205 4354 adae
1232 4289 1373 4369 adaptat,
1404 4289 1485 4353 alios
1512 4288 1675 4353 adiudicat
1703 4293 1844 4353 aetauoe
1868 4291 1974 4367 auerti,
2005 4309 2101 4367 aeuo,

92 4379 233 4443 studium
264 4378 420 4443 auum
445 4377 522 4460 lepis
543 4375 662 4458 populo
688 4376 871 4440 commmdet
902 4382 1022 4440 tanam
1050 4397 1071 4440 a
1124 4377 1179 4455 qui
1207 4375 1281 4439 uelit
1301 4376 1380 4456 pias
1405 4375 1537 4451 aeasea,
1563 4374 1747 4454 simpliciter
1772 4394 1884 4458 uepare
1910 4375 2017 4452 audet;
2047 4375 2102 4439 sed

91 4464 209 4528 acdesti
240 4465 368 4543 decreta
401 4464 479 4545 quia
509 4462 578 4527 Deo
598 4535 601 4541 Α
604 4462 729 4541 placuit
760 4481 829 4524 eam
851 4463 1072 4543 promulqare;
1124 4480 1194 4524 eam
1224 4461 1332 4525 multis
1365 4461 1488 4526 caaidis
1520 4462 1696 4537 iuuolauut,
1722 4462 1914 4542 praesertim
1944 4480 2014 4523 vero
2045 4460 2102 4539 qui

86 4550 242 4630 populum
267 4570 339 4614 vero
368 4551 499 4614 madan
525 4549 676 4613 contiued
702 4548 738 4610 ia
764 4547 808 4610 iis
828 4547 986 4624 casada,
1015 4546 1072 4612 bae
1117 4547 1363 4626 pascentium
1394 4548 1516 4628 faeiuut
1542 4548 1611 4612 eius
1637 4566 1774 4611 musam.
1818 4547 1868 4612 Ae
1894 4566 1952 4610 aas
1976 4545 2101 4627 quidem

90 4637 158 4699 sola
178 4637 307 4715 ratione,
320 4637 398 4716 quia
419 4638 473 4718 tas
493 4656 554 4700 uou
576 4639 622 4698 est
641 4631 824 4696 mortalibus
844 4653 876 4697 se
896 4634 931 4696 iu
953 4653 1072 4698 arcana
1123 4638 1288 4713 uuamque
1309 4633 1345 4696 iu
1367 4632 1435 4698 Deo
1457 4636 1641 4712 statuimus·
1666 4632 1720 4696 sed
1741 4637 1941 4713 praepostere
1966 4632 2102 4696 dicimus

91 4720 157 4785 Dei
177 4723 322 4805 inperare.
1123 4718 1256 4783 alteram
1283 4718 1376 4782 alteri
1402 4720 1524 4785 subiici.
1566 4718 1826 4783 Praescientiam
1854 4739 1957 4800 quum
1984 4716 2101 4782 tribui-

179 4815 207 4871 4.
242 4808 419 4890 Arripiunt
440 4807 556 4885 subito,
577 4806 692 4882 fateor,
714 4804 844 4886 profani
866 4804 1016 4868 homines
1036 4805 1072 4867 in
1122 4825 1198 4869 mus
1215 4802 1298 4882 Deo,
1321 4805 1543 4888 significamus
1564 4805 1675 4869 omnia
1695 4825 1825 4886 semper
1845 4805 1947 4870 fuisse
1968 4825 2006 4870 ac
2027 4824 2101 4887 per-

91 4891 403 4975 praedestinationis
425 4893 572 4971 materia,
596 4890 681 4974 quod
704 4889 758 4954 vel
778 4897 924 4972 carpant,
947 4889 1000 4953 vel
1018 4911 1072 4954 oa-
1123 4897 1223 4971 petuo
1244 4909 1380 4954 manere
1401 4890 1461 4955 sub
1484 4891 1554 4955 eius
1575 4890 1690 4967 oculis;
1713 4898 1751 4954 ut
1772 4891 1843 4955 eius
1860 4891 1998 4955 notitiae
2015 4889 2101 4954 nibil

92 4978 262 5056 villentur,
291 4978 345 5043 vel
367 4979 536 5057 allatrent,
564 4978 618 5044 vel
640 4977 849 5042 subsannent.
894 4977 942 5039 At
962 4975 991 5039 si
1012 4997 1072 5040 nos

92 5063 253 5131 absterret
274 5085 388 5129 eorum
410 5065 598 5148 procacitas,
623 5062 759 5128 celanda
780 5069 878 5127 erunt
898 5066 1072 5144 praecipua

90 5171 240 5234 quaeque
260 5151 339 5215 fidei
361 5151 524 5234 dogmata,
545 5170 685 5235 quorum
706 5149 774 5213 fere
796 5147 926 5212 nullum
948 5145 1071 5213 ablas-
1192 5179 1207 5231 1
1240 5179 1297 5249 ΟΨ

90 5238 228 5321 phemio
248 5236 444 5302 inviolatum
470 5244 530 5300 aut
555 5238 618 5319 ipsi
645 5243 703 5302 aut
729 5255 843 5300 eorum
867 5233 992 5300 similes
1018 5254 1070 5299 re-
1121 5265 1181 5319 osp
1201 5179 1242 5302 it.

1124 5064 1326 5072 -—----.-

1299 5220 1305 5232 .
1324 5177 1365 5232 lb.
1384 5181 1523 5249 usquead
1541 5178 1582 5232 20.
1670 5179 1701 5247 2)
1723 5181 1764 5233 Do
1781 5181 1853 5234 bono
1871 5181 2099 5250 perseverantiae,

1312 5246 1344 5317 3)
1362 5250 1436 5303 libr.
1455 5249 1481 5304 b.
1499 5250 1534 5304 de
1553 5249 1650 5304 Genea
1668 5249 1704 5303 ad
1720 5251 1792 5304 liter.
1811 5266 1832 5304 c.
1851 5247 1876 5304 3.
