4672 5842
244 311 306 375 703
887 305 1154 374 INSTITU'PIO
1174 307 1279 372 REIu
1302 304 1483 372 OHRIS'P.
1512 310 1602 370 1559.
1730 317 1738 333 ⁸
2186 308 2252 377 ’104

244 499 333 564 sione
355 495 533 572 Dominus,
557 517 655 577 quam
678 518 742 578 qua
762 517 822 578 per
849 497 1001 578 spiritum
1023 517 1121 560 suum
1142 518 1220 560 usus
1273 517 1308 559 re
1327 495 1506 577 agitaretur
1523 495 1678 577 quaestio,
1697 495 1812 577 ecquid
1830 495 1871 560 ad
1890 516 2003 560 eorum
2021 499 2252 563 necessitatem

244 592 293 649 est
313 583 368 663 qui
388 601 447 663 per
468 603 504 646 os
525 581 623 645 Pauli
644 582 851 664 loquebatur;
884 592 917 646 et
943 583 1008 663 ipsi
1026 581 1220 647 dediscimus
1272 581 1381 646 valeat
1407 582 1509 664 ipsius
1541 581 1774 663 praevidentia
1789 581 1813 664 ¹)
1864 579 1933 646 Sed
1961 604 2064 665 quum
2091 604 2159 648 nen
2188 584 2252 650 alia

243 669 326 734 benc
346 667 437 749 loqui
459 668 514 732 ubi
537 689 611 732 cum
634 666 706 732 Dec
727 669 815 749 loqui
839 667 1026 732 desinimus.
1273 667 1399 731 ratione
1421 688 1503 748 quae
1525 668 1637 730 futura
1658 675 1736 730 sunt
1757 667 1954 751 praevideat,
1979 670 2042 734 nisi
2057 670 2197 752 quisita
2214 679 2252 735 ut

330 757 358 816 6.
388 752 540 817 Alterum
559 774 686 836 quoque
701 754 864 818 obiectum
874 755 915 819 ab
931 754 1099 836 impietate
1116 775 1221 818 emer·
1272 754 1389 817 fierent
1411 753 1562 829 decrevit,
1585 753 1708 818 frustm
1729 751 1769 817 de
1790 754 2005 835 praescientia
2025 755 2067 819 lis
2088 766 2249 833 movetur,

244 839 301 923 git,
320 838 407 921 quod
426 847 537 904 tamen
556 861 621 903 non
639 847 706 904 tani
723 837 764 903 ad
783 839 846 903 Dei
864 840 1105 923 sugillationem
1123 861 1220 922 quam
1274 838 1329 902 ubi
1344 847 1472 903 constat
1490 838 1814 922 ordinationepotius
1826 846 1860 903 et
1875 848 1958 904 nutu
1980 840 2092 906 omnia
2107 844 2249 907 evenire

244 924 286 990 ad
309 927 486 1006 peccatoris
507 927 749 991 excusationem
770 933 859 990 recta
880 935 1012 1009 spectat
1058 927 1147 1001 Etsi,
1165 927 1220 1008 qni
1360 928 1388 988 7.
1432 924 1573 989 Disertis
1599 925 1699 989 verbis
1719 924 1774 989 boc
1799 931 1923 989 exstare
1943 933 2069 1009 nepam,
2097 928 2251 993 darana

244 1007 354 1076 aDeo
375 1009 550 1075 damnatur
567 1022 723 1093 pensator,
746 1013 875 1075 nonnisi
897 1033 972 1076 cum
994 1012 1110 1077 iudicis
1127 1013 1220 1095 igno-
1270 1010 1372 1091 fuisse
1392 1031 1413 1074 a
1434 1008 1510 1087 Dec,
1532 1017 1566 1073 ut
1585 1031 1648 1074 suc
1668 1011 1832 1091 Meamne
1846 1013 1969 1091 periret
1990 1012 2107 1076 Adam.
2149 1014 2250 1095 Quaeri

243 1097 346 1161 minis
374 1097 543 1162 iustificari
564 1095 694 1160 demmn
722 1103 837 1178 potest
883 1095 939 1162 Sic
961 1119 1038 1181 ergo
1066 1099 1220 1180 profanae
1272 1116 1343 1160 uero
1365 1097 1447 1160 ι’ἄειη
1468 1096 1520 1160 ille
1541 1096 1644 1173 Deris,
1673 1117 1762 1176 quem
1781 1098 1939 1179 scriptura
1960 1100 2127 1178 praedicat
2147 1100 2249 1180 facere

243 1182 375 1266 linguae
408 1183 626 1265 obganniunt:
658 1203 717 1247 cur
744 1204 782 1247 ea
815 1184 894 1247 vitio
921 1185 1013 1248 Deus
1045 1185 1222 1267 imputaret
1272 1203 1467 1263 auaoeuupue
1488 1183 1560 1259 cult,
1583 1181 1725 1263 απιὺίφιιο
1744 1182 1807 1261 fiae
1827 1183 1998 1247 contulerit
2020 1185 2249 1250 nobilissimam

244 1268 448 1340 hominibus,
481 1289 620 1349 quorum
652 1269 876 1333 necessitatem
904 1291 965 1333 sua
996 1269 1220 1351 praedestina·
1272 1287 1311 1332 et
1338 1269 1406 1332 suis
1432 1269 1593 1331 creaturis.
1645 1267 1754 1332 Liberi
1781 1267 1911 1332 arbitrii
1937 1270 2037 1350 fuisse
2064 1271 2186 1348 daura,
2216 1277 2249 1336 ut

245 1355 333 1419 tione
361 1343 536 1437 imposuit?
569 1352 645 1435 quid
674 1355 761 1418 enim
789 1355 954 1420 lacerent?
989 1376 1031 1419 an
1060 1376 1136 1421 eum
1164 1354 1220 1419 dc-
1271 1354 1432 1434 scriturum
1461 1355 1528 1434 ipse
1554 1354 1615 1418 sibi
1645 1354 1785 1435 siriam,-
1815 1353 1920 1418 Deum
1946 1376 2017 1420 cero
2044 1356 2127 1421 nillil
2157 1358 2249 1422 desti·

244 1441 341 1506 cretis
368 1439 438 1504 eius
470 1439 692 1504 luctarentur?
726 1449 760 1504 at
788 1441 909 1504 frustra
936 1441 969 1504 id
999 1442 1115 1506 facturi
1144 1441 1219 1519 sint,
1274 1460 1377 1508 nasse.
1400 1441 1465 1503 uisi
1493 1445 1526 1502 ut
1549 1460 1610 1519 pro
1631 1441 1739 1503 merito
1760 1460 1831 1503 eum
1856 1445 2009 1505 maderet.
2059 1442 2140 1506 Tam
2158 1443 2249 1526 frigi-

244 1547 344 1609 quum
374 1526 506 1589 omnino
534 1525 640 1590 facere
668 1548 733 1589 nen
764 1527 896 1607 possint
941 1527 1017 1590 Non
1045 1548 1123 1610 ergo
1152 1529 1221 1590 iure
1272 1525 1347 1588 dum
1369 1531 1568 1589 coniuratum
1590 1526 1620 1588 si
1641 1526 1805 1605 recipitur,
1834 1526 1888 1590 ubi
1909 1529 1967 1590 crat
1988 1528 2046 1592 illa
2068 1527 2133 1592 Dei
2154 1531 2250 1593 mmai·

124 1646 128 1659 ·
243 1613 284 1677 ob
311 1633 349 1676 ea
383 1612 566 1692 puniuntur
599 1632 738 1693 quorum
770 1613 945 1693 praecipua
969 1614 1004 1676 in
1031 1612 1093 1676 Dei
1126 1634 1221 1696 prac-
1267 1612 1426 1690 potestte,
1465 1632 1528 1690 qua
1560 1611 1729 1675 securtdum
1761 1632 1913 1676 arcanum
1945 1613 2132 1692 consilium,
2169 1616 2251 1695 qaod

243 1695 461 1762 destinatione
483 1717 581 1761 caiisa
603 1710 660 1760 est.
707 1696 771 1761 Hic
799 1697 1008 1763 abstinebas
1034 1698 1221 1763 defensione
1272 1696 1402 1761 aliunde
1429 1717 1488 1760 riou
1512 1698 1630 1776 marae,
1658 1697 1763 1760 omitia
1785 1698 1985 1762 racduatur?
2035 1699 2138 1780 Atqui
2155 1721 2251 1780 prae-

242 1780 403 1864 adquam
426 1783 493 1847 fere
515 1782 689 1865 scriptores
717 1782 925 1848 aeclesiastici
947 1794 1134 1861 recurrunt,
1157 1806 1221 1848 non
1273 1782 1444 1859 cerrima,
1467 1782 1569 1859 veliet,
1593 1782 1698 1859 raoliut,
1721 1784 1757 1846 iu
1772 1784 1908 1864 posteris
1928 1805 1961 1849 se
1976 1787 2107 1867 profert.
2143 1785 2250 1867 Neque

242 1868 399 1950 impedire
417 1868 481 1932 Dei
500 1869 748 1951 praescientiam
766 1869 939 1951 quominus
960 1870 1056 1934 homo
1074 1879 1223 1953 peccator
1274 1869 1357 1932 etaim
1386 1868 1505 1949 factura
1534 1873 1578 1931 est
1610 1869 1797 1933 sumaim
1828 1874 1863 1933 ut
1891 1890 1913 1934 a
1944 1871 2045 1935 solute
2076 1872 2250 1936 ecciderunt

243 1963 426 2036 reputetur;
448 1953 712 2036 quandoquidem
734 1953 822 2018 illius
844 1955 939 2029 mala,
963 1977 1027 2020 non
1053 1977 1113 2021 sua
1131 1957 1222 2020 Deus
1274 1974 1383 2030 ouium,
1407 1954 1503 2018 uaius
1519 1954 1665 2035 pareatis
1685 1955 1785 2034 eulpa
1822 1955 1906 2035 Quid
1926 1976 1977 2020 ecs
1992 1956 2135 2037 proibet
2154 1957 2250 2039 fateri

242 2041 442 2125 pmcvidcat
477 2040 551 2103 Non
574 2041 662 2104 enim
682 2039 735 2105 hic
757 2039 948 2106 subsisteret
968 2041 1142 2118 cavillatio,
1164 2042 1222 2107 scd
1273 2040 1312 2104 de
1332 2061 1393 2103 aino
1414 2039 1544 2116 liertiae,
1557 2041 1638 2121 quod
1659 2041 1751 2103 iuviti
1771 2041 1809 2105 de
1824 2046 1883 2105 tcto
1904 2041 2041 2106 bumana
2056 2064 2166 2125 petere
2185 2064 2249 2108 eoa

241 2127 352 2209 potius
375 2135 515 2209 urgeret,
538 2126 647 2190 Deum
670 2136 780 2189 tamen
803 2127 897 2191 malis
919 2149 1002 2210 quae
1024 2127 1223 2210 praeviderit
1274 2125 1406 2190 muru?
1460 2126 1543 2207 Quid
1570 2127 1653 2190 atim
1679 2127 1911 2208 tergiversando
1937 2128 2076 2192 luderem
2101 2128 2250 2209 mam?

284 2212 386 2276 tuisse
408 2232 594 2283 occurrere,
617 2212 644 2275 si
669 2211 830 2276 voluisset
875 2211 987 2294 Quum
1011 2235 1077 2277 non
1099 2214 1220 2289 fecerit,
1276 2209 1407 2275 Gaudes
1421 2212 1568 2277 mortales
1585 2213 1618 2276 iu
1634 2212 1730 2275 unitis
1746 2211 1882 2277 bominis
1892 2233 2030 2294 persam
2045 2217 2141 2279 morti
2156 2221 2249 2280 aeter·

242 2232 405 2363 dietmaro
431 2296 577 2363 consilis¹
593 2318 719 2362 creasse
747 2297 912 2363 hominem
941 2301 976 2363 in
1009 2320 1085 2364 eum
1111 2300 1220 2377 finem,
1273 2317 1333 2362 uae
1358 2298 1550 2378 mancipatas
1579 2298 1680 2378 fuisse
1704 2299 1862 2378 scriptura
1888 2300 2010 2364 mmet
2060 2300 2129 2366 Hoc
2155 2322 2250 2382 mam

243 2390 282 2448 ut
315 2405 350 2447 sc
382 2384 417 2448 in
449 2392 538 2448 terra
571 2384 618 2447 ita
650 2394 787 2466 gereret
832 2383 929 2464 Quod
958 2386 985 2450 si
1015 2385 1079 2450 Dei
1112 2386 1221 2468 provi·
1273 2388 1405 2447 natiuae
1431 2383 1569 2448 adscribi
1596 2388 1739 2464 nequeat,
1765 2383 1805 2447 ab
1825 2384 2010 2450 admirabili
2030 2384 2096 2450 Dei
2122 2387 2250 2452 cumdio

244 2467 356 2534 dentis
383 2470 418 2533 in
446 2469 531 2534 hanc
558 2468 777 2534 conditionem
806 2469 904 2535 homo
931 2480 1058 2536 creatus
1085 2482 1151 2548 est,
1186 2479 1222 2535 ut
1267 2469 1441 2552 profecimus
1462 2489 1527 2532 esse
1546 2470 1675 2533 minime
1695 2468 1859 2533 obserarunt
1879 2477 1931 2535 est.
1976 2469 2085 2536 Bomos
2105 2473 2184 2537 istos
2204 2473 2251 2536 ia-

243 2563 355 2637 pcstea
376 2555 497 2620 laceret
504 2574 729 2704 Quaecunque
745 2555 831 2629 facit,
854 2577 921 2620 ncn
938 2578 1009 2622 esse
1026 2557 1075 2620 illi
1092 2557 1221 2622 crimini
1273 2555 1377 2620 stitiae
1393 2553 1457 2618 Dei
1472 2560 1626 2634 patrcuos
1641 2556 1807 2636 perplexos
1823 2555 1949 2621 bearem
1964 2558 1999 2620 iu
2015 2557 2143 2638 festuca
2166 2559 2251 2623 altas

243 2639 438 2706 vertendum
459 2663 503 2723 qu
569 2663 629 2706 nec
656 2641 800 2724 affugere
822 2644 933 2724 pessit,
961 2651 995 2707 et
1015 2643 1079 2707 Dei
1106 2643 1222 2708 volun·
1273 2661 1344 2704 aero
1374 2639 1477 2704 trabes
1500 2661 1665 2721 superare,
1699 2642 1796 2705 trimis
1824 2641 1995 2707 matreium
2023 2648 2073 2707 est.
2129 2643 2251 2707 Iterum

242 2734 310 2792 tate
327 2727 491 2809 suscipiat
511 2725 535 2807 ¹)
567 2727 657 2809 Ergo
679 2726 846 2792 videamus
863 2727 1022 2810 quemodo
1039 2730 1101 2793 rite
1117 2728 1222 2794 nodus
1273 2747 1396 2806 macero,
1419 2726 1500 2790 urtdc
1519 2727 1637 2807 fadum
1657 2731 1703 2790 est
1722 2731 1757 2790 ut
1777 2732 1818 2791 tet
1835 2733 1939 2810 geras
1959 2749 2026 2793 aaa
2050 2748 2119 2791 mem
2139 2728 2250 2794 liberis
2287 2774 2294 2794 .

243 2811 389 2896 expediri
423 2811 549 2877 debeat
599 2813 750 2877 Primum
779 2816 924 2878 omnium
957 2823 1106 2880 constare
1136 2815 1223 2879 inter
1274 2833 1380 2876 comem
1396 2811 1572 2893 intestibus
1589 2818 1730 2877 edernae
1746 2814 1839 2877 morti
1855 2814 2020 2880 involveret
2033 2813 2250 2893 muscatae

242 2919 356 2963 amnes
377 2898 475 2963 debet
491 2897 577 2981 quod
598 2898 646 2962 ait
663 2896 818 2963 Salomon
841 2900 953 2982 (Prcv.
978 2903 1025 2977 16,
1044 2900 1089 2984 t),
1112 2898 1222 2965 Deum
1273 2897 1387 2980 absque
1413 2898 1560 2977 remedio,
1588 2898 1653 2963 uisi
1679 2899 1756 2979 quia
1776 2898 1846 2964 Dec
1871 2900 1919 2964 ita
1944 2902 2046 2964 cisum
2072 2900 2141 2964 est?
2187 2900 2251 2966 ffie

244 3155 318 3221 sitio
345 3156 380 3219 in
408 3177 508 3220 mann
531 3156 595 3220 Dei
617 3157 673 3229 sit,
702 3178 803 3238 quum
825 3179 925 3240 penes
951 3159 1059 3240 ipsum
1080 3158 1222 3223 resideat
1273 3157 1393 3238 poterit
1419 3156 1498 3237 quin
1525 3156 1737 3238 praesciverit
1764 3121 1872 3235 Deris,
1891 3178 1990 3240 quem
2011 3159 2140 3222 exitiun
2168 3166 2252 3224 esset

243 3240 360 3306 salutis
382 3263 419 3307 ac
440 3243 554 3307 mortis
575 3242 756 3313 arbitrium.
778 3244 911 3308 cumdio
928 3254 1073 3327 numque
1095 3267 1154 3310 suc
1176 3245 1222 3309 ita
1274 3241 1445 3307 habiturus
1467 3241 1573 3319 homo,
1596 3252 1773 3324 antequam
1794 3243 1902 3325 ipsum
1924 3241 2094 3322 conderet,
2124 3254 2159 3309 et
2180 3243 2250 3309 ideo

242 3325 382 3404 ordinat,
404 3338 443 3392 ut
458 3329 545 3392 inter
567 3328 716 3392 homines
733 3340 920 3408 miscentur,
942 3331 984 3396 ab
1001 3342 1093 3395 utem
1114 3339 1222 3397 certae
1273 3328 1493 3411 praesciverit,
1506 3328 1582 3409 quia
1599 3326 1730 3393 decreta
1745 3348 1805 3392 suc
1822 3330 1869 3394 sic
1887 3327 2064 3394 ordinarat
2098 3329 2142 3394 In
2158 3352 2251 3413 prae-

242 3414 342 3478 morti
364 3413 482 3490 devoti,
505 3414 560 3496 qui
579 3435 638 3478 suc
655 3415 755 3478 critic
773 3417 875 3497 ipsius
892 3437 1010 3482 nomen
1029 3416 1220 3500 glorificent
1274 3415 1444 3479 scientiam
1465 3413 1530 3478 Dei
1551 3415 1580 3477 si
1605 3415 1678 3497 quis
1700 3413 1754 3479 hic
1775 3414 1964 3491 invehatur,
1993 3426 2119 3480 temere
2146 3430 2182 3481 et
2201 3418 2250 3480 in-

243 3496 283 3563 Si
305 3500 379 3580 quis
400 3507 561 3571 causetur,
584 3499 710 3563 nullam
731 3501 778 3566 eis
799 3502 914 3566 inferri
934 3504 1162 3568 necessitatem
1179 3525 1221 3568 ex
1273 3499 1420 3565 consulte
1440 3499 1602 3583 impingit
1641 3498 1730 3581 Quid
1751 3500 1848 3579 enim,
1871 3521 1999 3583 quaeso,
2022 3509 2073 3566 est
2094 3523 2155 3568 cur
2177 3525 2251 3568 reus

242 3584 307 3649 Dei
340 3583 564 3665 providentia,
592 3584 649 3649 sed
677 3587 785 3667 potius
808 3608 848 3652 ea
868 3588 1053 3654 conditione
1082 3590 1123 3654 ab
1151 3590 1221 3674 ipso
1274 3595 1392 3670 agatur
1423 3585 1560 3650 acdestis
1585 3587 1682 3650 iudet
1713 3587 1791 3668 quia
1824 3608 1891 3652 ncn
1928 3586 2132 3670 ignoraverit
2164 3587 2250 3671 quod

242 3690 314 3736 esse
347 3678 489 3743 creatos,
521 3673 674 3752 quoniam
703 3671 846 3737 fiimram
878 3695 992 3738 eorum
1023 3675 1221 3757 pravitatem
1272 3672 1421 3737 futurum
1454 3671 1546 3735 erat?
1601 3672 1643 3735 In
1664 3671 1994 3753 praedestinationem
2016 3675 2184 3756 comma't,
2220 3674 2249 3737 si

240 3754 450 3840 praeviderit,
473 3778 577 3839 neque
600 3756 682 3822 nihil
705 3757 797 3836 (licit,
819 3780 924 3842 neque
944 3770 1060 3825 tetum.
1105 3758 1222 3826 Solent
1272 3758 1351 3840 quid
1372 3767 1422 3822 est
1444 3757 1496 3821 vel
1517 3757 1624 3822 iustae
1645 3758 1698 3822 vel
1719 3759 1883 3840 speciosae
1905 3758 2136 3841 querimoniae
2178 3758 2248 3824 Nec

242 3842 373 3924 quidem
391 3841 556 3907 interdum
574 3843 636 3908 hac
653 3843 814 3909 solutione
831 3847 881 3910 uti
898 3858 1033 3915 veteres.
1052 3845 1110 3911 sed
1127 3848 1221 3928 quasi
1272 3843 1453 3910 absurdum
1474 3841 1579 3909 videri
1601 3843 1697 3908 debet
1717 3842 1803 3925 quod
1825 3843 1911 3921 dico,
1934 3844 2045 3909 Deum
2064 3866 2130 3908 non
2150 3843 2248 3908 modo

242 3925 440 3992 dubitanter.
485 3926 681 3995 scholastici
700 3952 778 3996 vero
800 3932 836 3995 in
857 3933 1103 4014 aequiescunt,
1132 3934 1220 3998 acsi
1272 3931 1371 4012 primi
1399 3929 1540 3994 hominis
1565 3949 1693 4005 casum,
1720 3938 1756 3992 et
1777 3931 1811 3994 in
1833 3951 1871 3994 ec
1892 3938 2096 4013 posterorum
2115 3930 2246 3993 ruinam

241 4012 326 4076 nihil
348 4024 461 4078 contra
481 4016 601 4097 opponi
621 4030 737 4098 posset
782 4017 943 4100 Feuidem
971 4019 1221 4101 praescientiam
1271 4015 1480 4099 praevidisse,
1502 4013 1561 4079 sed
1577 4016 1712 4080 arbitrie
1732 4037 1861 4099 quoque
1878 4037 1937 4082 suo
1954 4015 2163 4099 dispensasse.
2198 4015 2247 4080 Ut

242 4097 345 4163 sclam
368 4099 493 4164 nullam
510 4102 631 4167 inferre
653 4105 881 4169 necessitatem
898 4105 1059 4169 meat-mis
1080 4103 1220 4169 libenter
1272 4103 1361 4166 enim
1382 4100 1424 4166 ad
1446 4102 1516 4166 eius
1537 4102 1732 4184 sapientiam
1752 4103 1903 4185 pertinet,
1921 4102 2067 4167 omnium
2087 4121 2171 4184 quae
2193 4102 2247 4165 fu-

242 4205 446 4256 coucassem.
475 4189 607 4253 tametsi
627 4210 693 4253 non
722 4211 835 4254 omnes
859 4191 1087 4254 assentiantur.
1132 4188 1222 4255 Sunt
1271 4200 1348 4252 tura
1369 4197 1448 4252 sunt
1468 4207 1539 4252 esse
1559 4188 1758 4270 praescium,
1780 4188 1828 4254 sic
1849 4187 1891 4253 ad
1912 4186 2107 4270 potentiam,
2136 4188 2248 4252 omnia

242 4271 332 4336 enim
353 4272 409 4353 qui
430 4272 536 4354 ipsam
556 4295 683 4356 quoque
709 4297 842 4340 causam
869 4297 981 4340 rerum
1002 4297 1073 4340 esse
1095 4276 1219 4341 volunt
1271 4295 1372 4338 manu
1394 4294 1455 4338 sua
1475 4294 1589 4356 regere
1604 4295 1643 4338 ac
1663 4274 1834 4339 moderari
1868 4274 1914 4338 at
1928 4274 2007 4339 banc
2021 4293 2140 4355 qaoque
2156 4295 2248 4354 quae

242 4357 372 4423 Verum
398 4357 480 4422 mibi
508 4361 633 4425 acanus
656 4380 694 4424 ac
714 4360 908 4442 prudentius
934 4361 1065 4426 videtur
1088 4383 1221 4445 perspe-
1271 4360 1400 4424 mmm
1427 4360 1637 4442 Aacastimrs,
1650 4364 1681 4443 ²)
1709 4366 1744 4423 at
1770 4361 1871 4437 alias,
1903 4362 1979 4426 scite
2001 4360 2139 4441 expedit:
2163 4361 2247 4425 salu

244 4445 330 4509 aissa
354 4444 466 4516 Valla.
497 4446 593 4511 homo
615 4446 734 4527 alioqui
762 4447 796 4509 in
824 4448 924 4511 sacris
949 4469 1016 4511 ncn
1044 4447 1221 4513 admodum
1272 4445 1403 4512 ware
1428 4448 1607 4526 wraitcmar
1633 4446 1716 4527 qued
1743 4447 1911 4512 rectissime
1941 4446 2114 4524 eredimus,
2143 4445 2245 4510 Deum

243 4530 450 4605 exercitatus,
468 4533 524 4612 qui
540 4552 776 4613 supcmacuam
794 4552 865 4596 esse
883 4531 968 4598 hanc
979 4536 1220 4599 contentionem
1274 4531 1505 4612 Dmirrumque
1525 4553 1631 4597 rerum
1651 4533 1805 4610 ommium,
1827 4534 1885 4613 qui
1904 4532 2021 4596 meac&
2040 4533 2149 4597 ommia
2169 4531 2246 4597 bona

243 4614 401 4687 ostendit,
434 4617 588 4697 quoniam
615 4631 649 4680 et-
676 4618 745 4681 vita
772 4632 807 4681 ct
837 4638 926 4683 mors
952 4618 1083 4684 divinae
1116 4622 1221 4704 magis
1244 4638 1248 4741 y
1272 4641 1289 4682 e
1361 4669 1369 4697 ,
1391 4623 1420 4683 et
1440 4617 1525 4682 male
1545 4639 1584 4682 ee
1604 4619 1692 4683 bouis
1711 4618 1875 4683 moriame
1894 4617 2082 4698 praescivi,
2108 4624 2137 4683 et
2157 4618 2247 4682 scirit

243 4700 423 4767 voluntatis
443 4723 542 4783 quam
564 4704 798 4786 praescientiae
820 4705 888 4769 sint
908 4707 1061 4772 acbcnes.
1105 4705 1145 4770 Si
1162 4705 1220 4770 hc-
1244 4744 1248 4757 ι
1273 4706 1376 4788 magis
1392 4704 1435 4768 ad
1451 4724 1544 4768 suam
1553 4705 1884 4783 omnipotentissimam
1899 4704 2065 4769 meatem
2079 4706 2244 4785 petinere.

242 4788 370 4852 minian
388 4796 505 4852 eventa
523 4787 728 4870 praevideret
740 4790 832 4856 Deus
849 4790 1020 4865 duntaxat,
1039 4812 1105 4856 non
1121 4793 1221 4856 ctiam
1271 4791 1367 4855 etiam
1387 4791 1425 4856 de
1444 4790 1539 4854 malis
1558 4789 1733 4870 &edocere
1752 4810 1848 4871 quam
1864 4790 1952 4854 mata
1968 4810 2034 4855 esse
2054 4811 2116 4854 aaa
2131 4791 2247 4855 maere:

244 4894 304 4938 suo
331 4871 466 4936 arbitrio
492 4873 680 4957 disponeret
707 4897 745 4942 ac
772 4877 953 4955 ordinaret,
983 4890 1053 4942 mm
1075 4899 1141 4942 non
1162 4877 1220 4943 ahs
1271 4878 1319 4941 sie
1337 4878 1501 4942 ordinasse
1525 4875 1705 4958 αιιφάοπω
1725 4880 1753 4939 et
1773 4875 1933 4941 lomim
1954 4877 2066 4956 odam,
2092 4881 2128 4939 at
2155 4877 2188 4940 iu
2210 4895 2247 4940 ea

315 5164 343 5217 1⁸.-
364 5161 410 5215 δι’(
423 5163 483 5215 edd.
498 5165 675 5218 autbeutaue.
705 5166 876 5221 Recessere<
890 5183 981 5220 canes
995 5170 1140 5235 praetem:
1158 5188 1219 5221 mn·
1342 5166 1851 5234 1)aeoe.nmurue:pr0naenaa
1885 5167 1918 5233 2)
1935 5168 2046 5220 Euchir.
2064 5169 2100 5220 ad
2119 5170 2247 5222 Laurens.

244 5232 402 5300 stringatur.
1272 5235 1324 5289 lat
1339 5252 1416 5304 seqq.
1433 5234 1503 5303 (ffli-
