4672 5842
166 323 225 384 641
411 319 501 384 LIB.
524 318 588 383 ΠΙ.
633 320 696 383 DE
719 319 854 385 MODO
876 317 1225 384 PEROIPIENDAE
1249 318 1440 386 OHRISnI
1462 319 1681 387 elium.
1726 318 1824 386 011².
1847 321 1927 388 XX.
2108 331 2173 391 642

162 511 270 574 minus
291 528 387 589 quam
403 509 474 588 piis
489 508 653 578 necessitas
665 512 821 588 extorquet
835 529 944 588 preces
960 513 1153 572 canaturae
1192 528 1312 574 summo
1334 511 1444 592 ripere,
1472 514 1507 572 nt
1521 530 1632 589 preces
1653 511 1793 591 repudiet
1815 509 1905 575 Deus
1926 513 2091 593 inquibus
2108 536 2171 580 non

163 616 273 673 sensu,
301 595 415 676 quibus
442 600 545 658 tamen
566 593 674 680 Deum,
691 595 868 675 propitium
889 616 955 659 csse
976 614 1014 657 en
1034 598 1141 658 eructu
1192 596 1326 659 inveniet
1340 596 1511 677 perfectam
1527 595 1575 659 oel
1591 595 1684 676 fidon
1702 596 1748 659 cel
1762 598 1994 677 poenitentiam,
2017 621 2083 663 una
2100 620 2171 665 eum

163 683 361 747 demonstrat.
405 679 460 744 An
488 681 564 760 quia
590 679 648 743 tali
674 679 828 761 facilitate
851 686 961 763 966663
987 678 1049 743 sibi
1077 699 1142 744 esse
1191 680 1251 745 reli
1273 681 1384 745 ardore
1403 683 1540 762 notisque
1561 687 1639 746 recte
1659 684 1842 763 compositis.
1875 683 2038 763 Diximus,
2060 707 2171 766 quam-

162 767 312 833 testetur?
345 768 407 831 imo
439 772 474 829 ut
505 785 597 830 scam
623 767 872 830 misericordiam
898 765 1066 847 amplificet
1095 765 1142 828 oet
1192 768 1242 830 cis
1269 768 1368 830 oratio
1393 767 1556 849 familiare
1582 768 1625 831 sit
1639 767 1770 849 morum
1796 788 1865 832 cum
1886 768 1955 834 Deo
1976 771 2169 852 colloquium,

161 856 299 919 illustret
319 852 377 916 bac
398 853 639 929 circumstantia,
662 853 742 931 quod
764 872 802 914 ne
823 853 995 917 incredulis
1015 852 1141 931 quidem
1193 853 1380 916 servandam
1406 858 1508 916 tamen
1537 874 1602 917 6336
1629 855 1829 918 reverentiam
1855 859 1883 918 et
1907 857 2103 937 nmdediam,
2132 879 2171 922 ne

162 945 316 1022 meyerum
337 959 397 1003 sna
418 944 504 1015 oota;
533 938 641 1002 deinde
667 943 703 1000 ut
718 937 833 1018 probos
854 959 928 1002 suos
949 937 1078 1002 crcdmes
1100 938 1142 1001 ad
1194 937 1332 1002 babenas
1348 939 1490 1003 locemus
1507 939 1692 1021 quibuslibet
1707 941 1794 1017 actis,
1812 961 1848 1004 ac
1865 962 1902 1003 ne
1918 944 2172 1023 concupiscamus

162 1027 316 1091 orandum
337 1024 439 1106 maqis
455 1023 637 1101 eastimulet,
660 1024 735 1086 dum
752 1024 856 1087 rident
871 1024 1026 1106 profanos
1044 1023 1142 1087 eiula-
1192 1025 1257 1087 nisi
1274 1029 1427 1103 qnantum
1446 1025 1536 1088 Deus
1552 1027 1706 1108 permittit
1712 1050 1722 1105 ,·
1743 1026 1859 1104 deirule,
1882 1047 1920 1090 nc
1940 1028 2066 1093 vilescat
2082 1031 2171 1094 nobis

162 1118 215 1176 tus
236 1132 296 1175 nen
317 1131 422 1175 carere
444 1111 598 1173 interdum
610 1110 760 1190 profecta.
807 1110 879 1174 Non
899 1116 1000 1174 tamen
1022 1116 1066 1172 est
1085 1130 1141 1174 cnr
1193 1109 1257 1174 Dei
1277 1111 1432 1189 maiestas,
1453 1112 1603 1176 tollendas
1624 1133 1688 1176 csse
1709 1132 1835 1175 sursum
1856 1118 1969 1177 merctes
1991 1116 2034 1179 od
2049 1136 2171 1197 puram

159 1199 267 1279 fideles
287 1197 445 1275 deflectant
470 1217 491 1258 a
513 1196 574 1278 leqe
595 1195 656 1258 sibi
677 1196 831 1259 divinitu-s
848 1196 1003 1276 imposita,
1024 1196 1072 1260 ocl
1092 1197 1141 1258 in-
1193 1200 1370 1277 castamque
1399 1199 1469 1261 eius
1500 1199 1732 1260 oerreraticnern.
1788 1197 1855 1260 Η66
1886 1219 1980 1277 reema,
2014 1221 2077 1280 qua
2107 1223 2171 1281 par

161 1285 287 1348 uideant
308 1282 488 1359 incredulis,
511 1281 605 1362 quasi
624 1301 771 1363 66696666
789 1282 911 1346 lucrum
927 1281 1064 1362 fecerim,
1086 1281 1141 1345 ubi
1192 1283 1306 1363 ficisset
1337 1283 1517 1366 intepretata,
1545 1304 1686 1363 uinquam
1712 1283 1876 1364 praestitit.
1930 1285 2016 1348 asam
2050 1287 2099 1369 (ut
2131 1287 2170 1351 de

163 1369 270 1449 adepti
291 1373 363 1432 sunt
384 1369 465 1448 quod
487 1367 631 1431 oolebmet
667 1366 734 1432 Η66
755 1368 844 1431 modo
865 1368 1007 1431 dicimus
1024 1369 1141 1445 flexum
1192 1368 1283 1450 culpo
1302 1388 1362 1432 uon
1383 1369 1508 1451 loquar)
1536 1390 1631 1450 qnam
1659 1370 1774 1432 multae
1796 1367 1935 1432 Dacidis
1956 1372 2170 1450 querimoniae

161 1457 262 1537 fuisse
283 1454 389 1519 Deum
409 1453 482 1533 fida
498 1453 687 1533 poenitentia
709 1453 818 1517 Aclrab
841 1453 875 1538 (1
895 1454 977 1536 Reg.
998 1456 1053 1530 21,
1074 1455 1139 1536 29),
1191 1454 1402 1533 intemperiem
1430 1454 1576 1534 sapiunt;
1602 1475 1663 1518 non
1692 1456 1774 1534 quod
1800 1456 1937 1519 consulto
1960 1458 2007 1521 ccl
2028 1463 2169 1539 cnpcstu

161 1547 196 1605 ut
222 1540 275 1606 boc
296 1541 472 1605 documento
493 1539 654 1619 probaret,
683 1560 779 1620 quum
800 1541 842 1603 sit
863 1538 1031 1603 exorabilis
1064 1560 1140 1622 erpa
1192 1540 1259 1602 lare
1287 1559 1356 1602 cum
1377 1539 1446 1604 Deo
1467 1536 1552 1618 aeid,
1580 1541 1628 1603 cel
1656 1542 1724 1604 eins
1752 1541 1882 1605 iudiciis
1904 1542 2086 1622 obstrepere,
2115 1544 2170 1608 sed

161 1647 236 1692 suos
264 1627 383 1703 electos,
411 1625 464 1688 nbi
492 1626 661 1705 adipsum
683 1626 878 1707 placandum
904 1646 979 1689 ocra
1008 1626 1140 1705 affertur
1192 1625 1269 1704 quia
1284 1646 1367 1705 prae
1389 1627 1568 1707 infirmitate
1592 1626 1742 1707 fatiscens
1768 1647 1830 1689 non
1856 1626 1948 1691 aliud
1968 1629 2087 1692 incenit
2107 1649 2169 1692 me-

162 1713 326 1778 couoersio.
372 1711 505 1791 Ideoque
537 1713 572 1774 in
601 1710 730 1776 Psalmo
762 1711 863 1795 (Psal.
887 1715 960 1789 106,
986 1712 1043 1793 43)
1070 1730 1140 1773 cnm
1192 1709 1255 1773 lius
1276 1711 1438 1790 solatium,
1467 1733 1562 1793 quam
1588 1713 1618 1774 si
1639 1712 1759 1775 dolores
1785 1732 1859 1776 snos
1887 1714 1922 1775 in
1948 1712 2038 1776 illius
2064 1716 2170 1778 sinum

164 1799 296 1862 Iudaeis
317 1798 506 1877 apostatat,
532 1798 613 1877 quod
634 1798 752 1876 experti
775 1799 880 1876 ipsum
901 1798 980 1860 cotis
1000 1797 1069 1859 suis
1089 1797 1139 1876 fa·
1192 1796 1343 1859 coniiciat.
1390 1798 1474 1877 Quin
1500 1799 1594 1862 etiam
1621 1797 1769 1861 toleratur
1795 1818 1815 1861 a
1837 1797 1905 1862 Deo
1932 1802 2038 1862 nostra
2065 1799 2170 1864 balbu

160 1885 264 1960 cdere,
293 1885 335 1948 ad
364 1883 482 1966 inqenii
506 1884 558 1945 sui
581 1884 790 1962 pervicaciam
812 1883 1000 1963 paulopost
1021 1883 1140 1946 reversi
1191 1882 1263 1960 ties,
1302 1887 1328 1946 et
1362 1883 1505 1948 inscitiae
1533 1885 1627 1947 datur
1659 1885 1765 1961 certia,
1798 1885 1915 1964 quoties
1946 1885 2171 1950 inconsiderate

160 1972 233 2034 sint.
281 1970 368 2050 Quod
395 1971 489 2032 etiam
515 1989 553 2032 en
575 1969 723 2033 Indicum
748 1969 882 2033 bistonio
910 1969 1028 2048 liquido
1045 1973 1138 2049 patet,
1192 1967 1318 2048 aliquid
1345 1969 1433 2033 nobis
1459 1970 1588 2033 cendit:
1623 1975 1658 2032 nt
1689 1975 1766 2033 certe
1793 1971 1860 2033 sine
1887 1969 1945 2034 bac
1976 1971 2170 2053 indnlqentia

160 2057 280 2136 quoties
301 2056 415 2119 scilicet
434 2056 598 2133 flmcrmnt,
630 2056 686 2119 etsi
710 2055 840 2135 fallaces
861 2060 950 2119 eram
970 2075 1075 2118 eornm
1094 2055 1140 2118 la-
1191 2053 1280 2118 nnllo
1304 2059 1380 2118 esset
1397 2056 1551 2135 precandi
1572 2055 1705 2121 libertas.
1752 2054 1915 2119 Caeterum
1936 2058 2081 2136 quamuis
2102 2056 2172 2122 Do-

160 2161 297 2223 crqmnc,
334 2142 435 2222 f'nisse
467 2147 568 2205 tamen
600 2146 716 2222 ereptos
747 2161 786 2204 en
818 2141 954 2204 bostium
985 2139 1138 2204 manibus.
1192 2139 1260 2203 oidi
1273 2139 1297 2223 ¹)
1320 2141 1446 2204 animus
1463 2146 1539 2206 esset
1550 2141 1615 2205 Dei
1632 2162 1664 2206 se
1682 2139 1812 2204 arbitrio
1824 2147 1920 2205 totum
1931 2142 2094 2221 subiicere,
2117 2162 2172 2207 neo

162 2228 250 2291 Sient
271 2248 342 2310 erqo
358 2229 537 2309 promiscue
555 2226 644 2291 Deus
661 2226 754 2290 solem
771 2246 865 2289 suum
880 2227 1028 2308 producit
1044 2247 1140 2306 super
1191 2225 1311 2288 minore
1327 2226 1484 2306 patientia
1505 2247 1601 2306 quam
1621 2228 1812 2308 impetrandi
1829 2228 1932 2292 studio
1948 2233 2058 2306 oraret,
2077 2249 2171 2292 emer-

159 2315 252 2378 bouos
272 2319 300 2378 ct
320 2314 427 2390 malos,
450 2314 497 2377 ita
518 2334 572 2378 nce
590 2313 682 2391 fletus
703 2333 808 2375 corum
831 2313 991 2376 cortmnnit
1008 2333 1140 2393 qnorum
1190 2315 1267 2394 qun
1288 2316 1398 2389 166666,
1421 2312 1482 2374 imo
1504 2313 1659 2377 interdurn
1681 2312 1829 2376 ebulliunt
1846 2312 2013 2378 turbulenti
2033 2315 2170 2394 affectus,

160 2401 248 2463 iusta
270 2404 314 2462 est
334 2419 447 2477 causa,
473 2400 641 2462 etarmilio
662 2398 775 2481 diqnoe
797 2418 971 2462 aerumnae.
1016 2397 1141 2462 Interea
1192 2397 1247 2476 qui
1269 2418 1290 2459 a
1306 2398 1415 2476 prima
1436 2417 1533 2478 quam
1548 2400 1716 2479 posuimus
1743 2400 1805 2480 leqe
1826 2420 1887 2463 non
1902 2419 2024 2480 parum
2043 2400 2170 2465 amau.

161 2506 224 2548 non
241 2486 343 2566 nrapis
358 2485 414 2549 lios
435 2486 470 2548 in
488 2484 619 2548 salutem
632 2484 772 2561 'exaudit
790 2505 884 2564 qnam
902 2484 1047 2547 bonitatis
1063 2504 1141 2548 suae
1194 2480 1337 2546 Maxime
1365 2503 1403 2546 66
1431 2483 1576 2548 clausula
1606 2484 1731 2548 Psalmi
1763 2485 1913 2549 tricesimi
1939 2486 2014 2548 noni
2042 2485 2088 2569 (v.
2116 2485 2170 2568 14)

161 2572 415 2652 contemptoribus
437 2571 585 2635 alimenta
605 2570 789 2651 suppeditat.
823 2570 998 2651 Difficilior
1018 2570 1141 2633 uidetur
1193 2569 1364 2647 cornpiccre
1395 2569 1477 2647 licet,
1510 2575 1628 2650 quanta
1660 2570 1778 2633 doloris
1809 2570 1996 2642 vehementia
2024 2571 2171 2651 abreptus

162 2677 227 2721 6336
249 2658 388 2738 quaestio
405 2656 443 2720 de
465 2656 647 2720 Abrabamc
668 2661 696 2720 et
719 2655 877 2721 Samuele:
904 2676 1035 2736 quorum
1062 2656 1141 2719 alter
1191 2652 1289 2734 fuerit
1309 2659 1436 2718 sanetus
1462 2656 1527 2733 cir,
1553 2676 1591 2719 nc
1617 2655 1680 2719 sibi
1701 2657 1826 2720 modum
1846 2661 1999 2720 statueret.
2043 2656 2170 2734 Desine,

162 2742 246 2808 nullo
256 2743 321 2808 Dei
336 2742 426 2807 aerbo
447 2744 620 2806 instructus
634 2762 697 2822 pro
717 2741 884 2806 Sodomitis
898 2741 997 2824 (Gen.
1013 2745 1061 2818 18,
1075 2740 1140 2823 23),
1192 2740 1309 2819 iuquit,
1331 2760 1353 2802 6
1374 2760 1437 2817 me,
1460 2740 1553 2805 donec
1574 2742 1695 2823 obeam,
1724 2746 1752 2805 et
1773 2762 1835 2805 non
1856 2743 1925 2805 sim.
1969 2741 2099 2806 Diceres
2119 2741 2172 2805 ne

162 2829 239 2894 alter
259 2830 354 2893 ctiam
369 2833 476 2893 contra
491 2829 693 2908 manifestam
708 2828 949 2908 prohibitionem
964 2849 1026 2907 pro
1046 2827 1142 2891 Scede
1192 2827 1307 2889 minem
1324 2825 1518 2905 desperatum
1535 2827 1616 2891 nibil
1633 2826 1724 2891 aliud
1742 2831 1878 2908 enpeterc
1895 2827 1960 2891 nisi
1981 2833 2017 2891 ut
2034 2831 2172 2892 cessante

162 2915 261 2979 orauit
283 2914 315 2998 (l
339 2912 428 2980 Sam.
451 2919 504 2993 16,
529 2919 562 2976 11
591 2922 625 2978 et
649 2918 698 2991 16,
720 2914 761 2998 1).
806 2914 928 2978 Earum
951 2914 1033 2976 ratio
1058 2913 1141 2976 Iere-
1193 2910 1258 2975 Dei
1279 2932 1376 2975 manu
1397 2912 1434 2975 in
1453 2913 1523 2976 suis
1544 2914 1640 2978 malis
1656 2917 1825 2995 putrescat.
1871 2913 1944 2976 Non
1964 2914 2045 2993 qnod
2067 2914 2171 2978 devote

162 3003 253 3079 miae,
276 3002 333 3082 qui
353 3000 443 3065 urbis
464 3001 621 3064 erudiam
636 3001 818 3081 deprecatus
837 3004 882 3065 est
904 2998 981 3081 (Ier.
1003 3003 1052 3077 32,
1075 2998 1141 3082 16).
1193 2997 1298 3061 animo
1327 3001 1400 3060 ruat
1427 2998 1461 3060 in
1488 2998 1578 3063 illam
1597 2999 1821 3080 intemperiem,
1851 3003 1922 3077 aut,
1948 3003 1983 3063 nt
2006 2998 2102 3063 solent
2122 3019 2172 3062 re-

166 3088 316 3168 Quamuis
338 3087 422 3151 enirn
443 3088 602 3166 repulsam
618 3087 714 3167 passi
734 3085 866 3167 fuant,
895 3086 1011 3151 durum
1038 3091 1142 3149 tamen
1190 3083 1296 3162 probi,
1324 3083 1397 3147 oelit
1415 3082 1520 3147 Deum
1544 3085 1711 3165 facessere,·
1742 3084 1796 3148 sed
1827 3089 1948 3149 tantum
1975 3085 2173 3164 conqueritur

162 3175 285 3237 oidetm
310 3193 361 3236 cos
381 3173 444 3253 ide
456 3174 597 3252 privare
642 3172 742 3253 Atqui
769 3173 880 3237 selectio
901 3171 975 3235 baec
997 3171 1142 3235 modestis
1192 3170 1278 3232 iram
1299 3168 1363 3233 Dei
1390 3169 1451 3232 sibi
1479 3190 1544 3235 6336
1564 3171 1796 3235 intolerabilem.
1842 3170 1884 3233 In
1905 3170 1973 3234 illis
1995 3172 2088 3234 etiam
2110 3175 2172 3233 ten-

162 3257 338 3336 lecteribus,
359 3263 393 3321 ut
414 3279 518 3338 spero,
540 3259 728 3340 satisfaciet:
754 3258 951 3341 peneralibus
968 3257 1143 3338 principiis
1193 3254 1362 3318 talionibus
1391 3270 1484 3337 saepe
1504 3257 1635 3338 effluunt
1654 3261 1724 3320 octa
1750 3277 1812 3320 non
1838 3258 1918 3320 satis
1945 3256 2016 3320 bene
2036 3256 2174 3337 formato

161 3344 266 3426 fultos,
286 3343 401 3424 quibus
422 3343 503 3407 iubet
520 3343 611 3407 Dens
627 3346 774 3428 indiqnos
791 3364 909 3426 quoqne
926 3342 1143 3407 misericordia
1194 3341 1237 3405 ad
1259 3340 1400 3422 reqrdam
1420 3342 1503 3406 verbi
1525 3342 1602 3421 Dei,
1630 3348 1660 3407 ct
1685 3344 1719 3406 in
1741 3343 1855 3424 quibus
1875 3363 1937 3406 non
1958 3343 2039 3407 satis
2061 3361 2173 3423 cepen-

157 3429 325 3512 prosequi,
351 3449 412 3492 reon
427 3450 563 3508 prorsus
582 3431 645 3510 fide
664 3432 817 3509 caruisse,
845 3431 989 3511 quamuis
1015 3431 1049 3492 iu
1070 3430 1143 3509 ipsa
1194 3425 1274 3489 dunt
1295 3428 1396 3490 sancti
1416 3428 1494 3507 quid
1512 3428 1567 3509 fas
1588 3428 1630 3493 sit
1651 3433 1679 3492 et
1698 3428 1849 3509 expediat.
1895 3428 1960 3492 His
1981 3427 2105 3508 quidem
2126 3428 2174 3491 oi-

162 3515 264 3595 specie
288 3514 443 3593 frustrata
470 3534 520 3579 eos
543 3515 642 3597 fuerit
668 3517 780 3596 opima
826 3515 1000 3581 Prudenter
1026 3513 1143 3579 alicubi
1194 3513 1249 3575 tiis
1276 3532 1474 3594 quaecunque
1500 3516 1676 3580 maculatae
1702 3519 1776 3578 sunt
1799 3534 1907 3593 preces
1928 3514 2092 3594 repudiari
2113 3534 2176 3579 mc-

164 3600 379 3682 Anqustinus,
393 3599 417 3683 ¹)
445 3601 606 3681 quomodo,
635 3603 752 3681 inquit,
778 3602 841 3683 fide
861 3608 952 3667 mant
973 3603 1088 3680 sancti,
1108 3605 1143 3663 ut
1194 3599 1743 3683 rentur5modotameninqemiscant
1755 3601 1863 3679 sancti,
1878 3601 2173 3682 castiqentseipsos,

159 3691 269 3769 petant
289 3706 310 3749 a
332 3683 400 3748 Deo
428 3690 534 3749 eontra
558 3707 652 3766 qnam
678 3689 834 3752 66666669
861 3709 967 3768 nempe
994 3690 1071 3768 quia
1097 3706 1143 3749 se·
1195 3685 1223 3746 et
1244 3683 1350 3746 statim
1371 3684 1414 3746 ad
1435 3704 1468 3748 36
1485 3687 1626 3764 redeant,
1654 3686 1781 3768 iqrioscit
1803 3685 1899 3749 Deus.
1947 3686 2001 3750 Sic
2022 3687 2115 3748 etiam
2137 3687 2174 3748 in

164 3770 505 3839 cundumeolnnlatem
525 3773 592 3837 eins
613 3779 716 3852 orant,
738 3795 801 3838 nen
821 3775 912 3839 illam
934 3773 1144 3837 absconditam
1195 3770 1331 3849 securrda
1355 3768 1418 3851 leqe
1441 3777 1583 3850 peccant:
1614 3772 1691 3852 quia
1722 3776 1749 3835 et
1781 3791 1851 3835 cnm
1877 3770 1995 3852 friqore
2023 3790 2078 3833 suo
2106 3769 2174 3832 illis

165 3865 192 3923 et
219 3857 507 3934 incommutabilem,
539 3858 592 3923 sed
619 3880 715 3939 qua-m
747 3861 816 3925 illis
843 3862 995 3942 inspirat,
1029 3864 1064 3922 ut
1094 3877 1144 3922 ecs
1195 3874 1286 3935 saepe
1305 3855 1485 3919 luctandum
1507 3862 1558 3935 est,
1580 3878 1675 3937 neque
1696 3877 1757 3921 sua
1774 3857 1845 3920 illos
1862 3861 1979 3937 eqestas
2000 3859 2028 3916 et
2044 3854 2176 3918 miseria

165 3946 316 4009 enaudial
338 3944 401 4007 alio
423 3944 524 4021 modo,
547 3946 627 4020 ment
642 3947 815 4027 pruderder
834 3947 1007 4029 distinpuit.
1053 3944 1145 4008 Recte
1195 3942 1277 4005 satis
1303 3941 1418 4004 uenter
1438 3944 1555 4025 punqit
1581 3944 1623 4006 ad
1645 3943 1726 4007 serio
1743 3941 1943 4022 precandum.
1988 3938 2061 4002 Iam
2083 3960 2176 4022 saepe

165 4031 295 4095 dictum:
327 4030 405 4110 quia
431 4050 493 4110 pro
521 4050 578 4094 suo
610 4032 911 4112 incomprebensibili
937 4030 1066 4096 cmsilio
1098 4032 1145 4095 sic
1197 4027 1345 4109 aemma
1364 4047 1471 4091 eorum
1491 4032 1603 4091 mentes
1620 4028 1719 4091 dilabi
1741 4031 1883 4107 etpropc
1900 4045 2084 4091 coarnscere.
2121 4026 2178 4091 Ve

166 4121 313 4196 temperat
333 4136 438 4178 rerum
459 4121 591 4193 euentus,
614 4121 647 4179 ut
668 4138 729 4180 non
750 4120 861 4183 irritae
881 4120 947 4183 sint
967 4121 1145 4182 sanctorum
1197 4111 1253 4175 niu
1273 4113 1373 4195 iqitur
1393 4112 1451 4177 leae
1471 4133 1589 4194 quoque
1613 4114 1647 4175 in
1663 4116 1755 4193 parte
1776 4133 1854 4193 opus
1875 4116 1926 4189 est,
1949 4132 1987 4175 ne
2008 4113 2191 4205 lanquidae

161 4223 268 4285 preces
290 4222 371 4281 quae
390 4200 454 4280 fide
475 4206 503 4265 et
521 4222 624 4266 errore
645 4204 741 4266 nmul
762 4205 933 4285 implicitae
956 4209 1037 4269 sunt.
1084 4203 1146 4266 Ne
1196 4198 1244 4262 cel
1270 4198 1401 4263 mutilae
1428 4198 1473 4261 cel
1495 4200 1684 4279 interruptae
1711 4203 1739 4261 et
1768 4218 1864 4280 66966
1886 4217 1996 4277 preces
2016 4199 2176 4279 repulsam

166 4309 224 4369 que
241 4293 342 4351 tamen
360 4287 414 4350 boc
431 4288 473 4351 ad
490 4288 695 4352 imitationem
712 4291 814 4371 napis
831 4291 933 4355 calere
950 4291 1034 4355 debet
1051 4309 1146 4370 quam
1191 4285 1377 4364 putamur:
1402 4284 1470 4347 Η66
1487 4285 1673 4348 natmaliter
1693 4283 1811 4349 indidit
1821 4283 1910 4347 Deus
1922 4283 2082 4348 bominum
2093 4303 2176 4346 men·

166 4378 288 4438 sanctos
307 4374 395 4453 ipsos
415 4378 551 4453 excusat,
574 4395 652 4455 quos
672 4395 733 4438 non
754 4375 874 4454 infitior
900 4377 1027 4441 modum
1048 4395 1145 4440 ecces-
1198 4369 1295 4447 tibus,
1323 4371 1484 4452 lepitimas
1498 4391 1559 4434 uon
1580 4391 1645 4435 esse
1659 4365 1769 4452 prec'es
1791 4371 1856 4435 nisi
1877 4370 2027 4434 monitibus
2049 4388 2177 4434 sursum

166 4461 254 4525 sisse.
292 4459 396 4540 erare
416 4458 470 4522 nbi
487 4479 548 4523 non
565 4464 665 4524 eistat
681 4464 762 4525 certa
774 4463 952 4540 prornissic,
974 4461 1147 4527 conditione
1197 4455 1337 4520 subditis.
1371 4456 1455 4520 Hine
1471 4458 1664 4522 coermnonia
1680 4457 1858 4522 elevationis
1875 4475 2033 4533 amrinum,
2056 4459 2090 4518 ut
2106 4459 2177 4519 ante

166 4545 350 4625 interposita
369 4546 530 4627 repandus
546 4551 592 4609 est
608 4546 705 4611 Dens.
741 4546 807 4626 ano
824 4548 957 4627 pertinet
977 4547 1058 4611 illud
1080 4546 1147 4609 Da·
1197 4541 1354 4620 diuinus,
1377 4562 1456 4623 quae
1476 4543 1619 4609 omnibus
1639 4543 1774 4609 saeculis
1794 4548 1822 4607 et
1841 4541 1981 4624 pertibus
2009 4542 2084 4605 trita
2103 4540 2175 4622 fuit,

167 4632 252 4697 mdis
270 4629 371 4716 (Psnl.
386 4634 414 4709 7,
429 4630 481 4714 7);
502 4631 616 4715 eoiqila
639 4634 681 4697 ad
697 4632 852 4696 iudicium
873 4634 955 4714 quod
973 4632 1147 4711 mandasti;
1199 4628 1292 4692 siordi
1313 4627 1415 4692 adbuc
1436 4630 1529 4712 oiqet;
1558 4631 1612 4696 sed
1633 4630 1881 4711 quotusquisque,
1906 4628 1982 4692 dum
2003 4647 2115 4691 omnus
2137 4626 2178 4690 le

168 4719 245 4799 quia
267 4718 310 4782 ad
322 4717 488 4798 pdendum
504 4719 671 4798 tenporale
680 4718 859 4799 beneficiens
869 4719 1001 4799 specimi
1023 4716 1147 4783 oraculo
1198 4717 1259 4791 vat,
1280 4734 1343 4779 non
1363 4714 1425 4779 sibi
1445 4717 1586 4781 conscius
1607 4721 1651 4780 est
1671 4714 1854 4779 tarditatis?
1877 4715 1953 4795 quia
1974 4734 2025 4779 cor
2041 4714 2075 4776 in
2092 4717 2177 4777 terra

168 4824 201 4867 se
223 4805 408 4867 instructum
429 4823 494 4868 esse
515 4805 664 4869 odmmrd.
1199 4798 1343 4865 subsidit.
1391 4801 1479 4881 Quod
1507 4802 1549 4865 ad
1568 4803 1737 4880 petendam
1751 4805 1948 4880 pcccatorum
1965 4800 2178 4864 remissionem

259 4893 307 4952 16.
353 4888 420 4952 Η66
441 4890 535 4954 etiam
555 4896 663 4955 notare
684 4911 795 4972 operae
817 4890 957 4972 pretimn
979 4893 1038 4968 est,
1068 4909 1148 4971 quae

168 4974 208 5039 de
229 4979 361 5055 quotuor
383 4979 460 5039 recte
480 4977 595 5040 mandi
616 4978 733 5061 leqibus
751 4977 903 5055 disserui,
928 4996 989 5040 non
1001 4974 1149 5059 ita'eeiqi
1202 4991 1404 4999 *m*-

170 5152 376 5163 --.
1271 5109 1300 5176 1)
1320 5107 1366 5162 Sic
1383 5113 1452 5161 recte
1470 5109 1599 5162 scribitur
1623 5106 1662 5160 ad
1685 5107 1768 5173 fidem
1785 5107 1914 5162 editionis
1932 5125 1957 5162 a.
1977 5106 2043 5161 1661
2062 5108 2182 5163 rebulic·

1201 5193 1260 5230 nee.
1307 5177 1439 5244 Princeps
1465 5193 1490 5229 a.
1518 5175 1586 5230 1669
1612 5180 1721 5246 eiusque
1754 5179 1934 5246 apoprapbon
1960 5183 2183 5245 arpennraunse

241 5245 270 5314 1)
288 5248 363 5300 Libe.
381 5247 423 5303 m.
442 5250 476 5302 de
494 5251 567 5303 civit.
586 5251 636 5303 Dei
654 5269 676 5304 e.
694 5252 719 5304 2.
1203 5244 1269 5303 1661
1286 5247 1434 5301 nubebant:
1450 5246 1564 5299 Danieli.
1661 5264 1669 5279 ·

283 5333 395 5388 Caluini
409 5345 501 5394 06636.
542 5336 598 5390 Vol.
616 5335 659 5389 11.
1940 5330 1974 5385 41
