<?xml version="1.0" encoding="UTF-8"?>
<!DOCTYPE html PUBLIC "-//W3C//DTD XHTML 1.0 Transitional//EN"
    "http://www.w3.org/TR/xhtml1/DTD/xhtml1-transitional.dtd">
<html xmlns="http://www.w3.org/1999/xhtml" xml:lang="en" lang="en">
 <head>
  <title>
</title>
<meta http-equiv="Content-Type" content="text/html;charset=utf-8" />
  <meta name='ocr-system' content='tesseract 3.04.00' />
  <meta name='ocr-capabilities' content='ocr_page ocr_carea ocr_par ocr_line ocrx_word'/>
</head>
<body>
  <div class='ocr_page' id='page_1' title='image "./ioanniscalvinii00cunigoog_0293.png"; bbox 0 0 4672 5842; ppageno 0'>
   <div class='ocr_carea' id='block_1_1' title="bbox 256 252 2266 360">
    <p class='ocr_par' dir='ltr' id='par_1_1' title="bbox 256 252 2266 360">
     <span class='ocr_line' id='line_1_1' title="bbox 256 252 2266 360; baseline -0.005 0"><span class='ocrx_word' id='word_1_1' title='bbox 256 296 319 360; x_wconf 85' lang='grc'><strong>555</strong></span> <span class='ocrx_word' id='word_1_2' title='bbox 906 288 1175 357; x_wconf 79' lang='lat' dir='ltr'><strong>memnone</strong></span> <span class='ocrx_word' id='word_1_3' title='bbox 1196 252 1302 355; x_wconf 83' lang='grc'><strong>555.</strong></span> <span class='ocrx_word' id='word_1_4' title='bbox 1325 288 1506 356; x_wconf 75' lang='lat' dir='ltr'><strong>euerso.</strong></span> <span class='ocrx_word' id='word_1_5' title='bbox 1532 292 1623 353; x_wconf 87' lang='grc'><strong>1555.</strong></span> <span class='ocrx_word' id='word_1_6' title='bbox 2201 287 2266 350; x_wconf 75' lang='grc'><strong>555</strong></span> 
     </span>
    </p>
   </div>
   <div class='ocr_carea' id='block_1_2' title="bbox 237 474 2270 5294">
    <p class='ocr_par' dir='ltr' id='par_1_2' title="bbox 237 474 2270 5294">
     <span class='ocr_line' id='line_1_2' title="bbox 256 474 2266 564; baseline -0.005 -15"><span class='ocrx_word' id='word_1_7' title='bbox 256 482 472 549; x_wconf 80' lang='lat' dir='ltr'><strong>destinatione</strong></span> <span class='ocrx_word' id='word_1_8' title='bbox 499 478 541 543; x_wconf 90' lang='lat' dir='ltr'><strong>ad</strong></span> <span class='ocrx_word' id='word_1_9' title='bbox 562 481 708 545; x_wconf 89' lang='lat' dir='ltr'><strong>futuram</strong></span> <span class='ocrx_word' id='word_1_10' title='bbox 730 480 876 564; x_wconf 80' lang='lat' dir='ltr'>gloriam.</span> <span class='ocrx_word' id='word_1_11' title='bbox 922 481 1077 545; x_wconf 87' lang='lat' dir='ltr'><strong>Breviter</strong></span> <span class='ocrx_word' id='word_1_12' title='bbox 1098 480 1145 544; x_wconf 91' lang='lat' dir='ltr'><strong>sic</strong></span> <span class='ocrx_word' id='word_1_13' title='bbox 1166 478 1232 545; x_wconf 91' lang='lat' dir='ltr'><strong>eol·</strong></span> <span class='ocrx_word' id='word_1_14' title='bbox 1284 497 1367 544; x_wconf 89' lang='grc'><strong>55555</strong></span> <span class='ocrx_word' id='word_1_15' title='bbox 1386 482 1445 557; x_wconf 84' lang='grc'><strong>551,</strong></span> <span class='ocrx_word' id='word_1_16' title='bbox 1474 482 1509 543; x_wconf 90' lang='lat' dir='ltr'><strong>ut</strong></span> <span class='ocrx_word' id='word_1_17' title='bbox 1535 482 1675 542; x_wconf 81' lang='grc'><strong>51515551</strong></span> <span class='ocrx_word' id='word_1_18' title='bbox 1694 476 1800 558; x_wconf 75' lang='lat' dir='ltr'><strong>fideles</strong></span> <span class='ocrx_word' id='word_1_19' title='bbox 1820 496 1882 541; x_wconf 85' lang='lat' dir='ltr'><strong>uon</strong></span> <span class='ocrx_word' id='word_1_20' title='bbox 1903 475 1967 540; x_wconf 82' lang='lat' dir='ltr'><strong>alio</strong></span> <span class='ocrx_word' id='word_1_21' title='bbox 1989 474 2058 539; x_wconf 86' lang='lat' dir='ltr'><strong>iure</strong></span> <span class='ocrx_word' id='word_1_22' title='bbox 2075 475 2266 556; x_wconf 81' lang='lat' dir='ltr'><strong>sperandam</strong></span> 
     </span>
     <span class='ocr_line' id='line_1_3' title="bbox 256 561 2267 653; baseline -0.004 -20"><span class='ocrx_word' id='word_1_23' title='bbox 256 569 408 653; x_wconf 81' lang='lat' dir='ltr'><strong>ligamus:</strong></span> <span class='ocrx_word' id='word_1_24' title='bbox 446 567 609 650; x_wconf 88' lang='lat' dir='ltr'><strong>scriptura</strong></span> <span class='ocrx_word' id='word_1_25' title='bbox 640 589 707 631; x_wconf 91' lang='lat' dir='ltr'><strong>non</strong></span> <span class='ocrx_word' id='word_1_26' title='bbox 741 587 811 631; x_wconf 89' lang='lat' dir='ltr'><strong>esse</strong></span> <span class='ocrx_word' id='word_1_27' title='bbox 844 568 957 631; x_wconf 81' lang='lat' dir='ltr'><strong>firmas</strong></span> <span class='ocrx_word' id='word_1_28' title='bbox 990 566 1055 630; x_wconf 91' lang='lat' dir='ltr'><strong>Dei</strong></span> <span class='ocrx_word' id='word_1_29' title='bbox 1094 567 1232 648; x_wconf 88' lang='lat' dir='ltr'><strong>promis·</strong></span> <span class='ocrx_word' id='word_1_30' title='bbox 1285 564 1346 629; x_wconf 75' lang='lat' dir='ltr'><strong>aa·</strong></span> <span class='ocrx_word' id='word_1_31' title='bbox 1367 584 1432 629; x_wconf 88' lang='grc'><strong>5555</strong></span> <span class='ocrx_word' id='word_1_32' title='bbox 1452 563 1670 628; x_wconf 76' lang='lat' dir='ltr'><strong>haereditatem</strong></span> <span class='ocrx_word' id='word_1_33' title='bbox 1692 563 1780 646; x_wconf 75' lang='lat' dir='ltr'><strong>requi</strong></span> <span class='ocrx_word' id='word_1_34' title='bbox 1801 562 1950 640; x_wconf 76' lang='grc'><strong>5555155115,</strong></span> <span class='ocrx_word' id='word_1_35' title='bbox 1980 561 2046 625; x_wconf 78' lang='lat' dir='ltr'><strong>uisi</strong></span> <span class='ocrx_word' id='word_1_36' title='bbox 2072 561 2150 641; x_wconf 84' lang='lat' dir='ltr'><strong>quia</strong></span> <span class='ocrx_word' id='word_1_37' title='bbox 2177 561 2267 626; x_wconf 69' lang='grc'><strong>155111</strong></span> 
     </span>
     <span class='ocr_line' id='line_1_4' title="bbox 257 645 2267 731; baseline -0.004 -11"><span class='ocrx_word' id='word_1_38' title='bbox 257 657 363 720; x_wconf 86' lang='grc'><strong>515555</strong></span> <span class='ocrx_word' id='word_1_39' title='bbox 385 651 523 730; x_wconf 89' lang='lat' dir='ltr'><strong>indicat,</strong></span> <span class='ocrx_word' id='word_1_40' title='bbox 556 653 619 718; x_wconf 89' lang='lat' dir='ltr'><strong>nisi</strong></span> <span class='ocrx_word' id='word_1_41' title='bbox 646 659 736 717; x_wconf 89' lang='lat' dir='ltr'><strong>certa</strong></span> <span class='ocrx_word' id='word_1_42' title='bbox 763 653 979 717; x_wconf 90' lang='lat' dir='ltr'><strong>conscientiae</strong></span> <span class='ocrx_word' id='word_1_43' title='bbox 1008 652 1129 717; x_wconf 90' lang='lat' dir='ltr'><strong>fiducia</strong></span> <span class='ocrx_word' id='word_1_44' title='bbox 1151 652 1232 715; x_wconf 90' lang='lat' dir='ltr'><strong>arri·</strong></span> <span class='ocrx_word' id='word_1_45' title='bbox 1285 651 1320 714; x_wconf 78' lang='lat' dir='ltr'><strong>m</strong></span> <span class='ocrx_word' id='word_1_46' title='bbox 1339 649 1458 715; x_wconf 77' lang='lat' dir='ltr'><strong><em>Christi</em></strong></span> <span class='ocrx_word' id='word_1_47' title='bbox 1477 670 1597 730; x_wconf 80' lang='lat' dir='ltr'><strong>corpus,</strong></span> <span class='ocrx_word' id='word_1_48' title='bbox 1620 649 1698 714; x_wconf 81' lang='lat' dir='ltr'><strong>iusti</strong></span> <span class='ocrx_word' id='word_1_49' title='bbox 1712 651 1817 731; x_wconf 78' lang='lat' dir='ltr'><strong>pratis</strong></span> <span class='ocrx_word' id='word_1_50' title='bbox 1832 652 2027 731; x_wconf 73' lang='lat' dir='ltr'><strong>repedantur.</strong></span> <span class='ocrx_word' id='word_1_51' title='bbox 2058 646 2147 710; x_wconf 89' lang='lat' dir='ltr'><strong>Nam</strong></span> <span class='ocrx_word' id='word_1_52' title='bbox 2164 645 2267 728; x_wconf 86' lang='lat' dir='ltr'><strong>quoad</strong></span> 
     </span>
     <span class='ocr_line' id='line_1_5' title="bbox 255 732 2268 824; baseline -0.002 -21"><span class='ocrx_word' id='word_1_53' title='bbox 255 741 397 824; x_wconf 82' lang='lat' dir='ltr'><strong>piantur.</strong></span> <span class='ocrx_word' id='word_1_54' title='bbox 442 738 638 821; x_wconf 77' lang='lat' dir='ltr'>Ubicunque</span> <span class='ocrx_word' id='word_1_55' title='bbox 665 746 715 804; x_wconf 91' lang='lat' dir='ltr'><strong>est</strong></span> <span class='ocrx_word' id='word_1_56' title='bbox 746 737 905 803; x_wconf 79' lang='lat' dir='ltr'><strong>dubitatio</strong></span> <span class='ocrx_word' id='word_1_57' title='bbox 938 745 996 802; x_wconf 91' lang='lat' dir='ltr'><strong>aut</strong></span> <span class='ocrx_word' id='word_1_58' title='bbox 1027 737 1232 816; x_wconf 89' lang='lat' dir='ltr'><strong>incertitudo,</strong></span> <span class='ocrx_word' id='word_1_59' title='bbox 1286 732 2268 818; x_wconf 65' lang='grc' dir='ltr'><strong>155111551155555,55555155555ρα5515551155,5111151αῇ55555</strong></span> 
     </span>
     <span class='ocr_line' id='line_1_6' title="bbox 254 816 2268 907; baseline -0.004 -17"><span class='ocrx_word' id='word_1_60' title='bbox 254 827 365 890; x_wconf 88' lang='lat' dir='ltr'><strong>irritas</strong></span> <span class='ocrx_word' id='word_1_61' title='bbox 383 827 454 889; x_wconf 87' lang='lat' dir='ltr'><strong>fieri</strong></span> <span class='ocrx_word' id='word_1_62' title='bbox 476 827 680 907; x_wconf 81' lang='lat' dir='ltr'><strong>pronuntiat3</strong></span> <span class='ocrx_word' id='word_1_63' title='bbox 703 846 835 889; x_wconf 87' lang='lat' dir='ltr'><strong>rursum</strong></span> <span class='ocrx_word' id='word_1_64' title='bbox 856 824 942 888; x_wconf 92' lang='lat' dir='ltr'><strong>nibil</strong></span> <span class='ocrx_word' id='word_1_65' title='bbox 964 844 1062 907; x_wconf 88' lang='lat' dir='ltr'><strong>quam</strong></span> <span class='ocrx_word' id='word_1_66' title='bbox 1078 825 1233 890; x_wconf 88' lang='lat' dir='ltr'><strong>vacillare</strong></span> <span class='ocrx_word' id='word_1_67' title='bbox 1285 828 1424 887; x_wconf 83' lang='lat' dir='ltr'><strong>uestrum</strong></span> <span class='ocrx_word' id='word_1_68' title='bbox 1445 823 1488 886; x_wconf 88' lang='lat' dir='ltr'><strong>od</strong></span> <span class='ocrx_word' id='word_1_69' title='bbox 1508 822 1734 886; x_wconf 75' lang='lat' dir='ltr'><strong>muiliandam</strong></span> <span class='ocrx_word' id='word_1_70' title='bbox 1755 819 1820 886; x_wconf 87' lang='lat' dir='ltr'><strong>Dei</strong></span> <span class='ocrx_word' id='word_1_71' title='bbox 1842 822 1995 905; x_wconf 81' lang='lat' dir='ltr'><strong>pretium,</strong></span> <span class='ocrx_word' id='word_1_72' title='bbox 2022 819 2077 885; x_wconf 86' lang='grc'><strong>5551</strong></span> <span class='ocrx_word' id='word_1_73' title='bbox 2099 839 2121 883; x_wconf 88' lang='lat' dir='ltr'><strong>a</strong></span> <span class='ocrx_word' id='word_1_74' title='bbox 2145 816 2268 883; x_wconf 76' lang='grc'><strong>01551515</strong></span> 
     </span>
     <span class='ocr_line' id='line_1_7' title="bbox 256 904 1806 994; baseline -0.004 -17"><span class='ocrx_word' id='word_1_75' title='bbox 256 933 294 978; x_wconf 89' lang='lat' dir='ltr'><strong>ao</strong></span> <span class='ocrx_word' id='word_1_76' title='bbox 321 911 476 976; x_wconf 87' lang='lat' dir='ltr'><strong>fluctuari</strong></span> <span class='ocrx_word' id='word_1_77' title='bbox 503 912 696 994; x_wconf 79' lang='lat' dir='ltr'><strong>pronuntiat</strong></span> <span class='ocrx_word' id='word_1_78' title='bbox 722 911 750 974; x_wconf 92' lang='lat' dir='ltr'><strong>si</strong></span> <span class='ocrx_word' id='word_1_79' title='bbox 778 911 931 992; x_wconf 90' lang='lat' dir='ltr'><strong>operibus</strong></span> <span class='ocrx_word' id='word_1_80' title='bbox 963 911 1083 975; x_wconf 85' lang='lat' dir='ltr'><strong>nostris</strong></span> <span class='ocrx_word' id='word_1_81' title='bbox 1106 911 1234 975; x_wconf 93' lang='lat' dir='ltr'><strong>incum-</strong></span> <span class='ocrx_word' id='word_1_82' title='bbox 1285 910 1437 990; x_wconf 70' lang='lat' dir='ltr'><strong>recipias</strong></span> <span class='ocrx_word' id='word_1_83' title='bbox 1459 908 1541 990; x_wconf 85' lang='lat' dir='ltr'><strong>quod</strong></span> <span class='ocrx_word' id='word_1_84' title='bbox 1561 908 1651 974; x_wconf 84' lang='lat' dir='ltr'><strong>uobis</strong></span> <span class='ocrx_word' id='word_1_85' title='bbox 1672 908 1762 973; x_wconf 84' lang='lat' dir='ltr'><strong>deest.</strong></span> <span class='ocrx_word' id='word_1_86' title='bbox 1801 904 1806 916; x_wconf 90' lang='lat'><em>&#39;</em></span> 
     </span>
     <span class='ocr_line' id='line_1_8' title="bbox 255 995 1232 1080; baseline -0.005 -17"><span class='ocrx_word' id='word_1_87' title='bbox 255 998 346 1063; x_wconf 91' lang='lat' dir='ltr'><strong>bunt.</strong></span> <span class='ocrx_word' id='word_1_88' title='bbox 396 997 487 1080; x_wconf 84' lang='lat' dir='ltr'><strong>Ergo</strong></span> <span class='ocrx_word' id='word_1_89' title='bbox 515 1004 572 1061; x_wconf 89' lang='lat' dir='ltr'><strong>aot</strong></span> <span class='ocrx_word' id='word_1_90' title='bbox 598 1004 711 1080; x_wconf 88' lang='lat' dir='ltr'><strong>pereat</strong></span> <span class='ocrx_word' id='word_1_91' title='bbox 737 995 831 1060; x_wconf 90' lang='lat' dir='ltr'><strong>nobis</strong></span> <span class='ocrx_word' id='word_1_92' title='bbox 857 996 983 1061; x_wconf 87' lang='lat' dir='ltr'><strong>iustitia</strong></span> <span class='ocrx_word' id='word_1_93' title='bbox 1014 1016 1145 1061; x_wconf 89' lang='lat' dir='ltr'><strong>necesse</strong></span> <span class='ocrx_word' id='word_1_94' title='bbox 1174 1002 1232 1073; x_wconf 89' lang='lat' dir='ltr'><strong>est,</strong></span> 
     </span>
     <span class='ocr_line' id='line_1_9' title="bbox 256 1081 1235 1164; baseline -0.004 -16"><span class='ocrx_word' id='word_1_95' title='bbox 256 1091 315 1148; x_wconf 90' lang='lat' dir='ltr'><strong>aut</strong></span> <span class='ocrx_word' id='word_1_96' title='bbox 341 1104 384 1147; x_wconf 90' lang='lat' dir='ltr'><strong>ne</strong></span> <span class='ocrx_word' id='word_1_97' title='bbox 412 1084 547 1147; x_wconf 85' lang='lat' dir='ltr'><strong>veniant</strong></span> <span class='ocrx_word' id='word_1_98' title='bbox 568 1084 602 1146; x_wconf 92' lang='lat' dir='ltr'><strong>in</strong></span> <span class='ocrx_word' id='word_1_99' title='bbox 623 1081 915 1146; x_wconf 89' lang='lat' dir='ltr'><strong>considerationem</strong></span> <span class='ocrx_word' id='word_1_100' title='bbox 943 1102 1056 1164; x_wconf 89' lang='lat' dir='ltr'><strong>opera,</strong></span> <span class='ocrx_word' id='word_1_101' title='bbox 1084 1081 1141 1147; x_wconf 90' lang='lat' dir='ltr'><strong>sed</strong></span> <span class='ocrx_word' id='word_1_102' title='bbox 1166 1082 1235 1145; x_wconf 92' lang='lat' dir='ltr'><strong>sola</strong></span> 
     </span>
     <span class='ocr_line' id='line_1_10' title="bbox 255 1168 1723 1248; baseline -0.002 -13"><span class='ocrx_word' id='word_1_103' title='bbox 255 1169 338 1235; x_wconf 90' lang='lat' dir='ltr'><strong>fides</strong></span> <span class='ocrx_word' id='word_1_104' title='bbox 359 1169 468 1232; x_wconf 88' lang='lat' dir='ltr'><strong>locum</strong></span> <span class='ocrx_word' id='word_1_105' title='bbox 489 1168 622 1248; x_wconf 85' lang='lat' dir='ltr'><strong>habeat,</strong></span> <span class='ocrx_word' id='word_1_106' title='bbox 646 1169 737 1234; x_wconf 86' lang='lat' dir='ltr'><strong>cuius</strong></span> <span class='ocrx_word' id='word_1_107' title='bbox 759 1168 885 1233; x_wconf 82' lang='lat' dir='ltr'><strong>isthaec</strong></span> <span class='ocrx_word' id='word_1_108' title='bbox 906 1176 1027 1232; x_wconf 89' lang='lat' dir='ltr'><strong>natura</strong></span> <span class='ocrx_word' id='word_1_109' title='bbox 1047 1175 1111 1246; x_wconf 90' lang='grc'><strong>555,</strong></span> <span class='ocrx_word' id='word_1_110' title='bbox 1136 1188 1234 1232; x_wconf 91' lang='lat' dir='ltr'><strong>aures</strong></span> <span class='ocrx_word' id='word_1_111' title='bbox 1718 1188 1723 1197; x_wconf 90' lang='lat'>·</span> 
     </span>
     <span class='ocr_line' id='line_1_11' title="bbox 256 1213 1934 1339; baseline -0.003 -18"><span class='ocrx_word' id='word_1_112' title='bbox 256 1257 418 1339; x_wconf 83' lang='lat' dir='ltr'><strong>arrigere,</strong></span> <span class='ocrx_word' id='word_1_113' title='bbox 444 1254 553 1319; x_wconf 90' lang='lat' dir='ltr'><strong>oculos</strong></span> <span class='ocrx_word' id='word_1_114' title='bbox 580 1253 729 1319; x_wconf 89' lang='lat' dir='ltr'><strong>claudere</strong></span> <span class='ocrx_word' id='word_1_115' title='bbox 735 1278 744 1334; x_wconf 90' lang='lat'>;</span> <span class='ocrx_word' id='word_1_116' title='bbox 773 1253 834 1319; x_wconf 93' lang='lat' dir='ltr'><strong>boc</strong></span> <span class='ocrx_word' id='word_1_117' title='bbox 856 1261 920 1332; x_wconf 91' lang='lat' dir='ltr'><strong>cst,</strong></span> <span class='ocrx_word' id='word_1_118' title='bbox 947 1255 1005 1319; x_wconf 91' lang='lat' dir='ltr'><strong>uni</strong></span> <span class='ocrx_word' id='word_1_119' title='bbox 1027 1253 1235 1337; x_wconf 83' lang='lat' dir='ltr'><strong>promissioni</strong></span> <span class='ocrx_word' id='word_1_120' title='bbox 1619 1214 1772 1282; x_wconf 65' lang='lat' dir='ltr'>CAPUT</span> <span class='ocrx_word' id='word_1_121' title='bbox 1793 1213 1890 1279; x_wconf 65' lang='lat' dir='ltr'><strong>XIV·</strong></span> <span class='ocrx_word' id='word_1_122' title='bbox 1910 1214 1934 1299; x_wconf 74' lang='lat'><strong>¹)</strong></span> 
     </span>
     <span class='ocr_line' id='line_1_12' title="bbox 255 1340 2267 1424; baseline -0.002 -18"><span class='ocrx_word' id='word_1_123' title='bbox 255 1342 418 1406; x_wconf 85' lang='lat' dir='ltr'><strong>intentam</strong></span> <span class='ocrx_word' id='word_1_124' title='bbox 440 1361 519 1417; x_wconf 88' lang='lat' dir='ltr'><strong>esse,</strong></span> <span class='ocrx_word' id='word_1_125' title='bbox 542 1341 772 1424; x_wconf 80' lang='lat' dir='ltr'><strong>cogitationem</strong></span> <span class='ocrx_word' id='word_1_126' title='bbox 791 1348 939 1406; x_wconf 85' lang='lat' dir='ltr'><strong>avertere</strong></span> <span class='ocrx_word' id='word_1_127' title='bbox 961 1341 1001 1404; x_wconf 90' lang='lat' dir='ltr'><strong>ab</strong></span> <span class='ocrx_word' id='word_1_128' title='bbox 1019 1341 1109 1403; x_wconf 93' lang='lat' dir='ltr'><strong>omni</strong></span> <span class='ocrx_word' id='word_1_129' title='bbox 1129 1340 1235 1404; x_wconf 90' lang='lat' dir='ltr'><strong>homi·</strong></span> <span class='ocrx_word' id='word_1_130' title='bbox 1462 1374 1470 1392; x_wconf 92' lang='lat'><strong>·</strong></span> <span class='ocrx_word' id='word_1_131' title='bbox 1507 1375 1515 1392; x_wconf 92' lang='lat'><strong>·</strong></span> <span class='ocrx_word' id='word_1_132' title='bbox 1542 1376 1550 1393; x_wconf 89' lang='lat'><strong>·</strong></span> <span class='ocrx_word' id='word_1_133' title='bbox 1662 1375 1670 1392; x_wconf 90' lang='lat'><strong>·</strong></span> <span class='ocrx_word' id='word_1_134' title='bbox 1750 1375 1758 1390; x_wconf 93' lang='lat'><strong>·</strong></span> <span class='ocrx_word' id='word_1_135' title='bbox 1864 1375 1872 1390; x_wconf 93' lang='lat'><strong>·</strong></span> <span class='ocrx_word' id='word_1_136' title='bbox 1934 1374 1942 1391; x_wconf 90' lang='lat'><strong>·</strong></span> <span class='ocrx_word' id='word_1_137' title='bbox 2181 1373 2189 1389; x_wconf 93' lang='lat'><strong>·</strong></span> <span class='ocrx_word' id='word_1_138' title='bbox 2259 1375 2267 1391; x_wconf 92' lang='lat'><strong>·</strong></span> 
     </span>
     <span class='ocr_line' id='line_1_13' title="bbox 256 1375 2270 1509; baseline -0.018 -16"><span class='ocrx_word' id='word_1_139' title='bbox 256 1428 309 1493; x_wconf 85' lang='lat' dir='ltr'><strong>nis</strong></span> <span class='ocrx_word' id='word_1_140' title='bbox 341 1426 395 1492; x_wconf 80' lang='lat' dir='ltr'><strong>vel</strong></span> <span class='ocrx_word' id='word_1_141' title='bbox 423 1423 583 1509; x_wconf 76' lang='lat' dir='ltr'><strong>dignitate</strong></span> <span class='ocrx_word' id='word_1_142' title='bbox 610 1426 664 1491; x_wconf 81' lang='lat' dir='ltr'><strong>vel</strong></span> <span class='ocrx_word' id='word_1_143' title='bbox 691 1426 816 1490; x_wconf 78' lang='lat' dir='ltr'><strong>merito.</strong></span> <span class='ocrx_word' id='word_1_144' title='bbox 866 1424 918 1490; x_wconf 79' lang='lat' dir='ltr'><strong>lto</strong></span> <span class='ocrx_word' id='word_1_145' title='bbox 951 1426 1109 1508; x_wconf 76' lang='lat' dir='ltr'><strong>impletur</strong></span> <span class='ocrx_word' id='word_1_146' title='bbox 1139 1446 1235 1509; x_wconf 78' lang='lat' dir='ltr'><strong>praa-</strong></span> <span class='ocrx_word' id='word_1_147' title='bbox 1289 1375 1428 1483; x_wconf 75' lang='lat' dir='ltr'><strong>Quale</strong></span> <span class='ocrx_word' id='word_1_148' title='bbox 1459 1386 1628 1459; x_wconf 88' lang='grc'><strong>515155</strong></span> <span class='ocrx_word' id='word_1_149' title='bbox 1658 1376 1967 1458; x_wconf 87' lang='grc'><strong>155511155515515</strong></span> <span class='ocrx_word' id='word_1_150' title='bbox 1999 1385 2045 1456; x_wconf 91' lang='grc'><strong>55</strong></span> <span class='ocrx_word' id='word_1_151' title='bbox 2080 1383 2270 1457; x_wconf 90' lang='lat' dir='ltr'><strong>contmm</strong></span> 
     </span>
     <span class='ocr_line' id='line_1_14' title="bbox 257 1510 1911 1608; baseline -0.002 -29"><span class='ocrx_word' id='word_1_152' title='bbox 257 1513 382 1579; x_wconf 79' lang='lat' dir='ltr'><strong>clarum</strong></span> <span class='ocrx_word' id='word_1_153' title='bbox 403 1511 484 1575; x_wconf 93' lang='lat' dir='ltr'><strong>illud</strong></span> <span class='ocrx_word' id='word_1_154' title='bbox 506 1512 685 1577; x_wconf 86' lang='lat' dir='ltr'><strong>Zachariae</strong></span> <span class='ocrx_word' id='word_1_155' title='bbox 708 1512 759 1596; x_wconf 89' lang='grc'><strong>(3,</strong></span> <span class='ocrx_word' id='word_1_156' title='bbox 780 1510 815 1595; x_wconf 90' lang='grc'><strong>9)</strong></span> <span class='ocrx_word' id='word_1_157' title='bbox 833 1512 1041 1591; x_wconf 79' lang='lat' dir='ltr'><strong>vaticinium,</strong></span> <span class='ocrx_word' id='word_1_158' title='bbox 1068 1511 1155 1593; x_wconf 94' lang='lat' dir='ltr'><strong>quod</strong></span> <span class='ocrx_word' id='word_1_159' title='bbox 1179 1512 1236 1576; x_wconf 93' lang='lat' dir='ltr'><strong>ubi</strong></span> <span class='ocrx_word' id='word_1_160' title='bbox 1644 1525 1911 1608; x_wconf 76' lang='lat' dir='ltr'><strong>progressus·</strong></span> 
     </span>
     <span class='ocr_line' id='line_1_15' title="bbox 256 1596 1236 1681; baseline -0.002 -18"><span class='ocrx_word' id='word_1_161' title='bbox 256 1596 362 1663; x_wconf 88' lang='lat' dir='ltr'><strong>deleta</strong></span> <span class='ocrx_word' id='word_1_162' title='bbox 393 1597 494 1661; x_wconf 85' lang='lat' dir='ltr'><strong>fuerit</strong></span> <span class='ocrx_word' id='word_1_163' title='bbox 519 1599 674 1681; x_wconf 88' lang='lat' dir='ltr'><strong>iniquitas</strong></span> <span class='ocrx_word' id='word_1_164' title='bbox 701 1606 823 1676; x_wconf 89' lang='lat' dir='ltr'><strong>terrae,</strong></span> <span class='ocrx_word' id='word_1_165' title='bbox 857 1599 986 1663; x_wconf 86' lang='lat' dir='ltr'><strong>vocabit</strong></span> <span class='ocrx_word' id='word_1_166' title='bbox 1013 1599 1065 1662; x_wconf 83' lang='lat' dir='ltr'><strong>vir</strong></span> <span class='ocrx_word' id='word_1_167' title='bbox 1093 1598 1236 1662; x_wconf 92' lang='lat' dir='ltr'><strong>amicum</strong></span> 
     </span>
     <span class='ocr_line' id='line_1_16' title="bbox 256 1678 2270 1762; baseline -0.002 -12"><span class='ocrx_word' id='word_1_168' title='bbox 256 1704 351 1750; x_wconf 87' lang='lat' dir='ltr'><strong>suum</strong></span> <span class='ocrx_word' id='word_1_169' title='bbox 380 1684 493 1748; x_wconf 83' lang='lat' dir='ltr'><strong>subter</strong></span> <span class='ocrx_word' id='word_1_170' title='bbox 518 1685 649 1748; x_wconf 83' lang='lat' dir='ltr'><strong>vineam</strong></span> <span class='ocrx_word' id='word_1_171' title='bbox 683 1691 715 1748; x_wconf 90' lang='lat' dir='ltr'><strong>et</strong></span> <span class='ocrx_word' id='word_1_172' title='bbox 741 1684 853 1748; x_wconf 84' lang='lat' dir='ltr'><strong>subter</strong></span> <span class='ocrx_word' id='word_1_173' title='bbox 880 1686 980 1750; x_wconf 89' lang='lat' dir='ltr'><strong>ficum</strong></span> <span class='ocrx_word' id='word_1_174' title='bbox 1008 1704 1114 1748; x_wconf 91' lang='lat' dir='ltr'><strong>suum.</strong></span> <span class='ocrx_word' id='word_1_175' title='bbox 1169 1683 1235 1749; x_wconf 91' lang='lat' dir='ltr'><strong>Ubi</strong></span> <span class='ocrx_word' id='word_1_176' title='bbox 1378 1687 1404 1747; x_wconf 94' lang='grc'><strong>1.</strong></span> <span class='ocrx_word' id='word_1_177' title='bbox 1451 1680 1525 1762; x_wconf 80' lang='lat' dir='ltr'><strong>Quo</strong></span> <span class='ocrx_word' id='word_1_178' title='bbox 1552 1702 1605 1746; x_wconf 90' lang='lat' dir='ltr'><strong>res</strong></span> <span class='ocrx_word' id='word_1_179' title='bbox 1633 1679 1805 1744; x_wconf 78' lang='lat' dir='ltr'><strong>dilucidior</strong></span> <span class='ocrx_word' id='word_1_180' title='bbox 1831 1682 1904 1757; x_wconf 91' lang='lat' dir='ltr'><strong>fiat,</strong></span> <span class='ocrx_word' id='word_1_181' title='bbox 1937 1678 2042 1760; x_wconf 88' lang='lat' dir='ltr'><strong>qualis</strong></span> <span class='ocrx_word' id='word_1_182' title='bbox 2069 1679 2174 1761; x_wconf 85' lang='lat' dir='ltr'><strong>possit</strong></span> <span class='ocrx_word' id='word_1_183' title='bbox 2198 1699 2270 1745; x_wconf 88' lang='lat' dir='ltr'><strong>esse</strong></span> 
     </span>
     <span class='ocr_line' id='line_1_17' title="bbox 254 1763 2266 1852; baseline -0.002 -18"><span class='ocrx_word' id='word_1_184' title='bbox 254 1769 416 1852; x_wconf 89' lang='lat' dir='ltr'><strong>propheta</strong></span> <span class='ocrx_word' id='word_1_185' title='bbox 445 1771 568 1848; x_wconf 89' lang='lat' dir='ltr'><strong>innuit,</strong></span> <span class='ocrx_word' id='word_1_186' title='bbox 602 1791 669 1833; x_wconf 91' lang='lat' dir='ltr'><strong>non</strong></span> <span class='ocrx_word' id='word_1_187' title='bbox 700 1769 796 1834; x_wconf 87' lang='lat' dir='ltr'><strong>aliter</strong></span> <span class='ocrx_word' id='word_1_188' title='bbox 817 1790 897 1834; x_wconf 85' lang='lat' dir='ltr'><strong>vera</strong></span> <span class='ocrx_word' id='word_1_189' title='bbox 923 1790 1002 1852; x_wconf 89' lang='lat' dir='ltr'><strong>paee</strong></span> <span class='ocrx_word' id='word_1_190' title='bbox 1026 1769 1091 1832; x_wconf 81' lang='lat' dir='ltr'><strong>frui</strong></span> <span class='ocrx_word' id='word_1_191' title='bbox 1112 1768 1235 1848; x_wconf 90' lang='lat' dir='ltr'><strong>fideles,</strong></span> <span class='ocrx_word' id='word_1_192' title='bbox 1288 1776 1356 1833; x_wconf 90' lang='lat' dir='ltr'><strong>toto</strong></span> <span class='ocrx_word' id='word_1_193' title='bbox 1393 1769 1481 1834; x_wconf 82' lang='lat' dir='ltr'><strong>vitae</strong></span> <span class='ocrx_word' id='word_1_194' title='bbox 1521 1767 1659 1832; x_wconf 91' lang='lat' dir='ltr'><strong>decursu</strong></span> <span class='ocrx_word' id='word_1_195' title='bbox 1690 1765 1832 1831; x_wconf 86' lang='lat' dir='ltr'><strong>hominis</strong></span> <span class='ocrx_word' id='word_1_196' title='bbox 1872 1765 2011 1844; x_wconf 91' lang='lat' dir='ltr'><strong>iustitia,</strong></span> <span class='ocrx_word' id='word_1_197' title='bbox 2051 1763 2266 1830; x_wconf 86' lang='lat' dir='ltr'><strong>excutiamus.</strong></span> 
     </span>
     <span class='ocr_line' id='line_1_18' title="bbox 255 1850 2269 1939; baseline -0.002 -19"><span class='ocrx_word' id='word_1_198' title='bbox 255 1876 355 1939; x_wconf 88' lang='lat' dir='ltr'><strong>quam</strong></span> <span class='ocrx_word' id='word_1_199' title='bbox 392 1862 466 1937; x_wconf 90' lang='lat' dir='ltr'><strong>post</strong></span> <span class='ocrx_word' id='word_1_200' title='bbox 502 1856 712 1938; x_wconf 85' lang='lat' dir='ltr'><strong>impetratam</strong></span> <span class='ocrx_word' id='word_1_201' title='bbox 750 1863 955 1937; x_wconf 87' lang='lat' dir='ltr'><strong>peccatorum</strong></span> <span class='ocrx_word' id='word_1_202' title='bbox 999 1854 1234 1920; x_wconf 88' lang='lat' dir='ltr'><strong>remissionem.</strong></span> <span class='ocrx_word' id='word_1_203' title='bbox 1289 1852 1546 1938; x_wconf 80' lang='lat' dir='ltr'><strong>Quadruplieem</strong></span> <span class='ocrx_word' id='word_1_204' title='bbox 1585 1873 1663 1919; x_wconf 86' lang='lat' dir='ltr'><strong>vero</strong></span> <span class='ocrx_word' id='word_1_205' title='bbox 1703 1852 1861 1917; x_wconf 87' lang='lat' dir='ltr'><strong>faciamus</strong></span> <span class='ocrx_word' id='word_1_206' title='bbox 1900 1850 2049 1935; x_wconf 81' lang='lat' dir='ltr'><strong>gradum.</strong></span> <span class='ocrx_word' id='word_1_207' title='bbox 2106 1850 2269 1916; x_wconf 88' lang='lat' dir='ltr'><strong>Homines</strong></span> 
     </span>
     <span class='ocr_line' id='line_1_19' title="bbox 258 1935 2270 2024; baseline -0.002 -18"><span class='ocrx_word' id='word_1_208' title='bbox 258 1942 405 2006; x_wconf 72' lang='lat' dir='ltr'><strong>Teuma</strong></span> <span class='ocrx_word' id='word_1_209' title='bbox 433 1943 516 2006; x_wconf 87' lang='lat' dir='ltr'><strong>euim</strong></span> <span class='ocrx_word' id='word_1_210' title='bbox 544 1947 588 2005; x_wconf 90' lang='grc'><strong>551</strong></span> <span class='ocrx_word' id='word_1_211' title='bbox 618 1942 767 2024; x_wconf 76' lang='lat' dir='ltr'><strong>auotopiu</strong></span> <span class='ocrx_word' id='word_1_212' title='bbox 794 1941 868 2006; x_wconf 78' lang='lat' dir='ltr'><strong>baec</strong></span> <span class='ocrx_word' id='word_1_213' title='bbox 890 1943 925 2005; x_wconf 84' lang='lat' dir='ltr'><strong>iu</strong></span> <span class='ocrx_word' id='word_1_214' title='bbox 940 1941 1178 2023; x_wconf 66' lang='lat' dir='ltr'><strong>propheticum</strong></span> <span class='ocrx_word' id='word_1_215' title='bbox 1198 1941 1236 2006; x_wconf 85' lang='grc'><strong>115</strong></span> <span class='ocrx_word' id='word_1_216' title='bbox 1288 1941 1377 2004; x_wconf 89' lang='grc'><strong>5515</strong></span> <span class='ocrx_word' id='word_1_217' title='bbox 1400 1949 1457 2005; x_wconf 89' lang='grc'><strong>555</strong></span> <span class='ocrx_word' id='word_1_218' title='bbox 1478 1939 1570 2004; x_wconf 88' lang='grc'><strong>55115</strong></span> <span class='ocrx_word' id='word_1_219' title='bbox 1588 1939 1652 2003; x_wconf 89' lang='grc' dir='ltr'><strong>Ι)51</strong></span> <span class='ocrx_word' id='word_1_220' title='bbox 1674 1937 1841 2021; x_wconf 82' lang='lat' dir='ltr'><strong>agnitione</strong></span> <span class='ocrx_word' id='word_1_221' title='bbox 1863 1936 2005 2021; x_wconf 90' lang='lat' dir='ltr'><strong>praediti</strong></span> <span class='ocrx_word' id='word_1_222' title='bbox 2025 1937 2061 2000; x_wconf 94' lang='lat' dir='ltr'><strong>in</strong></span> <span class='ocrx_word' id='word_1_223' title='bbox 2082 1935 2270 2001; x_wconf 88' lang='lat' dir='ltr'><strong>idololatria</strong></span> 
     </span>
     <span class='ocr_line' id='line_1_20' title="bbox 255 2021 2267 2109; baseline -0.003 -17"><span class='ocrx_word' id='word_1_224' title='bbox 255 2025 376 2093; x_wconf 74' lang='lat' dir='ltr'><strong>Christi</strong></span> <span class='ocrx_word' id='word_1_225' title='bbox 408 2048 502 2109; x_wconf 80' lang='lat' dir='ltr'><strong>rapae</strong></span> <span class='ocrx_word' id='word_1_226' title='bbox 529 2028 703 2106; x_wconf 82' lang='lat' dir='ltr'><strong>disserunt,</strong></span> <span class='ocrx_word' id='word_1_227' title='bbox 742 2031 887 2092; x_wconf 78' lang='grc'><strong>5551555555</strong></span> <span class='ocrx_word' id='word_1_228' title='bbox 918 2026 984 2092; x_wconf 84' lang='lat' dir='ltr'><strong>Da·</strong></span> <span class='ocrx_word' id='word_1_229' title='bbox 1015 2027 1236 2092; x_wconf 73' lang='lat' dir='ltr'><strong>uaadiutoues</strong></span> <span class='ocrx_word' id='word_1_230' title='bbox 1287 2026 1429 2091; x_wconf 86' lang='lat' dir='ltr'><strong>demersi</strong></span> <span class='ocrx_word' id='word_1_231' title='bbox 1455 2032 1546 2106; x_wconf 87' lang='lat' dir='ltr'><strong>sunt;</strong></span> <span class='ocrx_word' id='word_1_232' title='bbox 1574 2032 1632 2089; x_wconf 86' lang='lat' dir='ltr'><strong>aut</strong></span> <span class='ocrx_word' id='word_1_233' title='bbox 1658 2024 1872 2090; x_wconf 86' lang='lat' dir='ltr'><strong>sacramentis</strong></span> <span class='ocrx_word' id='word_1_234' title='bbox 1897 2023 2018 2087; x_wconf 90' lang='lat' dir='ltr'><strong>initiati</strong></span> <span class='ocrx_word' id='word_1_235' title='bbox 2043 2021 2132 2088; x_wconf 79' lang='lat' dir='ltr'><strong>vitae</strong></span> <span class='ocrx_word' id='word_1_236' title='bbox 2158 2022 2267 2106; x_wconf 87' lang='lat' dir='ltr'><strong>impu-</strong></span> 
     </span>
     <span class='ocr_line' id='line_1_21' title="bbox 252 2109 2267 2196; baseline -0.001 -20"><span class='ocrx_word' id='word_1_237' title='bbox 252 2114 348 2195; x_wconf 76' lang='lat' dir='ltr'><strong>quasi</strong></span> <span class='ocrx_word' id='word_1_238' title='bbox 369 2113 587 2192; x_wconf 78' lang='lat' dir='ltr'><strong>spiritualium</strong></span> <span class='ocrx_word' id='word_1_239' title='bbox 608 2112 757 2178; x_wconf 72' lang='lat' dir='ltr'><strong>bammum</strong></span> <span class='ocrx_word' id='word_1_240' title='bbox 775 2112 900 2195; x_wconf 77' lang='lat' dir='ltr'><strong>fipurus</strong></span> <span class='ocrx_word' id='word_1_241' title='bbox 917 2133 1096 2196; x_wconf 77' lang='lat' dir='ltr'><strong>proponere.</strong></span> <span class='ocrx_word' id='word_1_242' title='bbox 1147 2112 1235 2178; x_wconf 84' lang='lat' dir='ltr'><strong>Uude</strong></span> <span class='ocrx_word' id='word_1_243' title='bbox 1287 2113 1383 2177; x_wconf 85' lang='lat' dir='ltr'><strong>ritate</strong></span> <span class='ocrx_word' id='word_1_244' title='bbox 1405 2112 1528 2191; x_wconf 91' lang='lat' dir='ltr'><strong>Deum,</strong></span> <span class='ocrx_word' id='word_1_245' title='bbox 1551 2132 1647 2194; x_wconf 92' lang='lat' dir='ltr'><strong>quem</strong></span> <span class='ocrx_word' id='word_1_246' title='bbox 1669 2131 1725 2175; x_wconf 89' lang='lat' dir='ltr'><strong>ore</strong></span> <span class='ocrx_word' id='word_1_247' title='bbox 1747 2112 1958 2188; x_wconf 89' lang='lat' dir='ltr'><strong>confitentur,</strong></span> <span class='ocrx_word' id='word_1_248' title='bbox 1980 2109 2076 2174; x_wconf 81' lang='grc'><strong>155515</strong></span> <span class='ocrx_word' id='word_1_249' title='bbox 2098 2109 2267 2193; x_wconf 81' lang='lat' dir='ltr'><strong>abnegan-</strong></span> 
     </span>
     <span class='ocr_line' id='line_1_22' title="bbox 253 2195 2264 2282; baseline -0.002 -18"><span class='ocrx_word' id='word_1_250' title='bbox 253 2204 281 2264; x_wconf 88' lang='grc'><strong>51</strong></span> <span class='ocrx_word' id='word_1_251' title='bbox 305 2196 451 2262; x_wconf 76' lang='lat' dir='ltr'><strong>Christus</strong></span> <span class='ocrx_word' id='word_1_252' title='bbox 471 2201 638 2279; x_wconf 75' lang='lat' dir='ltr'><strong>respacis</strong></span> <span class='ocrx_word' id='word_1_253' title='bbox 659 2204 773 2280; x_wconf 78' lang='lat' dir='ltr'><strong>etpaa</strong></span> <span class='ocrx_word' id='word_1_254' title='bbox 793 2204 900 2263; x_wconf 82' lang='lat' dir='ltr'><strong>uestra</strong></span> <span class='ocrx_word' id='word_1_255' title='bbox 921 2205 1048 2265; x_wconf 86' lang='lat' dir='ltr'><strong>uocatur</strong></span> <span class='ocrx_word' id='word_1_256' title='bbox 1065 2198 1142 2282; x_wconf 85' lang='lat' dir='ltr'><strong>(Ies</strong></span> <span class='ocrx_word' id='word_1_257' title='bbox 1155 2204 1184 2277; x_wconf 89' lang='grc'><strong>9,</strong></span> <span class='ocrx_word' id='word_1_258' title='bbox 1198 2203 1234 2278; x_wconf 85' lang='grc'><strong>6;</strong></span> <span class='ocrx_word' id='word_1_259' title='bbox 1287 2204 1337 2263; x_wconf 92' lang='lat' dir='ltr'><strong>tes</strong></span> <span class='ocrx_word' id='word_1_260' title='bbox 1364 2198 1460 2262; x_wconf 91' lang='lat' dir='ltr'><strong>titulo</strong></span> <span class='ocrx_word' id='word_1_261' title='bbox 1487 2206 1585 2263; x_wconf 91' lang='lat' dir='ltr'><strong>tenus</strong></span> <span class='ocrx_word' id='word_1_262' title='bbox 1611 2204 1689 2262; x_wconf 88' lang='lat' dir='ltr'><strong>sunt</strong></span> <span class='ocrx_word' id='word_1_263' title='bbox 1710 2195 1850 2274; x_wconf 84' lang='lat' dir='ltr'><strong>Christi3</strong></span> <span class='ocrx_word' id='word_1_264' title='bbox 1878 2203 1935 2260; x_wconf 89' lang='lat' dir='ltr'><strong>aut</strong></span> <span class='ocrx_word' id='word_1_265' title='bbox 1959 2195 2151 2279; x_wconf 82' lang='lat' dir='ltr'><strong>hypocritae</strong></span> <span class='ocrx_word' id='word_1_266' title='bbox 2179 2202 2264 2273; x_wconf 91' lang='lat' dir='ltr'><strong>sunt,</strong></span> 
     </span>
     <span class='ocr_line' id='line_1_23' title="bbox 253 2281 2265 2380; baseline -0.001 -32"><span class='ocrx_word' id='word_1_267' title='bbox 253 2282 383 2366; x_wconf 71' lang='lat' dir='ltr'><strong>lapus,</strong></span> <span class='ocrx_word' id='word_1_268' title='bbox 399 2285 464 2367; x_wconf 84' lang='lat'><strong>14),</strong></span> <span class='ocrx_word' id='word_1_269' title='bbox 486 2285 563 2366; x_wconf 87' lang='lat' dir='ltr'><strong>quic</strong></span> <span class='ocrx_word' id='word_1_270' title='bbox 584 2305 688 2350; x_wconf 79' lang='grc'><strong>5551155</strong></span> <span class='ocrx_word' id='word_1_271' title='bbox 710 2285 911 2351; x_wconf 72' lang='grc'><strong>5555155155</strong></span> <span class='ocrx_word' id='word_1_272' title='bbox 931 2285 1117 2368; x_wconf 79' lang='lat' dir='ltr'><strong>upitotioues</strong></span> <span class='ocrx_word' id='word_1_273' title='bbox 1139 2286 1234 2350; x_wconf 85' lang='lat' dir='ltr'><strong>sedat.</strong></span> <span class='ocrx_word' id='word_1_274' title='bbox 1287 2284 1343 2368; x_wconf 92' lang='lat' dir='ltr'><strong>qui</strong></span> <span class='ocrx_word' id='word_1_275' title='bbox 1365 2283 1470 2349; x_wconf 86' lang='lat' dir='ltr'><strong>cordis</strong></span> <span class='ocrx_word' id='word_1_276' title='bbox 1492 2285 1672 2367; x_wconf 88' lang='lat' dir='ltr'><strong>nequitiam</strong></span> <span class='ocrx_word' id='word_1_277' title='bbox 1694 2282 1848 2348; x_wconf 91' lang='lat' dir='ltr'><strong>inanibus</strong></span> <span class='ocrx_word' id='word_1_278' title='bbox 1867 2281 1951 2347; x_wconf 87' lang='lat' dir='ltr'><strong>fucis</strong></span> <span class='ocrx_word' id='word_1_279' title='bbox 1967 2288 2102 2380; x_wconf 68' lang='lat' dir='ltr'><strong>tegunt3</strong></span> <span class='ocrx_word' id='word_1_280' title='bbox 2125 2282 2265 2363; x_wconf 73' lang='grc'><strong>555551-</strong></span> 
     </span>
     <span class='ocr_line' id='line_1_24' title="bbox 254 2366 2265 2455; baseline -0.001 -21"><span class='ocrx_word' id='word_1_281' title='bbox 254 2367 374 2434; x_wconf 83' lang='lat' dir='ltr'><strong>Modus</strong></span> <span class='ocrx_word' id='word_1_282' title='bbox 395 2370 424 2434; x_wconf 82' lang='lat' dir='ltr'><strong>si</strong></span> <span class='ocrx_word' id='word_1_283' title='bbox 445 2371 622 2450; x_wconf 82' lang='lat' dir='ltr'><strong>quaeritur,</strong></span> <span class='ocrx_word' id='word_1_284' title='bbox 652 2371 695 2435; x_wconf 86' lang='lat' dir='ltr'><strong>od</strong></span> <span class='ocrx_word' id='word_1_285' title='bbox 715 2370 923 2451; x_wconf 68' lang='lat' dir='ltr'><strong>sacrificium,</strong></span> <span class='ocrx_word' id='word_1_286' title='bbox 951 2392 1012 2452; x_wconf 86' lang='lat' dir='ltr'><strong>quo</strong></span> <span class='ocrx_word' id='word_1_287' title='bbox 1033 2375 1169 2453; x_wconf 78' lang='lat' dir='ltr'><strong>pacatus</strong></span> <span class='ocrx_word' id='word_1_288' title='bbox 1191 2376 1235 2436; x_wconf 85' lang='lat' dir='ltr'><strong>est</strong></span> <span class='ocrx_word' id='word_1_289' title='bbox 1286 2370 1354 2435; x_wconf 91' lang='lat' dir='ltr'><strong>ritu</strong></span> <span class='ocrx_word' id='word_1_290' title='bbox 1379 2370 1445 2435; x_wconf 93' lang='lat' dir='ltr'><strong>Dei</strong></span> <span class='ocrx_word' id='word_1_291' title='bbox 1470 2370 1656 2455; x_wconf 80' lang='lat' dir='ltr'><strong>regenerati</strong></span> <span class='ocrx_word' id='word_1_292' title='bbox 1682 2389 1797 2434; x_wconf 88' lang='lat' dir='ltr'><strong>veram</strong></span> <span class='ocrx_word' id='word_1_293' title='bbox 1825 2367 2077 2433; x_wconf 90' lang='lat' dir='ltr'><strong>sanctimomam</strong></span> <span class='ocrx_word' id='word_1_294' title='bbox 2102 2366 2265 2432; x_wconf 86' lang='lat' dir='ltr'><strong>meditan-</strong></span> 
     </span>
     <span class='ocr_line' id='line_1_25' title="bbox 253 2451 2266 2539; baseline -0.001 -20"><span class='ocrx_word' id='word_1_295' title='bbox 253 2453 353 2533; x_wconf 81' lang='lat' dir='ltr'><strong>Dms,</strong></span> <span class='ocrx_word' id='word_1_296' title='bbox 374 2456 480 2520; x_wconf 79' lang='lat' dir='ltr'><strong>venire</strong></span> <span class='ocrx_word' id='word_1_297' title='bbox 500 2477 620 2521; x_wconf 82' lang='grc'><strong>5555555</strong></span> <span class='ocrx_word' id='word_1_298' title='bbox 641 2462 699 2535; x_wconf 88' lang='grc'><strong>551;</strong></span> <span class='ocrx_word' id='word_1_299' title='bbox 721 2457 797 2538; x_wconf 83' lang='lat' dir='ltr'><strong>quie</strong></span> <span class='ocrx_word' id='word_1_300' title='bbox 819 2458 977 2537; x_wconf 82' lang='lat' dir='ltr'><strong>trepidare</strong></span> <span class='ocrx_word' id='word_1_301' title='bbox 998 2477 1161 2537; x_wconf 83' lang='lat' dir='ltr'><strong>uunquam</strong></span> <span class='ocrx_word' id='word_1_302' title='bbox 1183 2458 1234 2521; x_wconf 88' lang='lat' dir='ltr'><strong>dc·</strong></span> <span class='ocrx_word' id='word_1_303' title='bbox 1285 2462 1351 2520; x_wconf 91' lang='lat' dir='ltr'><strong>tur.</strong></span> <span class='ocrx_word' id='word_1_304' title='bbox 1396 2456 1438 2520; x_wconf 94' lang='lat' dir='ltr'><strong>In</strong></span> <span class='ocrx_word' id='word_1_305' title='bbox 1468 2456 1600 2539; x_wconf 88' lang='lat' dir='ltr'><strong>primis,</strong></span> <span class='ocrx_word' id='word_1_306' title='bbox 1633 2453 1764 2537; x_wconf 86' lang='lat' dir='ltr'><strong>quando</strong></span> <span class='ocrx_word' id='word_1_307' title='bbox 1794 2453 2001 2519; x_wconf 88' lang='lat' dir='ltr'><strong>naturalibus</strong></span> <span class='ocrx_word' id='word_1_308' title='bbox 2029 2451 2162 2518; x_wconf 89' lang='lat' dir='ltr'><strong>dotibus</strong></span> <span class='ocrx_word' id='word_1_309' title='bbox 2190 2474 2266 2519; x_wconf 93' lang='lat' dir='ltr'><strong>cen-</strong></span> 
     </span>
     <span class='ocr_line' id='line_1_26' title="bbox 252 2539 2266 2624; baseline -0.001 -19"><span class='ocrx_word' id='word_1_310' title='bbox 252 2540 346 2620; x_wconf 75' lang='grc'><strong>55151,</strong></span> <span class='ocrx_word' id='word_1_311' title='bbox 374 2542 518 2622; x_wconf 79' lang='lat' dir='ltr'><strong>quisquis</strong></span> <span class='ocrx_word' id='word_1_312' title='bbox 539 2563 601 2606; x_wconf 83' lang='lat' dir='ltr'><strong>uec</strong></span> <span class='ocrx_word' id='word_1_313' title='bbox 621 2548 733 2607; x_wconf 81' lang='lat' dir='ltr'><strong>statuet</strong></span> <span class='ocrx_word' id='word_1_314' title='bbox 760 2543 827 2606; x_wconf 85' lang='lat' dir='ltr'><strong>solo</strong></span> <span class='ocrx_word' id='word_1_315' title='bbox 848 2542 1104 2624; x_wconf 80' lang='lat' dir='ltr'><strong>illaeapiotioue</strong></span> <span class='ocrx_word' id='word_1_316' title='bbox 1123 2543 1235 2624; x_wconf 86' lang='lat' dir='ltr'><strong>propi·</strong></span> <span class='ocrx_word' id='word_1_317' title='bbox 1286 2541 1380 2607; x_wconf 89' lang='lat' dir='ltr'><strong>sendi</strong></span> <span class='ocrx_word' id='word_1_318' title='bbox 1401 2551 1493 2620; x_wconf 90' lang='lat' dir='ltr'><strong>sunt,</strong></span> <span class='ocrx_word' id='word_1_319' title='bbox 1522 2564 1542 2608; x_wconf 91' lang='grc'><strong>5</strong></span> <span class='ocrx_word' id='word_1_320' title='bbox 1566 2543 1689 2608; x_wconf 80' lang='lat' dir='ltr'><strong>vertice</strong></span> <span class='ocrx_word' id='word_1_321' title='bbox 1711 2540 1825 2623; x_wconf 90' lang='lat' dir='ltr'><strong>capitis</strong></span> <span class='ocrx_word' id='word_1_322' title='bbox 1848 2539 1889 2605; x_wconf 90' lang='lat' dir='ltr'><strong>ad</strong></span> <span class='ocrx_word' id='word_1_323' title='bbox 1911 2540 2061 2623; x_wconf 88' lang='lat' dir='ltr'><strong>plantam</strong></span> <span class='ocrx_word' id='word_1_324' title='bbox 2083 2561 2187 2621; x_wconf 92' lang='lat' dir='ltr'><strong>usque</strong></span> <span class='ocrx_word' id='word_1_325' title='bbox 2207 2560 2266 2621; x_wconf 90' lang='lat' dir='ltr'><strong>pe-</strong></span> 
     </span>
     <span class='ocr_line' id='line_1_27' title="bbox 252 2624 2265 2710; baseline -0.002 -18"><span class='ocrx_word' id='word_1_326' title='bbox 252 2626 332 2692; x_wconf 83' lang='lat' dir='ltr'><strong>tiari</strong></span> <span class='ocrx_word' id='word_1_327' title='bbox 347 2626 452 2692; x_wconf 88' lang='lat' dir='ltr'><strong>Deum</strong></span> <span class='ocrx_word' id='word_1_328' title='bbox 468 2648 532 2709; x_wconf 89' lang='lat' dir='ltr'><strong>quc</strong></span> <span class='ocrx_word' id='word_1_329' title='bbox 546 2626 690 2693; x_wconf 71' lang='lat' dir='ltr'><strong>clauus</strong></span> <span class='ocrx_word' id='word_1_330' title='bbox 705 2630 791 2692; x_wconf 82' lang='lat' dir='ltr'><strong>iram</strong></span> <span class='ocrx_word' id='word_1_331' title='bbox 805 2629 874 2693; x_wconf 79' lang='lat' dir='ltr'><strong>eius</strong></span> <span class='ocrx_word' id='word_1_332' title='bbox 888 2631 1046 2694; x_wconf 75' lang='lat' dir='ltr'><strong>sustinuit.</strong></span> <span class='ocrx_word' id='word_1_333' title='bbox 1090 2628 1235 2710; x_wconf 81' lang='lat' dir='ltr'><strong>Denique</strong></span> <span class='ocrx_word' id='word_1_334' title='bbox 1286 2628 1336 2693; x_wconf 92' lang='lat' dir='ltr'><strong>dis</strong></span> <span class='ocrx_word' id='word_1_335' title='bbox 1358 2628 1500 2694; x_wconf 89' lang='lat' dir='ltr'><strong>scintilla</strong></span> <span class='ocrx_word' id='word_1_336' title='bbox 1521 2628 1598 2693; x_wconf 95' lang='lat' dir='ltr'><strong>boni</strong></span> <span class='ocrx_word' id='word_1_337' title='bbox 1619 2649 1686 2692; x_wconf 94' lang='lat' dir='ltr'><strong>non</strong></span> <span class='ocrx_word' id='word_1_338' title='bbox 1708 2627 1903 2709; x_wconf 86' lang='lat' dir='ltr'><strong>reperietur;</strong></span> <span class='ocrx_word' id='word_1_339' title='bbox 1925 2626 1989 2691; x_wconf 91' lang='lat' dir='ltr'><strong>nisi</strong></span> <span class='ocrx_word' id='word_1_340' title='bbox 2011 2626 2095 2690; x_wconf 84' lang='lat' dir='ltr'><strong>forte</strong></span> <span class='ocrx_word' id='word_1_341' title='bbox 2112 2624 2265 2691; x_wconf 87' lang='lat' dir='ltr'><strong>volumus</strong></span> 
     </span>
     <span class='ocr_line' id='line_1_28' title="bbox 252 2710 2264 2796; baseline -0.002 -19"><span class='ocrx_word' id='word_1_342' title='bbox 252 2732 314 2779; x_wconf 83' lang='lat' dir='ltr'><strong>acu</strong></span> <span class='ocrx_word' id='word_1_343' title='bbox 347 2713 427 2777; x_wconf 82' lang='lat' dir='ltr'><strong>aiibi</strong></span> <span class='ocrx_word' id='word_1_344' title='bbox 455 2734 551 2795; x_wconf 85' lang='lat' dir='ltr'><strong>quam</strong></span> <span class='ocrx_word' id='word_1_345' title='bbox 578 2716 613 2778; x_wconf 86' lang='lat' dir='ltr'><strong>iu</strong></span> <span class='ocrx_word' id='word_1_346' title='bbox 643 2714 763 2779; x_wconf 76' lang='grc'><strong>01151511</strong></span> <span class='ocrx_word' id='word_1_347' title='bbox 788 2715 993 2796; x_wconf 81' lang='lat' dir='ltr'><strong>redemptoris</strong></span> <span class='ocrx_word' id='word_1_348' title='bbox 1019 2716 1119 2782; x_wconf 76' lang='lat' dir='ltr'><strong>mari</strong></span> <span class='ocrx_word' id='word_1_349' title='bbox 1140 2720 1235 2781; x_wconf 78' lang='lat' dir='ltr'><strong>terro·</strong></span> <span class='ocrx_word' id='word_1_350' title='bbox 1285 2714 1477 2779; x_wconf 87' lang='lat' dir='ltr'><strong>insimulare</strong></span> <span class='ocrx_word' id='word_1_351' title='bbox 1498 2714 1573 2779; x_wconf 83' lang='lat' dir='ltr'><strong>falsi</strong></span> <span class='ocrx_word' id='word_1_352' title='bbox 1595 2713 1808 2795; x_wconf 88' lang='lat' dir='ltr'><strong>scripturam,</strong></span> <span class='ocrx_word' id='word_1_353' title='bbox 1837 2713 1916 2777; x_wconf 93' lang='lat' dir='ltr'><strong>dum</strong></span> <span class='ocrx_word' id='word_1_354' title='bbox 1941 2711 2033 2778; x_wconf 87' lang='lat' dir='ltr'><strong>hisce</strong></span> <span class='ocrx_word' id='word_1_355' title='bbox 2054 2710 2166 2795; x_wconf 81' lang='lat' dir='ltr'><strong>elogiis</strong></span> <span class='ocrx_word' id='word_1_356' title='bbox 2187 2711 2264 2773; x_wconf 92' lang='lat' dir='ltr'><strong>uni-</strong></span> 
     </span>
     <span class='ocr_line' id='line_1_29' title="bbox 252 2796 2265 2881; baseline -0.003 -15"><span class='ocrx_word' id='word_1_357' title='bbox 252 2799 341 2866; x_wconf 77' lang='grc'><strong>51155</strong></span> <span class='ocrx_word' id='word_1_358' title='bbox 355 2820 427 2881; x_wconf 79' lang='lat' dir='ltr'><strong>poa</strong></span> <span class='ocrx_word' id='word_1_359' title='bbox 448 2799 536 2864; x_wconf 74' lang='lat' dir='ltr'><strong>nolas</strong></span> <span class='ocrx_word' id='word_1_360' title='bbox 557 2802 743 2881; x_wconf 81' lang='lat' dir='ltr'><strong>quaerenda.</strong></span> <span class='ocrx_word' id='word_1_361' title='bbox 1285 2821 1397 2866; x_wconf 80' lang='lat' dir='ltr'><strong>versos</strong></span> <span class='ocrx_word' id='word_1_362' title='bbox 1418 2800 1504 2866; x_wconf 93' lang='lat' dir='ltr'><strong>filios</strong></span> <span class='ocrx_word' id='word_1_363' title='bbox 1525 2798 1633 2865; x_wconf 81' lang='lat' dir='ltr'><strong>Adam</strong></span> <span class='ocrx_word' id='word_1_364' title='bbox 1657 2797 1876 2865; x_wconf 89' lang='lat' dir='ltr'><strong>commendat:</strong></span> <span class='ocrx_word' id='word_1_365' title='bbox 1903 2796 1991 2880; x_wconf 93' lang='lat' dir='ltr'><strong>quod</strong></span> <span class='ocrx_word' id='word_1_366' title='bbox 2020 2816 2121 2880; x_wconf 84' lang='lat' dir='ltr'><strong>pravo</strong></span> <span class='ocrx_word' id='word_1_367' title='bbox 2142 2796 2209 2861; x_wconf 90' lang='lat' dir='ltr'><strong>sint</strong></span> <span class='ocrx_word' id='word_1_368' title='bbox 2230 2804 2265 2860; x_wconf 93' lang='lat' dir='ltr'><strong>et</strong></span> 
     </span>
     <span class='ocr_line' id='line_1_30' title="bbox 340 2881 2265 2971; baseline -0.001 -23"><span class='ocrx_word' id='word_1_369' title='bbox 340 2889 369 2949; x_wconf 83' lang='lat'><strong>5.</strong></span> <span class='ocrx_word' id='word_1_370' title='bbox 417 2885 479 2950; x_wconf 85' lang='lat' dir='ltr'><strong>Sed</strong></span> <span class='ocrx_word' id='word_1_371' title='bbox 500 2887 577 2966; x_wconf 82' lang='lat' dir='ltr'><strong>quid</strong></span> <span class='ocrx_word' id='word_1_372' title='bbox 598 2887 771 2953; x_wconf 84' lang='lat' dir='ltr'><strong>obscuriore</strong></span> <span class='ocrx_word' id='word_1_373' title='bbox 798 2888 970 2952; x_wconf 85' lang='lat' dir='ltr'><strong>testimom&#39;o</strong></span> <span class='ocrx_word' id='word_1_374' title='bbox 992 2887 1087 2952; x_wconf 74' lang='grc'><strong>51551</strong></span> <span class='ocrx_word' id='word_1_375' title='bbox 1131 2886 1233 2971; x_wconf 78' lang='lat' dir='ltr'><strong>Nepet</strong></span> <span class='ocrx_word' id='word_1_376' title='bbox 1284 2887 1468 2968; x_wconf 88' lang='lat' dir='ltr'><strong>praefracto</strong></span> <span class='ocrx_word' id='word_1_377' title='bbox 1503 2885 1614 2965; x_wconf 91' lang='lat' dir='ltr'><strong>corde,</strong></span> <span class='ocrx_word' id='word_1_378' title='bbox 1660 2884 1746 2968; x_wconf 92' lang='lat' dir='ltr'><strong>quod</strong></span> <span class='ocrx_word' id='word_1_379' title='bbox 1784 2905 1881 2949; x_wconf 93' lang='lat' dir='ltr'><strong>omne</strong></span> <span class='ocrx_word' id='word_1_380' title='bbox 1919 2885 2115 2968; x_wconf 79' lang='lat' dir='ltr'><strong>figmentum</strong></span> <span class='ocrx_word' id='word_1_381' title='bbox 2158 2881 2265 2948; x_wconf 87' lang='lat' dir='ltr'><strong>cordis</strong></span> 
     </span>
     <span class='ocr_line' id='line_1_31' title="bbox 250 2969 2265 3057; baseline -0.001 -23"><span class='ocrx_word' id='word_1_382' title='bbox 250 2971 364 3052; x_wconf 76' lang='lat' dir='ltr'><strong>ubique</strong></span> <span class='ocrx_word' id='word_1_383' title='bbox 397 2970 523 3035; x_wconf 86' lang='lat' dir='ltr'><strong>Paulus</strong></span> <span class='ocrx_word' id='word_1_384' title='bbox 552 2971 662 3056; x_wconf 85' lang='lat' dir='ltr'><strong>(Rom.</strong></span> <span class='ocrx_word' id='word_1_385' title='bbox 690 2978 724 3051; x_wconf 83' lang='lat'><strong>5,</strong></span> <span class='ocrx_word' id='word_1_386' title='bbox 750 2972 783 3057; x_wconf 87' lang='lat'><strong>1)</strong></span> <span class='ocrx_word' id='word_1_387' title='bbox 811 2993 922 3055; x_wconf 83' lang='lat' dir='ltr'><strong>pacem</strong></span> <span class='ocrx_word' id='word_1_388' title='bbox 954 2974 1001 3038; x_wconf 87' lang='grc'><strong>551</strong></span> <span class='ocrx_word' id='word_1_389' title='bbox 1025 2974 1232 3055; x_wconf 82' lang='lat' dir='ltr'><strong>tranquillum</strong></span> <span class='ocrx_word' id='word_1_390' title='bbox 1284 2992 1399 3036; x_wconf 90' lang='lat' dir='ltr'><strong>eorum</strong></span> <span class='ocrx_word' id='word_1_391' title='bbox 1421 2972 1546 3037; x_wconf 86' lang='lat' dir='ltr'><strong>malum</strong></span> <span class='ocrx_word' id='word_1_392' title='bbox 1569 2973 1612 3037; x_wconf 89' lang='lat' dir='ltr'><strong>sit</strong></span> <span class='ocrx_word' id='word_1_393' title='bbox 1633 2992 1653 3035; x_wconf 91' lang='lat' dir='ltr'><strong>a</strong></span> <span class='ocrx_word' id='word_1_394' title='bbox 1673 2971 1789 3055; x_wconf 89' lang='lat' dir='ltr'><strong>primis</strong></span> <span class='ocrx_word' id='word_1_395' title='bbox 1811 2972 1921 3049; x_wconf 89' lang='lat' dir='ltr'><strong>annis,</strong></span> <span class='ocrx_word' id='word_1_396' title='bbox 1950 2969 2038 3052; x_wconf 91' lang='lat' dir='ltr'><strong>quod</strong></span> <span class='ocrx_word' id='word_1_397' title='bbox 2064 2990 2170 3036; x_wconf 79' lang='lat' dir='ltr'><strong>vanae</strong></span> <span class='ocrx_word' id='word_1_398' title='bbox 2199 2969 2265 3033; x_wconf 89' lang='lat' dir='ltr'><strong>sint</strong></span> 
     </span>
     <span class='ocr_line' id='line_1_32' title="bbox 249 3054 2264 3142; baseline -0 -22"><span class='ocrx_word' id='word_1_399' title='bbox 249 3059 403 3141; x_wconf 64' lang='lat' dir='ltr'><strong>goudium</strong></span> <span class='ocrx_word' id='word_1_400' title='bbox 425 3058 561 3137; x_wconf 79' lang='lat' dir='ltr'><strong>relinqui</strong></span> <span class='ocrx_word' id='word_1_401' title='bbox 582 3059 791 3138; x_wconf 78' lang='lat' dir='ltr'><strong>mmcieutiis,</strong></span> <span class='ocrx_word' id='word_1_402' title='bbox 817 3060 883 3123; x_wconf 80' lang='lat' dir='ltr'><strong>uisi</strong></span> <span class='ocrx_word' id='word_1_403' title='bbox 904 3064 1054 3123; x_wconf 82' lang='lat' dir='ltr'><strong>statutum</strong></span> <span class='ocrx_word' id='word_1_404' title='bbox 1073 3060 1231 3125; x_wconf 76' lang='grc'><strong>511115511-</strong></span> <span class='ocrx_word' id='word_1_405' title='bbox 1283 3078 1399 3122; x_wconf 88' lang='grc'><strong>55555</strong></span> <span class='ocrx_word' id='word_1_406' title='bbox 1429 3058 1658 3142; x_wconf 82' lang='lat' dir='ltr'><strong>cogitationes,</strong></span> <span class='ocrx_word' id='word_1_407' title='bbox 1686 3055 1772 3139; x_wconf 92' lang='lat' dir='ltr'><strong>quod</strong></span> <span class='ocrx_word' id='word_1_408' title='bbox 1797 3057 1948 3121; x_wconf 88' lang='lat' dir='ltr'><strong>timorem</strong></span> <span class='ocrx_word' id='word_1_409' title='bbox 1970 3056 2035 3120; x_wconf 92' lang='lat' dir='ltr'><strong>Dei</strong></span> <span class='ocrx_word' id='word_1_410' title='bbox 2061 3076 2142 3138; x_wconf 92' lang='lat' dir='ltr'><strong>prae</strong></span> <span class='ocrx_word' id='word_1_411' title='bbox 2163 3054 2264 3119; x_wconf 89' lang='lat' dir='ltr'><strong>oeulis</strong></span> 
     </span>
     <span class='ocr_line' id='line_1_33' title="bbox 250 3141 2263 3226; baseline -0 -21"><span class='ocrx_word' id='word_1_412' title='bbox 250 3141 344 3223; x_wconf 75' lang='lat' dir='ltr'><strong>ficari</strong></span> <span class='ocrx_word' id='word_1_413' title='bbox 364 3162 420 3205; x_wconf 89' lang='lat' dir='ltr'><strong>uos</strong></span> <span class='ocrx_word' id='word_1_414' title='bbox 439 3141 510 3222; x_wconf 75' lang='lat' dir='ltr'><strong>fide,</strong></span> <span class='ocrx_word' id='word_1_415' title='bbox 562 3143 649 3209; x_wconf 81' lang='lat' dir='ltr'><strong>Uada</strong></span> <span class='ocrx_word' id='word_1_416' title='bbox 671 3150 773 3209; x_wconf 84' lang='grc'><strong>551555</strong></span> <span class='ocrx_word' id='word_1_417' title='bbox 795 3145 1036 3224; x_wconf 77' lang='lat' dir='ltr'><strong>dissertitudo,</strong></span> <span class='ocrx_word' id='word_1_418' title='bbox 1062 3146 1160 3210; x_wconf 83' lang='lat' dir='ltr'><strong>simul</strong></span> <span class='ocrx_word' id='word_1_419' title='bbox 1180 3147 1232 3211; x_wconf 85' lang='lat' dir='ltr'><strong>de-</strong></span> <span class='ocrx_word' id='word_1_420' title='bbox 1282 3165 1349 3209; x_wconf 92' lang='lat' dir='ltr'><strong>non</strong></span> <span class='ocrx_word' id='word_1_421' title='bbox 1375 3144 1533 3223; x_wconf 89' lang='lat' dir='ltr'><strong>habeant,</strong></span> <span class='ocrx_word' id='word_1_422' title='bbox 1562 3142 1648 3226; x_wconf 92' lang='lat' dir='ltr'><strong>quod</strong></span> <span class='ocrx_word' id='word_1_423' title='bbox 1674 3164 1771 3207; x_wconf 93' lang='lat' dir='ltr'><strong>nemo</strong></span> <span class='ocrx_word' id='word_1_424' title='bbox 1797 3163 1911 3207; x_wconf 90' lang='lat' dir='ltr'><strong>eorum</strong></span> <span class='ocrx_word' id='word_1_425' title='bbox 1937 3142 2103 3225; x_wconf 82' lang='lat' dir='ltr'><strong>intelligat</strong></span> <span class='ocrx_word' id='word_1_426' title='bbox 2129 3149 2188 3205; x_wconf 90' lang='lat' dir='ltr'><strong>aut</strong></span> <span class='ocrx_word' id='word_1_427' title='bbox 2212 3162 2263 3205; x_wconf 87' lang='lat' dir='ltr'><strong>re-</strong></span> 
     </span>
     <span class='ocr_line' id='line_1_34' title="bbox 252 3227 2260 3314; baseline -0.002 -21"><span class='ocrx_word' id='word_1_428' title='bbox 252 3227 367 3307; x_wconf 86' lang='lat' dir='ltr'><strong>clurut,</strong></span> <span class='ocrx_word' id='word_1_429' title='bbox 395 3247 491 3308; x_wconf 90' lang='lat' dir='ltr'><strong>quum</strong></span> <span class='ocrx_word' id='word_1_430' title='bbox 517 3230 632 3294; x_wconf 81' lang='lat' dir='ltr'><strong>scilicet</strong></span> <span class='ocrx_word' id='word_1_431' title='bbox 658 3251 747 3295; x_wconf 85' lang='lat' dir='ltr'><strong>omer</strong></span> <span class='ocrx_word' id='word_1_432' title='bbox 768 3229 833 3295; x_wconf 89' lang='lat' dir='ltr'><strong>Dei</strong></span> <span class='ocrx_word' id='word_1_433' title='bbox 861 3232 896 3294; x_wconf 85' lang='lat' dir='ltr'><strong>iu</strong></span> <span class='ocrx_word' id='word_1_434' title='bbox 922 3233 1017 3296; x_wconf 85' lang='lat' dir='ltr'><strong>corda</strong></span> <span class='ocrx_word' id='word_1_435' title='bbox 1038 3237 1147 3296; x_wconf 82' lang='grc'><strong>555155</strong></span> <span class='ocrx_word' id='word_1_436' title='bbox 1167 3231 1232 3314; x_wconf 78' lang='lat' dir='ltr'><strong>dis·</strong></span> <span class='ocrx_word' id='word_1_437' title='bbox 1282 3230 1392 3312; x_wconf 89' lang='lat' dir='ltr'><strong>quirat</strong></span> <span class='ocrx_word' id='word_1_438' title='bbox 1419 3231 1529 3295; x_wconf 91' lang='lat' dir='ltr'><strong>Deum</strong></span> <span class='ocrx_word' id='word_1_439' title='bbox 1558 3230 1637 3314; x_wconf 88' lang='lat' dir='ltr'><strong>(Ier.</strong></span> <span class='ocrx_word' id='word_1_440' title='bbox 1659 3233 1712 3307; x_wconf 86' lang='grc'><strong>17,</strong></span> <span class='ocrx_word' id='word_1_441' title='bbox 1739 3232 1773 3307; x_wconf 90' lang='grc'><strong>9;</strong></span> <span class='ocrx_word' id='word_1_442' title='bbox 1796 3227 1881 3293; x_wconf 85' lang='lat' dir='ltr'><strong>Gen.</strong></span> <span class='ocrx_word' id='word_1_443' title='bbox 1901 3231 1938 3307; x_wconf 87' lang='lat'><strong>8,</strong></span> <span class='ocrx_word' id='word_1_444' title='bbox 1958 3232 2014 3307; x_wconf 85' lang='lat'><strong>21;</strong></span> <span class='ocrx_word' id='word_1_445' title='bbox 2036 3227 2126 3293; x_wconf 87' lang='lat' dir='ltr'><strong>Psal.</strong></span> <span class='ocrx_word' id='word_1_446' title='bbox 2147 3231 2204 3306; x_wconf 87' lang='grc'><strong>94,</strong></span> <span class='ocrx_word' id='word_1_447' title='bbox 2226 3231 2260 3290; x_wconf 95' lang='grc'><strong>11</strong></span> 
     </span>
     <span class='ocr_line' id='line_1_35' title="bbox 251 3312 2263 3401; baseline -0.001 -23"><span class='ocrx_word' id='word_1_448' title='bbox 251 3312 346 3396; x_wconf 77' lang='lat' dir='ltr'><strong>susus</strong></span> <span class='ocrx_word' id='word_1_449' title='bbox 383 3317 426 3378; x_wconf 78' lang='grc'><strong>551</strong></span> <span class='ocrx_word' id='word_1_450' title='bbox 456 3335 519 3393; x_wconf 88' lang='lat' dir='ltr'><strong>per</strong></span> <span class='ocrx_word' id='word_1_451' title='bbox 554 3317 704 3397; x_wconf 85' lang='lat' dir='ltr'><strong>spiritum</strong></span> <span class='ocrx_word' id='word_1_452' title='bbox 735 3321 877 3380; x_wconf 73' lang='lat' dir='ltr'><strong>seudum</strong></span> <span class='ocrx_word' id='word_1_453' title='bbox 911 3316 1001 3400; x_wconf 89' lang='lat' dir='ltr'><strong>(ibid.</strong></span> <span class='ocrx_word' id='word_1_454' title='bbox 1032 3316 1088 3401; x_wconf 84' lang='lat'><strong>5),</strong></span> <span class='ocrx_word' id='word_1_455' title='bbox 1127 3337 1163 3382; x_wconf 88' lang='lat' dir='ltr'><strong>ac</strong></span> <span class='ocrx_word' id='word_1_456' title='bbox 1200 3318 1231 3382; x_wconf 86' lang='lat' dir='ltr'><strong>si</strong></span> <span class='ocrx_word' id='word_1_457' title='bbox 1283 3323 1317 3380; x_wconf 94' lang='lat' dir='ltr'><strong>et</strong></span> <span class='ocrx_word' id='word_1_458' title='bbox 1337 3320 1386 3394; x_wconf 89' lang='grc'><strong>14,</strong></span> <span class='ocrx_word' id='word_1_459' title='bbox 1406 3315 1441 3400; x_wconf 94' lang='grc'><strong>2)</strong></span> <span class='ocrx_word' id='word_1_460' title='bbox 1449 3340 1457 3395; x_wconf 90' lang='grc'>;</span> <span class='ocrx_word' id='word_1_461' title='bbox 1491 3315 1635 3381; x_wconf 85' lang='lat' dir='ltr'><strong>breviter</strong></span> <span class='ocrx_word' id='word_1_462' title='bbox 1653 3313 1739 3398; x_wconf 91' lang='lat' dir='ltr'><strong>quod</strong></span> <span class='ocrx_word' id='word_1_463' title='bbox 1760 3333 1836 3378; x_wconf 90' lang='lat' dir='ltr'><strong>caro</strong></span> <span class='ocrx_word' id='word_1_464' title='bbox 1858 3314 1925 3379; x_wconf 90' lang='lat' dir='ltr'><strong>sint</strong></span> <span class='ocrx_word' id='word_1_465' title='bbox 1947 3313 2048 3396; x_wconf 84' lang='lat' dir='ltr'><strong>(Gen.</strong></span> <span class='ocrx_word' id='word_1_466' title='bbox 2069 3319 2098 3392; x_wconf 89' lang='lat'><strong>6,</strong></span> <span class='ocrx_word' id='word_1_467' title='bbox 2119 3312 2169 3397; x_wconf 86' lang='lat'><strong>3):</strong></span> <span class='ocrx_word' id='word_1_468' title='bbox 2200 3333 2263 3396; x_wconf 94' lang='lat' dir='ltr'><strong>quo</strong></span> 
     </span>
     <span class='ocr_line' id='line_1_36' title="bbox 257 3400 2262 3485; baseline -0.001 -19"><span class='ocrx_word' id='word_1_469' title='bbox 257 3400 371 3466; x_wconf 82' lang='lat' dir='ltr'><strong>diceret</strong></span> <span class='ocrx_word' id='word_1_470' title='bbox 401 3419 462 3462; x_wconf 81' lang='lat' dir='ltr'><strong>nou</strong></span> <span class='ocrx_word' id='word_1_471' title='bbox 483 3421 576 3480; x_wconf 80' lang='lat' dir='ltr'><strong>posse</strong></span> <span class='ocrx_word' id='word_1_472' title='bbox 602 3402 696 3466; x_wconf 82' lang='lat' dir='ltr'><strong>aliter</strong></span> <span class='ocrx_word' id='word_1_473' title='bbox 723 3402 830 3466; x_wconf 81' lang='lat' dir='ltr'><strong>sedari</strong></span> <span class='ocrx_word' id='word_1_474' title='bbox 857 3403 984 3468; x_wconf 83' lang='lat' dir='ltr'><strong>auimas</strong></span> <span class='ocrx_word' id='word_1_475' title='bbox 1011 3409 1137 3468; x_wconf 84' lang='lat' dir='ltr'><strong>uestros</strong></span> <span class='ocrx_word' id='word_1_476' title='bbox 1162 3405 1231 3470; x_wconf 85' lang='lat' dir='ltr'><strong>uisi</strong></span> <span class='ocrx_word' id='word_1_477' title='bbox 1283 3403 1415 3466; x_wconf 90' lang='lat' dir='ltr'><strong>nomine</strong></span> <span class='ocrx_word' id='word_1_478' title='bbox 1436 3401 1670 3485; x_wconf 81' lang='lat' dir='ltr'><strong>intelliguntur</strong></span> <span class='ocrx_word' id='word_1_479' title='bbox 1692 3420 1791 3483; x_wconf 87' lang='lat' dir='ltr'><strong>opera</strong></span> <span class='ocrx_word' id='word_1_480' title='bbox 1813 3400 1872 3464; x_wconf 87' lang='lat' dir='ltr'><strong>illa</strong></span> <span class='ocrx_word' id='word_1_481' title='bbox 1892 3400 2002 3465; x_wconf 91' lang='lat' dir='ltr'><strong>omnia</strong></span> <span class='ocrx_word' id='word_1_482' title='bbox 2023 3421 2107 3482; x_wconf 89' lang='lat' dir='ltr'><strong>quae</strong></span> <span class='ocrx_word' id='word_1_483' title='bbox 2130 3421 2262 3465; x_wconf 90' lang='lat' dir='ltr'><strong>enume-</strong></span> 
     </span>
     <span class='ocr_line' id='line_1_37' title="bbox 250 3485 2262 3570; baseline 0 -20"><span class='ocrx_word' id='word_1_484' title='bbox 250 3489 330 3550; x_wconf 83' lang='lat' dir='ltr'><strong>certo</strong></span> <span class='ocrx_word' id='word_1_485' title='bbox 353 3486 502 3566; x_wconf 78' lang='lat' dir='ltr'><strong>persuasi</strong></span> <span class='ocrx_word' id='word_1_486' title='bbox 528 3488 630 3550; x_wconf 82' lang='lat' dir='ltr'><strong>simus</strong></span> <span class='ocrx_word' id='word_1_487' title='bbox 656 3486 725 3551; x_wconf 87' lang='lat' dir='ltr'><strong>Dec</strong></span> <span class='ocrx_word' id='word_1_488' title='bbox 752 3507 808 3551; x_wconf 83' lang='grc'><strong>555</strong></span> <span class='ocrx_word' id='word_1_489' title='bbox 832 3488 965 3570; x_wconf 85' lang='lat' dir='ltr'><strong>placere.</strong></span> <span class='ocrx_word' id='word_1_490' title='bbox 1017 3485 1105 3555; x_wconf 83' lang='lat' dir='ltr'><strong>Unde</strong></span> <span class='ocrx_word' id='word_1_491' title='bbox 1135 3491 1231 3554; x_wconf 85' lang='lat' dir='ltr'><strong>etiam</strong></span> <span class='ocrx_word' id='word_1_492' title='bbox 1282 3495 1399 3551; x_wconf 90' lang='lat' dir='ltr'><strong>rantur</strong></span> <span class='ocrx_word' id='word_1_493' title='bbox 1420 3510 1440 3551; x_wconf 92' lang='lat' dir='ltr'><strong>a</strong></span> <span class='ocrx_word' id='word_1_494' title='bbox 1460 3487 1566 3552; x_wconf 93' lang='lat' dir='ltr'><strong>Paulo</strong></span> <span class='ocrx_word' id='word_1_495' title='bbox 1589 3486 1679 3570; x_wconf 85' lang='lat' dir='ltr'><strong>(Gal.</strong></span> <span class='ocrx_word' id='word_1_496' title='bbox 1700 3493 1729 3565; x_wconf 80' lang='lat'><strong>5,</strong></span> <span class='ocrx_word' id='word_1_497' title='bbox 1752 3485 1816 3570; x_wconf 83' lang='lat'><strong>19),</strong></span> <span class='ocrx_word' id='word_1_498' title='bbox 1839 3486 2020 3565; x_wconf 87' lang='lat' dir='ltr'><strong>fornicatio,</strong></span> <span class='ocrx_word' id='word_1_499' title='bbox 2042 3485 2262 3562; x_wconf 86' lang='lat' dir='ltr'><strong>immunditia,</strong></span> 
     </span>
     <span class='ocr_line' id='line_1_38' title="bbox 251 3569 2261 3656; baseline -0.001 -19"><span class='ocrx_word' id='word_1_500' title='bbox 251 3569 330 3637; x_wconf 83' lang='lat' dir='ltr'><strong>alibi</strong></span> <span class='ocrx_word' id='word_1_501' title='bbox 351 3569 443 3656; x_wconf 85' lang='lat' dir='ltr'><strong>(ibid.</strong></span> <span class='ocrx_word' id='word_1_502' title='bbox 466 3574 500 3648; x_wconf 89' lang='grc'><strong>8,</strong></span> <span class='ocrx_word' id='word_1_503' title='bbox 523 3571 579 3656; x_wconf 84' lang='grc'><strong>34)</strong></span> <span class='ocrx_word' id='word_1_504' title='bbox 607 3573 761 3638; x_wconf 71' lang='lat' dir='ltr'><strong>acuunt</strong></span> <span class='ocrx_word' id='word_1_505' title='bbox 788 3593 827 3638; x_wconf 78' lang='grc'><strong>55</strong></span> <span class='ocrx_word' id='word_1_506' title='bbox 848 3575 982 3654; x_wconf 82' lang='lat' dir='ltr'><strong>piorum</strong></span> <span class='ocrx_word' id='word_1_507' title='bbox 1003 3576 1232 3656; x_wconf 65' lang='grc'><strong>5555155555-</strong></span> <span class='ocrx_word' id='word_1_508' title='bbox 1281 3573 1655 3655; x_wconf 73' lang='grc'><strong>155511151515,1555515,</strong></span> <span class='ocrx_word' id='word_1_509' title='bbox 1677 3571 1979 3651; x_wconf 89' lang='lat' dir='ltr'><strong>idolorumoultus,</strong></span> <span class='ocrx_word' id='word_1_510' title='bbox 2009 3572 2261 3650; x_wconf 72' lang='grc'><strong>5555151551-</strong></span> 
     </span>
     <span class='ocr_line' id='line_1_39' title="bbox 250 3657 2260 3743; baseline -0.001 -20"><span class='ocrx_word' id='word_1_511' title='bbox 250 3676 343 3723; x_wconf 80' lang='lat' dir='ltr'><strong>amm:</strong></span> <span class='ocrx_word' id='word_1_512' title='bbox 374 3657 448 3737; x_wconf 84' lang='lat' dir='ltr'><strong>quis</strong></span> <span class='ocrx_word' id='word_1_513' title='bbox 473 3677 530 3722; x_wconf 85' lang='lat' dir='ltr'><strong>uos</strong></span> <span class='ocrx_word' id='word_1_514' title='bbox 558 3659 718 3739; x_wconf 83' lang='lat' dir='ltr'><strong>separabit</strong></span> <span class='ocrx_word' id='word_1_515' title='bbox 746 3658 1016 3740; x_wconf 74' lang='grc'><strong>5155551151,</strong></span> <span class='ocrx_word' id='word_1_516' title='bbox 1045 3663 1103 3743; x_wconf 87' lang='lat' dir='ltr'><strong>qui</strong></span> <span class='ocrx_word' id='word_1_517' title='bbox 1123 3665 1168 3726; x_wconf 87' lang='grc'><strong>551</strong></span> <span class='ocrx_word' id='word_1_518' title='bbox 1194 3662 1231 3725; x_wconf 86' lang='lat' dir='ltr'><strong>ia</strong></span> <span class='ocrx_word' id='word_1_519' title='bbox 1282 3659 1439 3739; x_wconf 88' lang='lat' dir='ltr'><strong>micitiae,</strong></span> <span class='ocrx_word' id='word_1_520' title='bbox 1473 3661 1713 3738; x_wconf 86' lang='lat' dir='ltr'><strong>contentiones,</strong></span> <span class='ocrx_word' id='word_1_521' title='bbox 1754 3658 2004 3737; x_wconf 86' lang='lat' dir='ltr'><strong>aemulationes,</strong></span> <span class='ocrx_word' id='word_1_522' title='bbox 2035 3659 2119 3737; x_wconf 90' lang='lat' dir='ltr'><strong>irae,</strong></span> <span class='ocrx_word' id='word_1_523' title='bbox 2158 3658 2260 3733; x_wconf 80' lang='lat' dir='ltr'><strong>rixae,</strong></span> 
     </span>
     <span class='ocr_line' id='line_1_40' title="bbox 253 3740 2261 3829; baseline -0.002 -20"><span class='ocrx_word' id='word_1_524' title='bbox 253 3740 401 3809; x_wconf 74' lang='lat' dir='ltr'><strong>atreo?</strong></span> <span class='ocrx_word' id='word_1_525' title='bbox 427 3743 502 3823; x_wconf 84' lang='lat' dir='ltr'><strong>quia</strong></span> <span class='ocrx_word' id='word_1_526' title='bbox 531 3745 573 3809; x_wconf 88' lang='lat' dir='ltr'><strong>ad</strong></span> <span class='ocrx_word' id='word_1_527' title='bbox 599 3746 765 3809; x_wconf 81' lang='lat' dir='ltr'><strong>minimam</strong></span> <span class='ocrx_word' id='word_1_528' title='bbox 786 3766 939 3828; x_wconf 87' lang='lat' dir='ltr'><strong>quumque</strong></span> <span class='ocrx_word' id='word_1_529' title='bbox 958 3767 1073 3811; x_wconf 85' lang='lat' dir='ltr'><strong>auram</strong></span> <span class='ocrx_word' id='word_1_530' title='bbox 1092 3748 1231 3829; x_wconf 85' lang='lat' dir='ltr'><strong>trepida·</strong></span> <span class='ocrx_word' id='word_1_531' title='bbox 1283 3744 1511 3824; x_wconf 87' lang='lat' dir='ltr'><strong>dissensiones,</strong></span> <span class='ocrx_word' id='word_1_532' title='bbox 1532 3754 1648 3824; x_wconf 89' lang='lat' dir='ltr'><strong>sectae,</strong></span> <span class='ocrx_word' id='word_1_533' title='bbox 1671 3743 1823 3822; x_wconf 83' lang='lat' dir='ltr'><strong>invidiae,</strong></span> <span class='ocrx_word' id='word_1_534' title='bbox 1843 3743 2027 3822; x_wconf 85' lang='lat' dir='ltr'><strong>homicidia,</strong></span> <span class='ocrx_word' id='word_1_535' title='bbox 2050 3752 2084 3810; x_wconf 88' lang='lat' dir='ltr'><strong>et</strong></span> <span class='ocrx_word' id='word_1_536' title='bbox 2103 3741 2261 3827; x_wconf 92' lang='lat' dir='ltr'><strong>quidquid</strong></span> 
     </span>
     <span class='ocr_line' id='line_1_41' title="bbox 250 3828 2260 3919; baseline -0.001 -25"><span class='ocrx_word' id='word_1_537' title='bbox 250 3829 353 3894; x_wconf 80' lang='lat' dir='ltr'><strong>bimus</strong></span> <span class='ocrx_word' id='word_1_538' title='bbox 384 3828 477 3893; x_wconf 86' lang='lat' dir='ltr'><strong>douec</strong></span> <span class='ocrx_word' id='word_1_539' title='bbox 508 3830 725 3910; x_wconf 83' lang='lat' dir='ltr'><strong>appulerimus</strong></span> <span class='ocrx_word' id='word_1_540' title='bbox 758 3832 802 3896; x_wconf 86' lang='lat' dir='ltr'><strong>ad</strong></span> <span class='ocrx_word' id='word_1_541' title='bbox 828 3837 957 3912; x_wconf 84' lang='lat' dir='ltr'><strong>portum</strong></span> <span class='ocrx_word' id='word_1_542' title='bbox 989 3833 1096 3912; x_wconf 85' lang='lat' dir='ltr'><strong>illum;</strong></span> <span class='ocrx_word' id='word_1_543' title='bbox 1127 3833 1229 3898; x_wconf 77' lang='lat' dir='ltr'><strong>securi</strong></span> <span class='ocrx_word' id='word_1_544' title='bbox 1281 3830 1445 3897; x_wconf 87' lang='lat' dir='ltr'><strong>foeditatis</strong></span> <span class='ocrx_word' id='word_1_545' title='bbox 1467 3841 1501 3897; x_wconf 90' lang='grc'><strong>55</strong></span> <span class='ocrx_word' id='word_1_546' title='bbox 1522 3831 1781 3919; x_wconf 82' lang='lat' dir='ltr'><strong>abominationis,</strong></span> <span class='ocrx_word' id='word_1_547' title='bbox 1806 3831 1986 3914; x_wconf 81' lang='lat' dir='ltr'><strong>excogitari</strong></span> <span class='ocrx_word' id='word_1_548' title='bbox 2007 3836 2122 3913; x_wconf 82' lang='lat' dir='ltr'><strong>petest</strong></span> <span class='ocrx_word' id='word_1_549' title='bbox 2166 3828 2260 3893; x_wconf 86' lang='lat' dir='ltr'><strong>Haec</strong></span> 
     </span>
     <span class='ocr_line' id='line_1_42' title="bbox 250 3914 2258 4001; baseline -0.001 -21"><span class='ocrx_word' id='word_1_550' title='bbox 250 3920 353 3980; x_wconf 80' lang='grc'><strong>551555</strong></span> <span class='ocrx_word' id='word_1_551' title='bbox 384 3915 503 3979; x_wconf 85' lang='lat' dir='ltr'><strong>erimus</strong></span> <span class='ocrx_word' id='word_1_552' title='bbox 527 3916 564 3980; x_wconf 88' lang='lat' dir='ltr'><strong>iu</strong></span> <span class='ocrx_word' id='word_1_553' title='bbox 594 3916 726 4001; x_wconf 79' lang='lat' dir='ltr'><strong>calipiae</strong></span> <span class='ocrx_word' id='word_1_554' title='bbox 751 3919 875 3997; x_wconf 85' lang='lat' dir='ltr'><strong>mortis,</strong></span> <span class='ocrx_word' id='word_1_555' title='bbox 902 3919 1055 3999; x_wconf 84' lang='lat' dir='ltr'><strong>quamdiu</strong></span> <span class='ocrx_word' id='word_1_556' title='bbox 1081 3939 1115 3983; x_wconf 91' lang='grc'><strong>55</strong></span> <span class='ocrx_word' id='word_1_557' title='bbox 1141 3918 1230 3984; x_wconf 80' lang='lat' dir='ltr'><strong>uobis</strong></span> <span class='ocrx_word' id='word_1_558' title='bbox 1281 3923 1332 3982; x_wconf 90' lang='lat' dir='ltr'><strong>est</strong></span> <span class='ocrx_word' id='word_1_559' title='bbox 1354 3916 1497 4001; x_wconf 82' lang='lat' dir='ltr'><strong>dignitas</strong></span> <span class='ocrx_word' id='word_1_560' title='bbox 1519 3917 1642 3982; x_wconf 87' lang='lat' dir='ltr'><strong>scilicet</strong></span> <span class='ocrx_word' id='word_1_561' title='bbox 1663 3917 1756 3982; x_wconf 91' lang='lat' dir='ltr'><strong>cuius</strong></span> <span class='ocrx_word' id='word_1_562' title='bbox 1777 3915 1898 3981; x_wconf 91' lang='lat' dir='ltr'><strong>fiducia</strong></span> <span class='ocrx_word' id='word_1_563' title='bbox 1919 3916 2088 3999; x_wconf 88' lang='lat' dir='ltr'><strong>superbire</strong></span> <span class='ocrx_word' id='word_1_564' title='bbox 2109 3914 2258 3980; x_wconf 86' lang='lat' dir='ltr'><strong>debeant</strong></span> 
     </span>
     <span class='ocr_line' id='line_1_43' title="bbox 242 4000 2260 4088; baseline -0.001 -23"><span class='ocrx_word' id='word_1_565' title='bbox 242 4006 403 4082; x_wconf 68' lang='grc'><strong>5551555555</strong></span> <span class='ocrx_word' id='word_1_566' title='bbox 423 4000 513 4066; x_wconf 83' lang='lat' dir='ltr'><strong>Deus</strong></span> <span class='ocrx_word' id='word_1_567' title='bbox 539 4004 673 4068; x_wconf 77' lang='grc'><strong>5515555151</strong></span> <span class='ocrx_word' id='word_1_568' title='bbox 695 4003 796 4088; x_wconf 88' lang='grc' dir='ltr'><strong>(Ρ551.</strong></span> <span class='ocrx_word' id='word_1_569' title='bbox 817 4007 874 4083; x_wconf 88' lang='grc'><strong>23,</strong></span> <span class='ocrx_word' id='word_1_570' title='bbox 894 4005 941 4088; x_wconf 94' lang='grc'><strong>4).</strong></span> <span class='ocrx_word' id='word_1_571' title='bbox 985 4004 1073 4088; x_wconf 72' lang='lat' dir='ltr'><strong>Eupo</strong></span> <span class='ocrx_word' id='word_1_572' title='bbox 1101 4006 1229 4086; x_wconf 76' lang='lat' dir='ltr'><strong>quicum</strong></span> <span class='ocrx_word' id='word_1_573' title='bbox 1283 4001 1381 4083; x_wconf 80' lang='lat' dir='ltr'><strong>Quod</strong></span> <span class='ocrx_word' id='word_1_574' title='bbox 1410 4003 1439 4067; x_wconf 91' lang='lat' dir='ltr'><strong>si</strong></span> <span class='ocrx_word' id='word_1_575' title='bbox 1461 4004 1517 4086; x_wconf 93' lang='lat' dir='ltr'><strong>qui</strong></span> <span class='ocrx_word' id='word_1_576' title='bbox 1539 4004 1701 4068; x_wconf 87' lang='lat' dir='ltr'><strong>intereos</strong></span> <span class='ocrx_word' id='word_1_577' title='bbox 1722 4022 1762 4067; x_wconf 91' lang='lat' dir='ltr'><strong>ea</strong></span> <span class='ocrx_word' id='word_1_578' title='bbox 1782 4023 1912 4067; x_wconf 91' lang='lat' dir='ltr'><strong>morum</strong></span> <span class='ocrx_word' id='word_1_579' title='bbox 1934 4003 2104 4067; x_wconf 89' lang='lat' dir='ltr'><strong>honestate</strong></span> <span class='ocrx_word' id='word_1_580' title='bbox 2123 4000 2260 4083; x_wconf 90' lang='lat' dir='ltr'><strong>pollent,</strong></span> 
     </span>
     <span class='ocr_line' id='line_1_44' title="bbox 247 4086 2261 4173; baseline 0 -23"><span class='ocrx_word' id='word_1_581' title='bbox 247 4105 307 4168; x_wconf 83' lang='lat' dir='ltr'><strong>que</strong></span> <span class='ocrx_word' id='word_1_582' title='bbox 325 4087 474 4168; x_wconf 80' lang='lat' dir='ltr'><strong>porriuat</strong></span> <span class='ocrx_word' id='word_1_583' title='bbox 495 4108 552 4153; x_wconf 84' lang='lat' dir='ltr'><strong>aas</strong></span> <span class='ocrx_word' id='word_1_584' title='bbox 571 4088 635 4169; x_wconf 75' lang='lat' dir='ltr'><strong>fide</strong></span> <span class='ocrx_word' id='word_1_585' title='bbox 654 4090 838 4172; x_wconf 78' lang='lat' dir='ltr'><strong>iustificari,</strong></span> <span class='ocrx_word' id='word_1_586' title='bbox 868 4092 947 4172; x_wconf 84' lang='lat' dir='ltr'><strong>quic</strong></span> <span class='ocrx_word' id='word_1_587' title='bbox 967 4091 1110 4173; x_wconf 72' lang='lat' dir='ltr'><strong>repetiti,</strong></span> <span class='ocrx_word' id='word_1_588' title='bbox 1133 4092 1229 4173; x_wconf 82' lang='lat' dir='ltr'><strong>spiri-</strong></span> <span class='ocrx_word' id='word_1_589' title='bbox 1281 4109 1366 4172; x_wconf 87' lang='lat' dir='ltr'><strong>quae</strong></span> <span class='ocrx_word' id='word_1_590' title='bbox 1394 4089 1536 4172; x_wconf 88' lang='lat' dir='ltr'><strong>speeiem</strong></span> <span class='ocrx_word' id='word_1_591' title='bbox 1564 4089 1707 4172; x_wconf 89' lang='lat' dir='ltr'><strong>aliquam</strong></span> <span class='ocrx_word' id='word_1_592' title='bbox 1735 4088 1921 4154; x_wconf 86' lang='lat' dir='ltr'><strong>sanctitatis</strong></span> <span class='ocrx_word' id='word_1_593' title='bbox 1946 4088 2064 4154; x_wconf 86' lang='lat' dir='ltr'><strong>habeat</strong></span> <span class='ocrx_word' id='word_1_594' title='bbox 2090 4087 2178 4151; x_wconf 88' lang='lat' dir='ltr'><strong>inter</strong></span> <span class='ocrx_word' id='word_1_595' title='bbox 2201 4086 2261 4151; x_wconf 89' lang='lat' dir='ltr'><strong>ho-</strong></span> 
     </span>
     <span class='ocr_line' id='line_1_45' title="bbox 247 4172 2261 4261; baseline 0 -25"><span class='ocrx_word' id='word_1_596' title='bbox 247 4173 375 4238; x_wconf 81' lang='lat' dir='ltr'><strong>tualc&#39;ter</strong></span> <span class='ocrx_word' id='word_1_597' title='bbox 393 4172 520 4238; x_wconf 80' lang='lat' dir='ltr'><strong>uiuendo</strong></span> <span class='ocrx_word' id='word_1_598' title='bbox 541 4175 619 4239; x_wconf 78' lang='lat' dir='ltr'><strong>iusti</strong></span> <span class='ocrx_word' id='word_1_599' title='bbox 640 4196 762 4255; x_wconf 76' lang='grc'><strong>5555555,</strong></span> <span class='ocrx_word' id='word_1_600' title='bbox 784 4197 949 4257; x_wconf 76' lang='lat' dir='ltr'><strong>uunquam</strong></span> <span class='ocrx_word' id='word_1_601' title='bbox 968 4181 1136 4260; x_wconf 77' lang='grc'><strong>9551551551</strong></span> <span class='ocrx_word' id='word_1_602' title='bbox 1155 4198 1229 4261; x_wconf 77' lang='lat' dir='ltr'><strong>pro·</strong></span> <span class='ocrx_word' id='word_1_603' title='bbox 1281 4175 1396 4254; x_wconf 91' lang='lat' dir='ltr'><strong>mines,</strong></span> <span class='ocrx_word' id='word_1_604' title='bbox 1419 4176 1498 4258; x_wconf 88' lang='lat' dir='ltr'><strong>quia</strong></span> <span class='ocrx_word' id='word_1_605' title='bbox 1518 4183 1630 4240; x_wconf 86' lang='lat' dir='ltr'><strong>tamen</strong></span> <span class='ocrx_word' id='word_1_606' title='bbox 1653 4176 1774 4241; x_wconf 86' lang='grc'><strong>551555</strong></span> <span class='ocrx_word' id='word_1_607' title='bbox 1791 4175 1901 4240; x_wconf 91' lang='grc' dir='ltr'><strong>Ι)555</strong></span> <span class='ocrx_word' id='word_1_608' title='bbox 1923 4197 1990 4240; x_wconf 88' lang='grc'><strong>555</strong></span> <span class='ocrx_word' id='word_1_609' title='bbox 2006 4173 2131 4239; x_wconf 90' lang='lat' dir='ltr'><strong>morari</strong></span> <span class='ocrx_word' id='word_1_610' title='bbox 2152 4181 2261 4239; x_wconf 85' lang='lat' dir='ltr'><strong>exter-</strong></span> 
     </span>
     <span class='ocr_line' id='line_1_46' title="bbox 246 4256 2259 4345; baseline -0 -21"><span class='ocrx_word' id='word_1_611' title='bbox 246 4259 309 4324; x_wconf 82' lang='lat' dir='ltr'><strong>tiae</strong></span> <span class='ocrx_word' id='word_1_612' title='bbox 330 4256 538 4338; x_wconf 81' lang='lat' dir='ltr'><strong>dulcedinem,</strong></span> <span class='ocrx_word' id='word_1_613' title='bbox 564 4265 599 4323; x_wconf 90' lang='lat' dir='ltr'><strong>ut</strong></span> <span class='ocrx_word' id='word_1_614' title='bbox 619 4259 724 4326; x_wconf 87' lang='lat' dir='ltr'><strong>Deum</strong></span> <span class='ocrx_word' id='word_1_615' title='bbox 751 4261 813 4327; x_wconf 79' lang='lat' dir='ltr'><strong>sibi</strong></span> <span class='ocrx_word' id='word_1_616' title='bbox 833 4263 1010 4345; x_wconf 83' lang='lat' dir='ltr'><strong>propitium</strong></span> <span class='ocrx_word' id='word_1_617' title='bbox 1037 4263 1106 4345; x_wconf 77' lang='lat' dir='ltr'><strong>sore</strong></span> <span class='ocrx_word' id='word_1_618' title='bbox 1130 4263 1229 4329; x_wconf 76' lang='lat' dir='ltr'><strong>cousi·</strong></span> <span class='ocrx_word' id='word_1_619' title='bbox 1280 4281 1362 4325; x_wconf 91' lang='lat' dir='ltr'><strong>num</strong></span> <span class='ocrx_word' id='word_1_620' title='bbox 1391 4259 1614 4343; x_wconf 86' lang='lat' dir='ltr'><strong>splendorem,</strong></span> <span class='ocrx_word' id='word_1_621' title='bbox 1648 4260 1689 4326; x_wconf 89' lang='lat' dir='ltr'><strong>ad</strong></span> <span class='ocrx_word' id='word_1_622' title='bbox 1718 4262 1841 4326; x_wconf 86' lang='lat' dir='ltr'><strong>fontem</strong></span> <span class='ocrx_word' id='word_1_623' title='bbox 1868 4262 1977 4343; x_wconf 89' lang='lat' dir='ltr'><strong>ipsum</strong></span> <span class='ocrx_word' id='word_1_624' title='bbox 2002 4281 2139 4344; x_wconf 90' lang='lat' dir='ltr'><strong>eperum</strong></span> <span class='ocrx_word' id='word_1_625' title='bbox 2161 4281 2259 4342; x_wconf 92' lang='lat' dir='ltr'><strong>pene·</strong></span> 
     </span>
     <span class='ocr_line' id='line_1_47' title="bbox 244 4342 2260 4431; baseline -0 -22"><span class='ocrx_word' id='word_1_626' title='bbox 244 4342 360 4410; x_wconf 74' lang='grc'><strong>155551.</strong></span> <span class='ocrx_word' id='word_1_627' title='bbox 426 4344 513 4410; x_wconf 86' lang='lat' dir='ltr'><strong>Uude</strong></span> <span class='ocrx_word' id='word_1_628' title='bbox 545 4347 641 4411; x_wconf 81' lang='lat' dir='ltr'><strong>etiam</strong></span> <span class='ocrx_word' id='word_1_629' title='bbox 674 4349 831 4430; x_wconf 82' lang='lat' dir='ltr'><strong>sequitur,</strong></span> <span class='ocrx_word' id='word_1_630' title='bbox 862 4349 924 4414; x_wconf 85' lang='lat' dir='ltr'><strong>rite</strong></span> <span class='ocrx_word' id='word_1_631' title='bbox 956 4351 1071 4416; x_wconf 84' lang='lat' dir='ltr'><strong>eraudi</strong></span> <span class='ocrx_word' id='word_1_632' title='bbox 1101 4350 1228 4415; x_wconf 88' lang='lat' dir='ltr'><strong>modum</strong></span> <span class='ocrx_word' id='word_1_633' title='bbox 1279 4344 1435 4411; x_wconf 88' lang='lat' dir='ltr'><strong>trandum</strong></span> <span class='ocrx_word' id='word_1_634' title='bbox 1456 4355 1521 4426; x_wconf 90' lang='lat' dir='ltr'><strong>est,</strong></span> <span class='ocrx_word' id='word_1_635' title='bbox 1550 4349 1579 4412; x_wconf 91' lang='lat' dir='ltr'><strong>si</strong></span> <span class='ocrx_word' id='word_1_636' title='bbox 1605 4347 1685 4431; x_wconf 84' lang='lat' dir='ltr'><strong>quid</strong></span> <span class='ocrx_word' id='word_1_637' title='bbox 1711 4348 1783 4431; x_wconf 90' lang='lat' dir='ltr'><strong>ipsa</strong></span> <span class='ocrx_word' id='word_1_638' title='bbox 1805 4346 1917 4413; x_wconf 80' lang='lat' dir='ltr'><strong>valere</strong></span> <span class='ocrx_word' id='word_1_639' title='bbox 1939 4347 2080 4412; x_wconf 84' lang='lat' dir='ltr'><strong>velimus</strong></span> <span class='ocrx_word' id='word_1_640' title='bbox 2103 4346 2260 4412; x_wconf 77' lang='grc'><strong>55115551-</strong></span> 
     </span>
     <span class='ocr_line' id='line_1_48' title="bbox 245 4429 2259 4518; baseline -0.001 -22"><span class='ocrx_word' id='word_1_641' title='bbox 245 4429 344 4496; x_wconf 77' lang='lat' dir='ltr'><strong>uibilo</strong></span> <span class='ocrx_word' id='word_1_642' title='bbox 365 4433 468 4514; x_wconf 80' lang='lat' dir='ltr'><strong>mapis</strong></span> <span class='ocrx_word' id='word_1_643' title='bbox 489 4452 539 4498; x_wconf 89' lang='grc'><strong>555</strong></span> <span class='ocrx_word' id='word_1_644' title='bbox 560 4435 640 4497; x_wconf 81' lang='lat' dir='ltr'><strong>scire</strong></span> <span class='ocrx_word' id='word_1_645' title='bbox 661 4455 757 4515; x_wconf 86' lang='lat' dir='ltr'><strong>quam</strong></span> <span class='ocrx_word' id='word_1_646' title='bbox 774 4435 897 4499; x_wconf 83' lang='lat' dir='ltr'><strong>Turcas</strong></span> <span class='ocrx_word' id='word_1_647' title='bbox 918 4440 947 4499; x_wconf 88' lang='grc'><strong>51</strong></span> <span class='ocrx_word' id='word_1_648' title='bbox 962 4436 1120 4518; x_wconf 71' lang='lat' dir='ltr'><strong>profanos</strong></span> <span class='ocrx_word' id='word_1_649' title='bbox 1142 4437 1228 4501; x_wconf 83' lang='lat' dir='ltr'><strong>alius</strong></span> <span class='ocrx_word' id='word_1_650' title='bbox 1279 4432 1369 4496; x_wconf 88' lang='lat' dir='ltr'><strong>tiam.</strong></span> <span class='ocrx_word' id='word_1_651' title='bbox 1414 4432 1676 4516; x_wconf 86' lang='lat' dir='ltr'><strong>Inspiciendum,</strong></span> <span class='ocrx_word' id='word_1_652' title='bbox 1710 4434 1859 4517; x_wconf 93' lang='lat' dir='ltr'><strong>inquam,</strong></span> <span class='ocrx_word' id='word_1_653' title='bbox 1888 4434 2022 4516; x_wconf 85' lang='lat' dir='ltr'><strong>penitus</strong></span> <span class='ocrx_word' id='word_1_654' title='bbox 2050 4441 2168 4497; x_wconf 87' lang='lat' dir='ltr'><strong>estex</strong></span> <span class='ocrx_word' id='word_1_655' title='bbox 2196 4451 2259 4514; x_wconf 87' lang='lat' dir='ltr'><strong>quo</strong></span> 
     </span>
     <span class='ocr_line' id='line_1_49' title="bbox 245 4517 2260 4606; baseline -0.001 -23"><span class='ocrx_word' id='word_1_656' title='bbox 245 4517 399 4598; x_wconf 73' lang='lat' dir='ltr'><strong>quaslibet</strong></span> <span class='ocrx_word' id='word_1_657' title='bbox 439 4521 528 4583; x_wconf 81' lang='grc'><strong>55155.</strong></span> <span class='ocrx_word' id='word_1_658' title='bbox 562 4519 671 4600; x_wconf 77' lang='lat' dir='ltr'><strong>Neque</strong></span> <span class='ocrx_word' id='word_1_659' title='bbox 691 4522 784 4602; x_wconf 85' lang='lat' dir='ltr'><strong>euim,</strong></span> <span class='ocrx_word' id='word_1_660' title='bbox 806 4526 879 4586; x_wconf 84' lang='grc'><strong>15515</strong></span> <span class='ocrx_word' id='word_1_661' title='bbox 903 4520 1007 4587; x_wconf 83' lang='lat' dir='ltr'><strong>Paulo</strong></span> <span class='ocrx_word' id='word_1_662' title='bbox 1020 4523 1111 4605; x_wconf 75' lang='lat' dir='ltr'><strong>(Gal,</strong></span> <span class='ocrx_word' id='word_1_663' title='bbox 1130 4528 1160 4598; x_wconf 84' lang='grc'><strong>4,</strong></span> <span class='ocrx_word' id='word_1_664' title='bbox 1181 4521 1225 4606; x_wconf 86' lang='grc'><strong>6),</strong></span> <span class='ocrx_word' id='word_1_665' title='bbox 1279 4519 1398 4583; x_wconf 83' lang='lat' dir='ltr'><strong>affeetu</strong></span> <span class='ocrx_word' id='word_1_666' title='bbox 1411 4517 1517 4584; x_wconf 91' lang='lat' dir='ltr'><strong>cordis</strong></span> <span class='ocrx_word' id='word_1_667' title='bbox 1533 4541 1633 4602; x_wconf 91' lang='lat' dir='ltr'><strong>opera</strong></span> <span class='ocrx_word' id='word_1_668' title='bbox 1650 4522 1714 4586; x_wconf 85' lang='lat' dir='ltr'><strong>ista</strong></span> <span class='ocrx_word' id='word_1_669' title='bbox 1729 4519 1896 4602; x_wconf 86' lang='lat' dir='ltr'><strong>prodeant</strong></span> <span class='ocrx_word' id='word_1_670' title='bbox 1932 4517 2131 4602; x_wconf 80' lang='lat' dir='ltr'><strong>Quanquam</strong></span> <span class='ocrx_word' id='word_1_671' title='bbox 2149 4526 2260 4582; x_wconf 88' lang='lat' dir='ltr'><strong>autem</strong></span> 
     </span>
     <span class='ocr_line' id='line_1_50' title="bbox 244 4604 2260 4690; baseline -0.001 -21"><span class='ocrx_word' id='word_1_672' title='bbox 244 4623 317 4669; x_wconf 81' lang='lat' dir='ltr'><strong>ocra</strong></span> <span class='ocrx_word' id='word_1_673' title='bbox 339 4609 384 4670; x_wconf 86' lang='grc'><strong>551</strong></span> <span class='ocrx_word' id='word_1_674' title='bbox 450 4625 483 4669; x_wconf 85' lang='lat' dir='ltr'><strong>es</strong></span> <span class='ocrx_word' id='word_1_675' title='bbox 503 4605 570 4670; x_wconf 81' lang='lat' dir='ltr'><strong>uisi</strong></span> <span class='ocrx_word' id='word_1_676' title='bbox 590 4607 718 4672; x_wconf 84' lang='lat' dir='ltr'><strong>dictetet</strong></span> <span class='ocrx_word' id='word_1_677' title='bbox 736 4611 883 4690; x_wconf 73' lang='lat' dir='ltr'><strong>supparet</strong></span> <span class='ocrx_word' id='word_1_678' title='bbox 898 4609 1125 4673; x_wconf 84' lang='lat' dir='ltr'><strong>suavissimum</strong></span> <span class='ocrx_word' id='word_1_679' title='bbox 1145 4608 1227 4673; x_wconf 81' lang='lat' dir='ltr'><strong>illud</strong></span> <span class='ocrx_word' id='word_1_680' title='bbox 1278 4604 1457 4671; x_wconf 90' lang='lat' dir='ltr'><strong>latissimus</strong></span> <span class='ocrx_word' id='word_1_681' title='bbox 1489 4605 1544 4670; x_wconf 90' lang='lat' dir='ltr'><strong>bic</strong></span> <span class='ocrx_word' id='word_1_682' title='bbox 1577 4605 1706 4672; x_wconf 91' lang='lat' dir='ltr'><strong>dicendi</strong></span> <span class='ocrx_word' id='word_1_683' title='bbox 1739 4625 1873 4687; x_wconf 88' lang='lat' dir='ltr'><strong>campus</strong></span> <span class='ocrx_word' id='word_1_684' title='bbox 1903 4612 2010 4687; x_wconf 90' lang='lat' dir='ltr'><strong>patet,</strong></span> <span class='ocrx_word' id='word_1_685' title='bbox 2043 4606 2121 4688; x_wconf 86' lang='lat' dir='ltr'><strong>quia</strong></span> <span class='ocrx_word' id='word_1_686' title='bbox 2147 4614 2260 4668; x_wconf 85' lang='lat' dir='ltr'><strong>tamen</strong></span> 
     </span>
     <span class='ocr_line' id='line_1_51' title="bbox 237 4691 2258 4777; baseline -0 -22"><span class='ocrx_word' id='word_1_687' title='bbox 237 4691 347 4772; x_wconf 83' lang='lat' dir='ltr'><strong>patris</strong></span> <span class='ocrx_word' id='word_1_688' title='bbox 378 4711 500 4770; x_wconf 82' lang='lat' dir='ltr'><strong>acmen,</strong></span> <span class='ocrx_word' id='word_1_689' title='bbox 534 4692 596 4756; x_wconf 85' lang='lat' dir='ltr'><strong>imo</strong></span> <span class='ocrx_word' id='word_1_690' title='bbox 629 4693 694 4759; x_wconf 83' lang='lat' dir='ltr'><strong>uisi</strong></span> <span class='ocrx_word' id='word_1_691' title='bbox 719 4714 753 4759; x_wconf 87' lang='grc'><strong>55</strong></span> <span class='ocrx_word' id='word_1_692' title='bbox 781 4694 868 4758; x_wconf 83' lang='lat' dir='ltr'><strong>uobis</strong></span> <span class='ocrx_word' id='word_1_693' title='bbox 893 4694 1019 4774; x_wconf 84' lang='lat' dir='ltr'><strong>operiat</strong></span> <span class='ocrx_word' id='word_1_694' title='bbox 1039 4694 1226 4777; x_wconf 78' lang='lat' dir='ltr'><strong>proferendo</strong></span> <span class='ocrx_word' id='word_1_695' title='bbox 1276 4691 1482 4773; x_wconf 86' lang='lat' dir='ltr'><strong>paucissimis</strong></span> <span class='ocrx_word' id='word_1_696' title='bbox 1504 4691 1613 4759; x_wconf 90' lang='lat' dir='ltr'><strong>verbis</strong></span> <span class='ocrx_word' id='word_1_697' title='bbox 1634 4700 1742 4777; x_wconf 88' lang='lat' dir='ltr'><strong>potest</strong></span> <span class='ocrx_word' id='word_1_698' title='bbox 1762 4712 1815 4756; x_wconf 89' lang='lat' dir='ltr'><strong>res</strong></span> <span class='ocrx_word' id='word_1_699' title='bbox 1837 4691 1993 4774; x_wconf 87' lang='lat' dir='ltr'><strong>expediri,</strong></span> <span class='ocrx_word' id='word_1_700' title='bbox 2016 4713 2135 4775; x_wconf 90' lang='lat' dir='ltr'><strong>sequar</strong></span> <span class='ocrx_word' id='word_1_701' title='bbox 2154 4708 2258 4772; x_wconf 88' lang='lat' dir='ltr'><strong>quan-</strong></span> 
     </span>
     <span class='ocr_line' id='line_1_52' title="bbox 243 4776 1964 4864; baseline -0.001 -22"><span class='ocrx_word' id='word_1_702' title='bbox 243 4776 504 4855; x_wconf 73' lang='grc'><strong>1551515551,</strong></span> <span class='ocrx_word' id='word_1_703' title='bbox 534 4778 613 4843; x_wconf 86' lang='lat' dir='ltr'><strong>ubba</strong></span> <span class='ocrx_word' id='word_1_704' title='bbox 634 4785 736 4860; x_wconf 70' lang='lat' dir='ltr'><strong>pater.</strong></span> <span class='ocrx_word' id='word_1_705' title='bbox 784 4780 872 4860; x_wconf 80' lang='lat' dir='ltr'><strong>Quod</strong></span> <span class='ocrx_word' id='word_1_706' title='bbox 893 4780 972 4844; x_wconf 84' lang='lat' dir='ltr'><strong>olibi</strong></span> <span class='ocrx_word' id='word_1_707' title='bbox 993 4781 1095 4864; x_wconf 86' lang='lat' dir='ltr'><strong>(Eph.</strong></span> <span class='ocrx_word' id='word_1_708' title='bbox 1116 4785 1144 4860; x_wconf 88' lang='lat'><strong>3,</strong></span> <span class='ocrx_word' id='word_1_709' title='bbox 1170 4779 1223 4864; x_wconf 83' lang='lat'><strong>12)</strong></span> <span class='ocrx_word' id='word_1_710' title='bbox 1276 4783 1347 4841; x_wconf 88' lang='lat' dir='ltr'><strong>tum</strong></span> <span class='ocrx_word' id='word_1_711' title='bbox 1369 4777 1480 4844; x_wconf 89' lang='lat' dir='ltr'><strong>licebit</strong></span> <span class='ocrx_word' id='word_1_712' title='bbox 1498 4779 1536 4843; x_wconf 93' lang='lat' dir='ltr'><strong>in</strong></span> <span class='ocrx_word' id='word_1_713' title='bbox 1559 4778 1704 4844; x_wconf 91' lang='lat' dir='ltr'><strong>docendo</strong></span> <span class='ocrx_word' id='word_1_714' title='bbox 1726 4777 1964 4862; x_wconf 89' lang='lat' dir='ltr'><strong>compendium.</strong></span> 
     </span>
     <span class='ocr_line' id='line_1_53' title="bbox 244 4862 2258 4948; baseline 0 -22"><span class='ocrx_word' id='word_1_715' title='bbox 244 4862 363 4926; x_wconf 78' lang='lat' dir='ltr'><strong>darius</strong></span> <span class='ocrx_word' id='word_1_716' title='bbox 385 4864 547 4943; x_wconf 75' lang='lat' dir='ltr'><strong>exprimit,</strong></span> <span class='ocrx_word' id='word_1_717' title='bbox 575 4865 759 4930; x_wconf 73' lang='grc'><strong>1501151515</strong></span> <span class='ocrx_word' id='word_1_718' title='bbox 784 4887 842 4931; x_wconf 85' lang='lat' dir='ltr'><strong>uos</strong></span> <span class='ocrx_word' id='word_1_719' title='bbox 868 4865 979 4932; x_wconf 78' lang='lat' dir='ltr'><strong>labem</strong></span> <span class='ocrx_word' id='word_1_720' title='bbox 1000 4868 1171 4932; x_wconf 84' lang='lat' dir='ltr'><strong>audacium</strong></span> <span class='ocrx_word' id='word_1_721' title='bbox 1197 4870 1226 4931; x_wconf 89' lang='lat' dir='ltr'><strong>et</strong></span> <span class='ocrx_word' id='word_1_722' title='bbox 1364 4868 1391 4928; x_wconf 90' lang='grc'><strong>2.</strong></span> <span class='ocrx_word' id='word_1_723' title='bbox 1426 4865 1604 4948; x_wconf 85' lang='lat' dir='ltr'><strong>Principio,</strong></span> <span class='ocrx_word' id='word_1_724' title='bbox 1627 4886 1694 4930; x_wconf 92' lang='lat' dir='ltr'><strong>non</strong></span> <span class='ocrx_word' id='word_1_725' title='bbox 1715 4865 1841 4929; x_wconf 89' lang='lat' dir='ltr'><strong>infitior</strong></span> <span class='ocrx_word' id='word_1_726' title='bbox 1863 4884 1935 4929; x_wconf 87' lang='lat' dir='ltr'><strong>esse</strong></span> <span class='ocrx_word' id='word_1_727' title='bbox 1956 4864 2022 4929; x_wconf 92' lang='lat' dir='ltr'><strong>Dei</strong></span> <span class='ocrx_word' id='word_1_728' title='bbox 2041 4862 2136 4943; x_wconf 89' lang='lat' dir='ltr'><strong>dona,</strong></span> <span class='ocrx_word' id='word_1_729' title='bbox 2157 4882 2258 4946; x_wconf 87' lang='lat' dir='ltr'><strong>quae-</strong></span> 
     </span>
     <span class='ocr_line' id='line_1_54' title="bbox 244 4947 2257 5045; baseline 0.002 -35"><span class='ocrx_word' id='word_1_730' title='bbox 244 4947 366 5045; x_wconf 74' lang='lat' dir='ltr'><strong>aditum</strong></span> <span class='ocrx_word' id='word_1_731' title='bbox 388 4948 557 5028; x_wconf 68' lang='grc'><strong>1551115515</strong></span> <span class='ocrx_word' id='word_1_732' title='bbox 571 4970 635 5028; x_wconf 89' lang='lat' dir='ltr'><strong>per</strong></span> <span class='ocrx_word' id='word_1_733' title='bbox 653 4950 748 5031; x_wconf 68' lang='lat' dir='ltr'><strong>fidem</strong></span> <span class='ocrx_word' id='word_1_734' title='bbox 769 4953 845 5016; x_wconf 83' lang='lat' dir='ltr'><strong>eius.</strong></span> <span class='ocrx_word' id='word_1_735' title='bbox 886 4952 954 5018; x_wconf 88' lang='lat' dir='ltr'><strong>Hoc</strong></span> <span class='ocrx_word' id='word_1_736' title='bbox 974 4959 1052 5018; x_wconf 77' lang='grc'><strong>55515</strong></span> <span class='ocrx_word' id='word_1_737' title='bbox 1073 4974 1135 5019; x_wconf 84' lang='lat' dir='ltr'><strong>uon</strong></span> <span class='ocrx_word' id='word_1_738' title='bbox 1156 4973 1225 5019; x_wconf 87' lang='lat' dir='ltr'><strong>cou-</strong></span> <span class='ocrx_word' id='word_1_739' title='bbox 1277 4970 1404 5032; x_wconf 91' lang='lat' dir='ltr'><strong>cunque</strong></span> <span class='ocrx_word' id='word_1_740' title='bbox 1425 4951 1462 5014; x_wconf 91' lang='lat' dir='ltr'><strong>in</strong></span> <span class='ocrx_word' id='word_1_741' title='bbox 1483 4949 1661 5017; x_wconf 87' lang='lat' dir='ltr'><strong>incredulis</strong></span> <span class='ocrx_word' id='word_1_742' title='bbox 1679 4960 1840 5035; x_wconf 88' lang='lat' dir='ltr'><strong>apparent</strong></span> <span class='ocrx_word' id='word_1_743' title='bbox 1854 4950 2005 5035; x_wconf 69' lang='lat' dir='ltr'><strong>egregiae</strong></span> <span class='ocrx_word' id='word_1_744' title='bbox 2018 4948 2119 5015; x_wconf 87' lang='lat' dir='ltr'><strong>dotes.</strong></span> <span class='ocrx_word' id='word_1_745' title='bbox 2143 4948 2257 5032; x_wconf 84' lang='lat' dir='ltr'><strong>Neque</strong></span> 
     </span>
     <span class='ocr_line' id='line_1_55' title="bbox 243 5036 1224 5130; baseline 0.009 -35"><span class='ocrx_word' id='word_1_746' title='bbox 243 5037 336 5130; x_wconf 65' lang='lat' dir='ltr'><strong>turpet</strong></span> <span class='ocrx_word' id='word_1_747' title='bbox 362 5036 603 5116; x_wconf 72' lang='lat' dir='ltr'><strong>reymerotiouis</strong></span> <span class='ocrx_word' id='word_1_748' title='bbox 629 5037 725 5103; x_wconf 82' lang='lat' dir='ltr'><strong>dmm:</strong></span> <span class='ocrx_word' id='word_1_749' title='bbox 758 5038 840 5118; x_wconf 82' lang='lat' dir='ltr'><strong>quod</strong></span> <span class='ocrx_word' id='word_1_750' title='bbox 872 5043 906 5102; x_wconf 88' lang='lat' dir='ltr'><strong>ut</strong></span> <span class='ocrx_word' id='word_1_751' title='bbox 932 5039 1078 5104; x_wconf 82' lang='lat' dir='ltr'><strong>mutilum</strong></span> <span class='ocrx_word' id='word_1_752' title='bbox 1104 5059 1224 5121; x_wconf 83' lang='lat' dir='ltr'><strong>semper</strong></span> 
     </span>
     <span class='ocr_line' id='line_1_56' title="bbox 243 5119 1224 5204; baseline 0.007 -23"><span class='ocrx_word' id='word_1_753' title='bbox 243 5122 290 5182; x_wconf 85' lang='grc'><strong>551</strong></span> <span class='ocrx_word' id='word_1_754' title='bbox 310 5138 345 5182; x_wconf 88' lang='lat' dir='ltr'><strong>m</strong></span> <span class='ocrx_word' id='word_1_755' title='bbox 365 5119 424 5185; x_wconf 83' lang='grc'><strong>1555</strong></span> <span class='ocrx_word' id='word_1_756' title='bbox 445 5139 552 5199; x_wconf 83' lang='lat' dir='ltr'><strong>carue,</strong></span> <span class='ocrx_word' id='word_1_757' title='bbox 580 5120 626 5185; x_wconf 83' lang='lat' dir='ltr'><strong>ita</strong></span> <span class='ocrx_word' id='word_1_758' title='bbox 647 5124 851 5204; x_wconf 85' lang='lat' dir='ltr'><strong>multiplicem</strong></span> <span class='ocrx_word' id='word_1_759' title='bbox 871 5124 1038 5190; x_wconf 81' lang='lat' dir='ltr'><strong>dubitandi</strong></span> <span class='ocrx_word' id='word_1_760' title='bbox 1058 5129 1224 5192; x_wconf 84' lang='lat' dir='ltr'><strong>materiam</strong></span> 
     </span>
     <span class='ocr_line' id='line_1_57' title="bbox 243 5203 1920 5294; baseline 0.006 -25"><span class='ocrx_word' id='word_1_761' title='bbox 243 5203 280 5268; x_wconf 85' lang='lat' dir='ltr'><strong>iu</strong></span> <span class='ocrx_word' id='word_1_762' title='bbox 306 5223 340 5270; x_wconf 90' lang='grc'><strong>55</strong></span> <span class='ocrx_word' id='word_1_763' title='bbox 366 5207 505 5271; x_wconf 76' lang='lat' dir='ltr'><strong>eastimet.</strong></span> <span class='ocrx_word' id='word_1_764' title='bbox 553 5206 657 5288; x_wconf 75' lang='lat' dir='ltr'><strong>Quare</strong></span> <span class='ocrx_word' id='word_1_765' title='bbox 684 5209 727 5274; x_wconf 80' lang='lat' dir='ltr'><strong>ad</strong></span> <span class='ocrx_word' id='word_1_766' title='bbox 753 5206 924 5275; x_wconf 84' lang='lat' dir='ltr'><strong>remedium</strong></span> <span class='ocrx_word' id='word_1_767' title='bbox 944 5210 1027 5276; x_wconf 82' lang='lat' dir='ltr'><strong>illud</strong></span> <span class='ocrx_word' id='word_1_768' title='bbox 1046 5215 1152 5278; x_wconf 80' lang='grc'><strong>5515155</strong></span> <span class='ocrx_word' id='word_1_769' title='bbox 1173 5232 1224 5277; x_wconf 84' lang='grc'><strong>55-</strong></span> <span class='ocrx_word' id='word_1_770' title='bbox 1347 5222 1504 5289; x_wconf 64' lang='grc'><strong>51115555</strong></span> <span class='ocrx_word' id='word_1_771' title='bbox 1522 5230 1605 5278; x_wconf 80' lang='grc'><strong>511555</strong></span> <span class='ocrx_word' id='word_1_772' title='bbox 1626 5224 1692 5294; x_wconf 77' lang='lat' dir='ltr'><strong>cap.</strong></span> <span class='ocrx_word' id='word_1_773' title='bbox 1712 5225 1747 5278; x_wconf 81' lang='lat' dir='ltr'><strong>X.</strong></span> <span class='ocrx_word' id='word_1_774' title='bbox 1767 5226 1789 5292; x_wconf 74' lang='grc' dir='ltr'><strong>ς.</strong></span> <span class='ocrx_word' id='word_1_775' title='bbox 1808 5225 1920 5279; x_wconf 79' lang='grc'><strong>21-48.</strong></span> 
     </span>
    </p>
   </div>
   <div class='ocr_carea' id='block_1_3' title="bbox 0 0 2340 5842">
    <p class='ocr_par' dir='ltr' id='par_1_3' title="bbox 0 0 2340 5842">
     <span class='ocr_line' id='line_1_58' title="bbox 0 0 2340 5842; baseline 0 3"><span class='ocrx_word' id='word_1_776' title='bbox 0 0 2340 5842; x_wconf 95' lang='lat' dir='ltr'><strong> </strong></span> 
     </span>
    </p>
   </div>
  </div>
 </body>
</html>
