4672 5842
101 311 161 372 637
350 310 440 375 LIB.
462 312 526 378 III.
570 313 635 377 DE
657 309 793 375 MODO
812 310 1162 379 PuuaffluNDAE
1185 311 1375 379 CHRISTI
1397 311 1615 378 onumen.
1659 310 1759 379 OAP.
1781 311 1861 377 XX.
2043 317 2105 381 638

100 506 289 562 nostrarum
312 500 479 582 agnitione
502 501 711 566 eonnectitur.
760 499 966 580 Quantumvis
994 501 1078 564 enim
1128 502 1260 581 emutio,
1296 501 1419 566 totidem
1450 505 1521 565 ante
1554 500 1655 565 oculos
1682 505 1802 565 nostros
1825 500 1965 583 [ipuntur
1992 503 2107 567 venilia

97 585 194 666 provi
214 584 363 649 scelerum
384 586 469 650 mole
497 588 602 670 premi
631 608 666 650 se
694 585 745 650 vel
773 585 921 650 laborare
943 587 1078 650 sentiant
1129 607 1208 666 quae
1226 588 1314 653 nobis
1339 585 1491 667 {idacium
1511 586 1672 666 inspirent.
1720 587 1916 651 Temeritatis
1937 593 2014 651 esset
2029 607 2105 667 pro·

99 669 224 750 fideles,
236 690 289 735 nec
305 672 393 736 niodo
410 672 508 736 rebus
525 673 676 737 omnibus
693 693 813 738 vacuos
835 691 918 752 quae
938 671 1078 751 favorem
1128 692 1272 754 rumpere
1293 674 1329 736 in
1350 672 1414 737 Dei
1436 677 1634 753 commodum,
1657 672 1723 736 nisi
1744 673 1811 753 ipse
1832 677 2030 736 anteverteret
2050 693 2106 737 nos

101 755 276 820 conciliare
302 756 390 838 apud
416 759 525 822 Deum
551 764 687 840 queant,
720 757 775 822 sed
801 761 943 821 oneratos
970 756 1078 820 multis
1129 758 1270 823 vocando.
1307 758 1418 838 Itaque
1438 759 1524 821 uam
1544 757 1633 822 nobis
1653 779 1715 823 sua
1735 778 1804 821 voce
1818 759 1969 840 patefacit
1991 758 2104 840 (Zaoh.

98 842 192 905 iioais
211 862 290 923 quae
311 863 381 906 eum
400 846 507 908 merito
526 842 755 924 formidabilem
776 842 921 919 reddant,
950 862 1010 904 non
1031 848 1077 906 ta·
1132 848 1180 921 13,
1201 843 1250 927 9):
1282 845 1386 909 dicam
1414 844 1496 920 illis,
1525 845 1666 925 populns
1691 864 1779 907 meus
1800 864 1869 921 vos,
1896 845 1996 909 dicerit
2017 843 2105 922 mibi,

99 947 171 992 nien
187 927 332 992 desinunt
352 949 384 992 se
405 930 521 1010 offerre,
544 950 651 1010 neque
672 936 773 993 terret
797 948 852 992 eos
876 927 928 990 hio
950 948 1075 1006 sensus,
1128 934 1162 993 tu
1181 929 1271 994 Deus
1292 935 1401 995 noster.
1445 929 1593 993 Videmus
1614 935 1649 992 ut
1670 929 1800 994 eribores
1821 950 1895 994 suos
1910 931 2105 1009 praeveniat,

99 1012 273 1095 quominus
296 1013 339 1079 ad
358 1015 465 1096 ipsum
487 1037 522 1080 se
545 1015 727 1092 conterant,
760 1015 887 1094 quando
909 1034 970 1076 non
992 1014 1078 1078 alius
1129 1015 1258 1097 velitque
1279 1016 1434 1095 subsequi,
1464 1014 1591 1095 ideoque
1617 1016 1789 1079 timeruium
1815 1036 1876 1078 nou
1897 1035 1962 1080 esse
1983 1037 2020 1079 ne
2045 1036 2106 1095 pa

99 1104 144 1164 cst
161 1099 204 1163 ad
220 1119 291 1188 uini
308 1101 478 1182 inpressas.
514 1100 629 1182 Neque
651 1102 739 1164 euim
761 1099 913 1164 instituta
935 1108 984 1163 est
1005 1119 1077 1162 ora·
1129 1122 1200 1164 rum
1226 1103 1337 1166 suavis
1362 1104 1405 1165 sit
1433 1100 1507 1164 baec
1528 1101 1661 1164 melodia
1688 1121 1784 1182 quavi
1810 1102 1876 1181 ipse
1904 1101 2005 1165 dictat.
2051 1100 2106 1165 In·

100 1186 155 1259 tio,
185 1206 249 1266 qun
276 1207 336 1250 nos
358 1196 551 1269 arroganter
572 1207 683 1252 eoram
705 1187 776 1249 Deo
804 1185 992 1262 efferamus,
1021 1192 1077 1248 aut
1128 1188 1215 1270 sipne
1236 1188 1425 1268 praesertim
1451 1186 1534 1250 illud
1554 1184 1618 1250 Dei
1645 1186 1776 1268 etapium
1803 1186 1889 1250 nobis
1916 1187 1952 1250 in
1978 1192 2106 1250 cuntem

99 1270 278 1354 quidquem
299 1284 449 1336 nostrum
466 1293 586 1355 magno
605 1273 821 1357 aestimemm,
845 1268 903 1333 sed
923 1292 988 1352 qua
1008 1291 1076 1334 rea·
1128 1273 1245 1350 veniat,
1275 1293 1333 1353 quo
1361 1272 1435 1354 freti
1465 1273 1570 1335 omnia
1591 1273 1749 1336 obstacula
1770 1272 1857 1336 nidlo
1876 1274 1994 1355 nepotio
2015 1293 2105 1352 supe·

99 1361 165 1421 tmn
190 1362 331 1421 viadrum
357 1360 502 1439 corrfessi,
530 1379 701 1422 animnos
728 1368 856 1422 nostras
885 1356 972 1439 apud
1000 1377 1076 1420 aum
1128 1358 1269 1423 robinins
1287 1358 1388 1443 (Psal.
1404 1362 1453 1435 65,
1474 1357 1525 1440 3).·
1543 1363 1576 1420 tu
1599 1357 1684 1422 Deus
1701 1359 1872 1422 exaudiens
1883 1360 2106 1439 precationem:

100 1441 319 1526 deploremus;
347 1443 620 1524 quemadmodum
646 1443 707 1506 filii
734 1441 822 1525 apud
849 1448 1001 1524 parentes
1028 1443 1075 1506 fe·
1129 1446 1171 1510 ad
1204 1450 1231 1508 te
1263 1465 1361 1526 usque
1389 1445 1489 1508 omiiis
1522 1463 1593 1506 caro
1625 1444 1732 1508 veniet.
1785 1443 1868 1524 Quid
1893 1444 1977 1508 enim
2002 1444 2106 1526 inopis

99 1529 274 1594 miliariter
294 1529 443 1611 querelas
465 1551 542 1595 suas
564 1525 738 1611 deponunt.
776 1527 866 1608 Quin
888 1529 997 1610 potius
1019 1529 1077 1591 ini·
1128 1531 1262 1595 amabile
1279 1531 1326 1595 vel
1343 1530 1492 1594 blarulmn
1509 1548 1604 1608 quani
1614 1527 1719 1593 Deum
1740 1528 1795 1593 boc
1815 1530 1905 1593 titulo
1926 1530 2027 1609 indui,
2048 1529 2104 1611 qui

99 1635 205 1679 neusa
236 1614 391 1679 nmlcruni
417 1622 590 1681 nostrorum
622 1616 776 1697 cooperies
808 1614 989 1679 calcaribus
1023 1612 1076 1677 vel
1128 1601 1269 1681 oirtimm
1296 1636 1353 1680 nos
1378 1615 1502 1692 reddat,
1535 1614 1616 1678 nibil
1647 1616 1749 1697 mapis
1777 1636 1842 1679 esse
1869 1620 2002 1679 naturae
2035 1617 2104 1680 eius

99 1701 240 1766 stimulis
262 1702 377 1782 referta
398 1724 469 1767 esee
498 1700 602 1778 debet,
628 1722 707 1781 quae
734 1722 790 1764 nos
806 1701 860 1765 ad
881 1700 1076 1781 pecandum
1121 1703 1292 1783 proprium
1314 1722 1409 1782 qnam
1435 1700 1613 1780 supplicum
1640 1702 1719 1765 votis
1739 1701 1901 1765 annuere?
1946 1700 2032 1764 Hinc
2053 1702 2103 1765 ia·

99 1788 232 1852 incitent.
280 1788 421 1868 Qualiter
444 1789 538 1853 etiam
559 1808 615 1852 nos
636 1808 692 1852 suo
714 1785 863 1868 exemplo
886 1785 979 1850 docet
1000 1806 1072 1868 pra
1128 1808 1225 1851 nuans
1242 1791 1351 1868 patere
1372 1787 1486 1867 callipit
1501 1786 1654 1865 propbeta
1675 1808 1737 1852 non
1752 1789 1884 1868 paucis,
1912 1787 1966 1850 sed
1987 1785 2104 1850 caudis

98 1873 200 1956 pheta
217 1871 319 1956 (Penl.
339 1879 396 1951 41,
416 1874 464 1957 5);
496 1895 577 1937 sana
600 1874 744 1936 animam
761 1892 884 1949 meam,
906 1870 982 1953 quia
999 1892 1074 1953 pec·
1127 1873 1311 1937 mortalibus
1317 1897 1327 1951 ;
1351 1873 1428 1954 quia
1448 1872 1542 1936 etiam
1558 1893 1662 1937 omnes
1676 1874 1734 1938 boc
1749 1894 1818 1937 voce
1833 1873 1992 1954 mnipellat
2010 1870 2101 1954 (ibin

99 1959 174 2024 cavi
203 1958 271 2023 tibi.
317 1958 432 2024 Fateor
463 1960 587 2041 quidem
617 1961 652 2023 iu
683 1959 727 2024 iis
754 1957 870 2022 aculris
897 1957 1076 2038 mortiferas
1129 1958 1272 2041 50,15).·
1301 1961 1408 2022 invoca
1434 1980 1483 2023 me
1509 1959 1544 2020 in
1572 1959 1624 2022 die
1652 1960 1846 2039 afflictionis·
1872 1980 1981 2023 arrium
2007 1963 2048 2035 te,
2076 1963 2105 2022 et

97 2045 165 2126 sore
180 2045 373 2126 punctiones,
394 2045 460 2110 nisi
483 2046 571 2110 Dens
592 2050 797 2122 succurreret·
818 2063 924 2107 verum
945 2063 1006 2124 pro
1028 2043 1076 2106 in-
1124 2045 1314 2127 ploridcabis
1345 2064 1401 2108 me.
1448 2043 1625 2109 Secundum
1656 2044 1736 2110 banc
1761 2046 1901 2127 reputem
1929 2044 2039 2109 David
2083 2046 2102 2106 2

98 2129 300 2212 coruparabili
317 2151 377 2195 sira
393 2133 587 2214 indulpeutia
604 2132 738 2211 optimus
754 2134 847 2211 pater
864 2130 1075 2210 tempestivum
1127 2131 1216 2194 Sam.
1239 2135 1266 2208 7,
1288 2135 1343 2213 27)
1365 2130 1605 2211 promissionem
1626 2131 1687 2194 sibi
1715 2133 1822 2195 datam
1848 2131 1966 2208 obiicit,
1994 2135 2029 2194 ut

97 2217 270 2298 remedium
290 2217 422 2294 addidit,
445 2238 504 2298 quo
525 2216 789 2297 perturbationem
812 2236 930 2279 omnem
951 2214 1073 2292 sedans,
1127 2217 1223 2281 tinent
1250 2217 1330 2297 qnod
1352 2217 1448 2297 petit:
1479 2220 1513 2279 tu
1539 2214 1629 2279 Dens
1654 2219 1798 2281 revelasti
1824 2218 1857 2280 in
1886 2236 1995 2280 aurem
2021 2215 2105 2279 servi

98 2321 192 2366 curos
212 2304 338 2381 luimus,
359 2309 457 2368 nidus
478 2303 670 2384 absterpeus,
692 2303 815 2365 conciter
835 2321 891 2365 nos
912 2301 955 2364 ad
976 2321 1009 2364 se
1029 2300 1076 2364 al·
1125 2304 1189 2381 tui;
1203 2307 1369 2383 propterea
1390 2302 1507 2365 invenit
1527 2321 1635 2365 serviis
1655 2307 1729 2367 tuus
1753 2322 1916 2366 corsuum
1937 2308 1972 2365 ut
1993 2305 2103 2367 oraret.

97 2387 216 2466 liceret,
243 2389 305 2452 iino
326 2391 490 2469 scrupulos
508 2409 611 2454 oniries
633 2388 754 2466 tolleris,
775 2387 889 2451 nedum
907 2385 1072 2464 obstacula,
1134 2387 1221 2454 Unde
1247 2388 1424 2470 callipimus
1447 2387 1604 2466 pavidum
1623 2388 1734 2467 fuisse,
1764 2389 1829 2452 uisi
1856 2393 2007 2469 quatenus
2034 2407 2104 2451 eum

97 2473 223 2555 facilene
243 2475 329 2537 viam
349 2479 503 2540 sterneret.
1120 2475 1291 2554 promissio
1312 2479 1458 2538 uenerat.
1495 2472 1550 2537 Sic
1571 2471 1649 2536 alibi
1672 2473 1775 2559 (Psal.
1799 2479 1867 2550 145,
1892 2475 1944 2557 18)
1964 2472 2105 2556 peuerell

190 2563 237 2623 13.
285 2560 368 2643 ¹)Ac
389 2560 643 2642 primoquidem
665 2580 755 2624 orare
776 2579 832 2622 nos
854 2558 975 2636 iubeas,
1004 2558 1074 2638 ipso
1125 2561 1267 2626 doctriua
1293 2580 1326 2623 se
1353 2560 1495 2623 instruit:
1527 2559 1710 2623 voluntatem
1738 2562 1913 2625 timentium
1939 2580 1971 2623 se
2001 2560 2102 2640 saciet

93 2650 257 2727 praecepto
278 2666 335 2712 nos
355 2648 495 2730 coarpuit
515 2646 633 2726 inqriae
654 2646 877 2721 continentiae,
906 2645 972 2708 nisi
994 2645 1074 2708 obse-
1126 2645 1196 2710 Imo
1222 2646 1296 2710 baec
1317 2647 1352 2709 in
1375 2644 1516 2709 Psalmis
1544 2644 1788 2710 animadvertere
1817 2648 1899 2724 licet,
1931 2647 2023 2726 qimsi
2050 2643 2102 2708 ab

98 2731 232 2811 quimur.
270 2731 365 2797 Nibil
385 2735 488 2817 napis
504 2733 648 2814 praecise
669 2731 818 2795 mandari
833 2735 958 2810 poterat
979 2749 1074 2810 quani
1124 2736 1215 2812 rupto
1245 2732 1360 2796 mandi
1392 2735 1531 2794 mutentu
1562 2733 1731 2796 transitum
1760 2733 1831 2813 beri
1856 2751 1938 2795 nuuc
1966 2732 2010 2795 ad
2038 2729 2103 2794 Dei

97 2817 178 2897 quod
204 2816 334 2882 tubum
354 2820 389 2883 in
413 2819 541 2884 Psalmo
563 2817 629 2903 (50,
654 2816 722 2901 15).·
750 2817 860 2882 invoca
886 2837 934 2880 nie
961 2817 996 2879 in
1022 2815 1074 2879 die
1119 2819 1305 2899 potentiam,
1327 2837 1409 2881 nuuc
1431 2816 1473 2880 ad
1494 2816 1670 2895 bondatcm,
1693 2839 1775 2882 nunc
1795 2820 1838 2883 od
1858 2817 1952 2897 fidem
1967 2817 2103 2897 promis-

98 2902 315 2969 tribulationis.
362 2905 423 2969 Sed
455 2907 532 2985 quia
558 2906 639 2968 inter
664 2905 794 2984 pietatis
821 2902 925 2984 officia
951 2901 1075 2966 nullum
1124 2904 1256 2968 nonum.
1308 2903 1416 2968 Videri
1436 2907 1543 2982 posset
1572 2903 1780 2984 intenpestive
1802 2902 1912 2966 David
1932 2903 2103 2967 sententias

97 2989 289 3070 frequentias
310 2993 521 3056 commumoni
542 2992 731 3072 scripturae,
759 3010 821 3054 non
842 2994 887 3052 est
908 2988 990 3068 quod
1012 2988 1074 3052 lon·
1125 2990 1201 3054 illas
1222 2991 1376 3067 inserens,
1400 3008 1509 3068 preces
1529 2988 1659 3053 mutilas
1679 2991 1823 3070 reddere,
1844 2989 1898 3052 sed
1918 3008 1981 3051 usa
2002 2993 2029 3051 et
2050 3008 2102 3051 en-

94 3075 169 3157 pius
190 3075 239 3140 bic
260 3078 415 3141 immorer.
462 3076 568 3154 Petite,
590 3077 694 3158 inquit
714 3076 862 3158 mapister
884 3072 1019 3172 <Manu
1045 3077 1073 3150 7,
1120 3076 1278 3155 perientia
1305 3080 1489 3156 compertum
1510 3073 1621 3140 babuit
1648 3073 1764 3154 fideles,
1790 3077 1985 3156 lanpaescere
2012 3074 2103 3137 ardo

100 3160 151 3244 7),
180 3164 403 3242 uveciptnu;
429 3164 570 3243 pulsate,
598 3167 625 3226 et
650 3164 810 3243 aperietur
829 3160 922 3224 vobis.
970 3160 1076 3240 Quam
1125 3182 1207 3238 rem,
1240 3162 1306 3225 nisi
1333 3160 1499 3226 adhibeant
1525 3181 1605 3225 nova
1634 3161 1783 3242 fomenta,
1817 3161 1943 3240 ideoque
1975 3159 2104 3222 minime

97 3266 194 3326 qnam
211 3246 260 3311 bic
275 3254 438 3329 praecepto
455 3249 643 3331 adiunqitur
658 3250 753 3313 etiem
764 3246 944 3328 prornissio,
967 3251 1003 3308 ut
1024 3265 1075 3309 nc-
1126 3247 1206 3311 inter
1217 3248 1413 3327 precandum
1428 3266 1624 3328 supervacua
1639 3253 1684 3312 est
1700 3252 1764 3312 tani
1779 3251 1912 3312 naturae
1928 3244 1992 3308 Dei
2009 3263 2104 3325 quam

98 3350 181 3394 cesse
191 3337 241 3394 est.
274 3332 348 3397 Etsi
359 3336 441 3398 euim
456 3340 621 3415 praecepto
638 3355 704 3399 esse
723 3332 923 3397 obediendum
938 3331 1076 3413 fatertur
1125 3333 1210 3397 verbi
1230 3334 1396 3398 meditatio.
1441 3334 1543 3412 Atque
1570 3334 1616 3396 ita
1643 3335 1780 3414 cveruplo
1801 3332 1943 3398 Davidis
1971 3331 2104 3411 inserere

99 3436 217 3494 oraries,
245 3419 347 3483 maior
374 3425 476 3485 tamen
497 3441 581 3501 pars
606 3421 758 3502 rcfuperet
779 3418 883 3483 Deum
911 3422 1074 3495 vocantem,
1127 3440 1166 3484 ne
1181 3420 1290 3502 pipent
1311 3440 1390 3501 quae
1411 3418 1579 3501 lanquidos
1595 3421 1718 3483 annuos
1735 3440 1811 3484 novo
1828 3420 1932 3501 vipore
1953 3416 2103 3497 retinent.

37 3497 49 3517 '
98 3502 166 3566 nisi
193 3523 226 3566 se
252 3504 438 3569 exorabilem
470 3507 604 3585 adeoque
630 3504 753 3570 obvium
782 3504 850 3586 fore
875 3503 1074 3584 prornitteret.
1217 3511 1264 3569 14.
1309 3504 1359 3570 Ac
1375 3506 1494 3568 ninum
1510 3509 1554 3569 est
1574 3509 1663 3570 tanta
1677 3506 1926 3588 promissionum
1947 3502 2106 3569 dulcedine

98 3587 166 3653 His
196 3588 321 3670 quidem
347 3591 465 3656 duobus
497 3593 631 3672 positis,
669 3595 784 3656 certum
820 3594 866 3654 est
902 3591 1076 3670 quicunque
1128 3591 1175 3656 vel
1195 3592 1320 3674 friqide,
1342 3591 1390 3654 vel
1412 3590 1499 3654 nullo
1518 3589 1584 3671 fere
1605 3593 1694 3657 modo
1711 3613 1768 3658 nos
1789 3591 1886 3673 offici,
1908 3596 1944 3654 ut
1959 3612 2019 3672 per
2041 3610 2106 3654 ani-

99 3676 355 3756 terpiverscntnr,
379 3698 417 3741 ue
443 3683 526 3741 recta
546 3678 589 3741 ad
610 3676 714 3742 Deum
735 3677 876 3754 veniant,
903 3695 966 3739 nrm
987 3675 1076 3739 modo
1128 3678 1219 3760 bopes
1239 3677 1380 3759 vapaudo
1396 3676 1475 3741 bona
1490 3696 1574 3755 pars
1595 3677 1686 3742 molit
1705 3679 1809 3742 relicto
1827 3696 1983 3758 aquarum
2004 3676 2105 3740 vireu

99 3780 164 3825 esse
190 3760 313 3826 rebelles
339 3767 366 3826 et
391 3764 617 3846 immori'peros,
644 3764 699 3829 sed
723 3765 818 3828 etiarn
846 3760 1077 3825 incredulitatis
1127 3765 1207 3827 tium
1235 3764 1318 3844 suite
1348 3761 1410 3828 sibi
1441 3762 1546 3843 fodere
1578 3765 1689 3827 addas
1720 3765 1885 3840 cisternas,
1916 3780 2012 3842 quani
2039 3757 2103 3823 Dei

99 3848 246 3924 convinci,
269 3848 347 3928 quia
357 3849 619 3929 promissionibus
638 3849 794 3931 diffidunt.
829 3847 918 3929 Quod
928 3868 962 3910 eo
972 3848 1076 3929 nrapis
1127 3849 1345 3914 liberalitatem
1370 3848 1452 3914 ultra
1479 3848 1541 3912 sibi
1566 3848 1701 3914 oblatam
1729 3850 1878 3929 amplecti.
1921 3847 1996 3909 Aru
2018 3845 2103 3908 irien-

99 3933 267 3997 notcndum
284 3939 337 4011 est,
360 3935 438 4014 quia
454 3933 639 4029 lippocnitoe,
658 3935 849 4001 inutilitatis
866 3938 894 3997 ct
910 3934 1075 3998 niomstiae
1121 3934 1308 4018 pupnabilis
1335 3955 1444 3999 rwruen
1464 3933 1613 4012 Domini,
1640 3935 1744 4013 inquit
1773 3932 1892 3996 Solonio
1915 3930 2028 4016 (Prov.
2053 3933 2101 4010 18,

93 4023 273 4097 pannii,
305 4024 370 4084 tam
400 4021 529 4101 superbe
557 4027 749 4087 cndemunnt
775 4021 841 4087 Dei
866 4023 1074 4101 praeceptum,
1131 4022 1194 4103 10),
1217 4021 1260 4085 od
1276 4041 1346 4085 enin
1363 4020 1514 4101 confupiet
1530 4020 1643 4097 iustus,
1665 4017 1891 4082 dservabitur.
1938 4017 2004 4081 Ioel
2023 4038 2102 4097 vero,

99 4123 194 4183 quani
217 4105 312 4185 fidem
340 4107 487 4189 tuique
514 4107 692 4171 invitationi
719 4107 883 4191 abropaut;
915 4107 978 4169 imo
1004 4125 1075 4170 euni
1121 4113 1289 4188 postquam
1317 4106 1354 4171 de
1379 4105 1523 4170 liorribili
1549 4126 1630 4184 quae
1651 4104 1787 4168 instabat
1808 4102 1893 4167 dade
1914 4104 2104 4169 votuinatns

96 4189 249 4270 fraudant
264 4194 440 4274 praecipua
461 4193 562 4258 cultus
582 4194 636 4256 sui
651 4198 752 4274 porte.
793 4193 881 4257 Nam
901 4191 956 4256 ubi
977 4192 1075 4256 sacri·
1126 4198 1184 4272 est,
1217 4192 1445 4258 memorabilem
1476 4190 1567 4254 illam
1594 4190 1779 4254 seutentiam
1805 4189 1930 4253 subiicit
1958 4189 2002 4273 (2,
2032 4191 2104 4272 32).·

96 4273 172 4354 ficia
193 4278 372 4357 repudiavit
391 4281 427 4343 in
449 4278 561 4359 quibus
578 4284 651 4342 tunc
667 4278 829 4343 videbatur
845 4279 909 4342 sita
925 4297 990 4342 esse
1012 4281 1076 4341 tota
1127 4279 1273 4360 quisquis
1289 4277 1477 4343 invocaverit
1491 4296 1600 4340 nomeu
1618 4274 1759 4354 Domini,
1782 4275 1892 4340 salvus
1913 4277 1988 4340 erit:
2009 4292 2104 4354 quarn

99 4364 263 4441 sanctitas,
290 4363 345 4429 boc
364 4385 521 4430 uuruuum
542 4384 607 4429 esse
628 4369 656 4428 et
677 4364 739 4428 sibi
759 4385 840 4446 prae
861 4364 939 4428 aliis
959 4363 1076 4443 pretio
1126 4365 1244 4430 scimus
1269 4365 1401 4447 proprie
1431 4362 1474 4426 ad
1505 4382 1633 4431 cursum
1660 4363 1813 4445 evaripelii
1843 4364 1989 4442 spectare.
2041 4357 2104 4422 Via

99 4466 169 4510 sani
188 4449 338 4527 dederat,
360 4450 500 4515 invocari
520 4451 555 4514 in
583 4450 634 4514 die
651 4451 849 4515 necessitatis.
897 4450 1000 4530 Quinc
1020 4449 1076 4512 nbi
1127 4452 1309 4515 centesimus
1329 4451 1460 4530 quisque
1478 4453 1627 4527 mmenn,
1656 4453 1691 4512 ut
1712 4448 1748 4512 in
1768 4467 1928 4512 occursum
1948 4444 2016 4509 Deo
2031 4462 2106 4523 pro-

101 4534 182 4611 qnod
203 4555 297 4599 sicam
317 4541 362 4602 est
383 4537 494 4618 eripit,
521 4542 548 4600 et
575 4536 619 4600 ad
640 4537 778 4617 parendi
805 4536 998 4601 nuruum
1019 4554 1077 4599 nos
1127 4538 1206 4603 dect.
1253 4535 1381 4602 Clamat
1406 4537 1474 4618 ipse
1494 4556 1555 4617 per
1577 4534 1719 4600 Iesaiam
1740 4534 1806 4618 (65,
1826 4532 1899 4616 24).·
1925 4528 2106 4594 invocabitis

102 4618 236 4699 dirimat,
268 4621 350 4686 nulli
370 4627 442 4688 sunt
463 4627 527 4686 torn
547 4623 678 4703 speciosi
698 4621 863 4686 dubitandi
885 4620 1000 4686 colores
1021 4619 1077 4700 qui
1127 4643 1184 4701 nie,
1203 4624 1491 4702 denoudiamvos,·
1507 4623 1571 4687 imo
1588 4627 1752 4703 animuum
1768 4618 1908 4684 clemens
1923 4613 2105 4696 respondebo

102 4723 158 4768 uos
184 4713 334 4771 munient.
381 4710 583 4790 Quaecunque
608 4729 678 4789 erpo
698 4710 827 4787 passim
852 4711 1017 4771 ocaiuunt
1040 4706 1077 4770 in
1127 4709 1220 4776 vobis.
1255 4709 1325 4774 Hoc
1345 4729 1463 4790 quoqne
1484 4708 1587 4773 mdcvi
1608 4708 1718 4772 bonnm
1738 4705 1815 4770 alibi
1832 4708 1926 4768 totam
1947 4700 2106 4766 acnuam

102 4791 269 4871 scripturis
289 4796 471 4875 testimonia,
489 4793 604 4876 quibus
623 4795 712 4860 uobis
727 4792 928 4875 praecipitur
945 4792 1009 4857 Dei
1029 4793 1077 4856 iu·
1128 4797 1327 4861 mmmuniter
1343 4796 1509 4878 dipnatur5
1530 4795 1624 4858 sicuti
1646 4794 1689 4858 ad
1704 4792 1811 4856 omnia
1829 4788 1947 4854 Obristi
1969 4784 2106 4852 membra

1122 4884 1265 4962 pertinet.
1299 4878 1455 4947 Clamavit
1465 4880 1580 4956 adnm,
1596 4877 1766 4951 exaudiam
1775 4895 1945 4940 eumcum
1955 4875 2025 4956 ipso
2034 4891 2106 4936 sum

105 4981 163 4987 ”²
178 4982 306 4993 ·····“·
1128 4967 1165 5030 in
1185 4968 1397 5046 tribulatione,
1423 4971 1459 5030 ut
1479 4965 1615 5045 eripiam
1636 4983 1706 5029 eum
1728 4962 1830 5047 (Pin.
1854 4966 1904 5039 91,
1931 4960 1994 5044 15).
2042 4957 2105 5023 Ne-

172 5101 201 5168 Ῑ)
223 5099 299 5170 (lm
317 5104 340 5168 i·
359 5101 392 5154 18
410 5109 435 5156 et
448 5101 486 5154 >14
503 5110 654 5173 sequnntur
668 5105 726 5170 fere
743 5120 815 5159 novo
833 5109 910 5168 sunt,
928 5104 970 5155 ita
988 5108 1077 5155 tamen
1128 5073 1188 5134 W
1208 5058 1321 5133 umen,
1342 5059 1376 5117 ¹⁴3
1397 5054 1465 5116 lam
1485 5051 1565 5130 dlxii
1587 5050 1666 5115 &³⁶⁰⁵
1687 5069 1791 5114 mm
1812 5067 1975 5114 ”mm
1991 5066 2036 5127 ΡΥ

101 5175 133 5222 ut
149 5177 232 5224 antea
251 5170 317 5238 cap.
339 5171 402 5225 XV.
420 5173 443 5238 5.
462 5171 494 5225 11
519 5173 621 5227 similia
643 5175 752 5228 brevius
769 5190 802 5228 en
822 5173 849 5228 S.
868 5173 895 5226 S.
921 5172 1007 5226 adata
1031 5186 1076 5225 en·
1128 5140 1225 5205 mm
1251 5144 1308 5218 θα)
1341 5138 1395 5203 ⁸⁶43
1420 5137 1554 5237 mmm?
1585 5155 1718 5218 ΜΨ
1744 5135 1887 5219 ‘wilm’
1922 5153 1961 5200 ex
1978 5151 2035 5233 ,Ψ

100 5238 226 5295 tumre.
1126 5230 1286 5310 putemus
1306 5243 1401 5306 quoni
1421 5222 1600 5288 bunroniter
1622 5222 1665 5289 ad
1684 5241 1718 5288 se
1738 5242 1794 5289 nos
1814 5220 1903 5287 Deus
1925 5218 2055 5298 annia,
2076 5220 2106 5282 et
