4672 5842
242 313 302 374 en
883 297 1150 366 mummulo
1171 299 1276 365 unu.
1299 296 1481 365 auulsi.
1507 301 1598 362 1559.
1809 384 1813 392 ¹
1915 342 1920 351 .
2186 297 2250 359 orn

240 503 388 562 nestrum
409 492 488 557 feeit
508 489 596 573 quod
618 489 709 553 nullo
726 490 797 552 iure
814 489 907 553 nobis
929 486 1073 551 debetur.
1110 488 1218 568 Neque
1269 486 1384 568 quibus
1413 486 1585 551 tolerabiles
1612 491 1705 550 erunt
1731 485 1803 549 riori
1828 485 1989 566 mapistri,
2017 485 2072 566 qui
2091 485 2249 566 Μῶα

239 588 341 647 tamen
358 577 587 658 repudiandum
599 580 644 640 est
661 577 743 656 quod
760 576 854 639 etiarn
870 575 969 656 attiqi
988 573 1035 636 ila
1052 573 1217 657 designari
1270 573 1459 637 innocentiae
1485 577 1602 653 spectro
1629 571 1820 652 simplieium
1846 570 1949 634 onitu
1968 572 2182 653 perstrinqere
2200 593 2250 637 oo-

240 669 326 732 iusto
348 665 458 728 lubere
475 671 508 727 et
525 663 659 726 innoxio
675 671 816 742 partum,
838 680 907 723 non
925 671 1034 722 nutem
1057 660 1216 740 impostu-
1269 664 1401 735 namur,
1434 664 1470 721 ut
1495 679 1528 722 se
1556 657 1595 721 ab
1622 659 1707 722 anni
1733 656 1826 736 eulpa
1854 656 1944 720 reddi
1970 677 2064 735 posse
2095 658 2251 723 immunes

240 752 287 817 ris
308 750 492 832 quaesitum
516 756 573 812 aut
594 748 731 828 rapinis;
753 747 829 827 quin
851 745 995 808 alienum
1017 766 1146 826 semper
1166 754 1217 808 est
1269 745 1448 824 murare?
1485 744 1672 824 Quantosne
1694 742 1813 806 Ioanne
1835 741 1868 819 (l
1894 741 2006 805 Ionum
2029 747 2056 819 l,
2079 744 2145 826 10),
2168 743 2249 808 niliit

241 835 397 987 gmdquid
418 856 493 900 eum
517 834 626 915 eliqua
646 853 733 897 noxa
754 831 847 895 nobis
869 831 1075 912 nequirimus.
1120 828 1217 910 Quod
1268 830 1360 894 aliud
1381 835 1425 894 est
1445 849 1542 909 quarn
1559 830 1733 894 mnmaeem
1748 829 1851 909 faeere
1868 826 1980 892 Deum.
2014 827 2137 894 Eodem
2154 831 2251 893 diam

263 924 311 987 eri
331 920 425 985 nobis
446 920 598 1002 petimus,
621 919 823 1000 significatur
840 937 911 980 esso
928 916 1067 997 simplex
1086 938 1123 980 ne
1141 937 1228 1007 gru-⁰
1269 936 1363 995 opera
1384 917 1547 980 nebulones
1568 916 1623 978 isti
1643 915 1753 995 foedus
1775 913 1853 989 Dei,
1875 934 1936 993 quo
1956 914 2095 979 vidimus
2115 916 2250 980 salutem

240 1008 363 1073 tuitum
396 1007 459 1071 Dei
492 1005 633 1081 donum,
668 1002 883 1083 undecunque
915 1001 1010 1066 nobis
1048 1001 1216 1079 adveniam
1268 1007 1407 1066 nostram
1433 1001 1594 1079 contineri,
1623 1002 1723 1079 eapite
1750 1021 1811 1064 uno
1838 999 1963 1062 inducto
1988 999 2132 1078 lacerant
2156 1007 2250 1080 atque

240 1095 339 1159 etiam
362 1094 418 1157 ubi
440 1093 584 1156 maxime
606 1091 696 1153 visus
716 1088 816 1152 luerit
837 1096 907 1151 erte
929 1095 1026 1168 utque
1054 1088 1218 1151 industria
1269 1088 1316 1152 ila
1341 1087 1488 1167 funditus
1514 1087 1717 1167 labefaciunt3
1743 1105 1805 1149 non
1832 1090 1953 1148 tantum
1980 1087 2015 1149 in
2042 1107 2076 1149 eo
2103 1087 2250 1167 saerileqi

240 1188 355 1244 nostru
384 1179 563 1260 quaesitus,
597 1196 635 1239 na
662 1175 814 1238 manibus
847 1175 967 1237 nostris
995 1182 1216 1254 comparatum
1268 1174 1350 1252 quod
1371 1179 1520 1252 separant
1541 1193 1592 1237 res
1614 1172 1689 1236 adeo
1714 1173 1900 1245 coniernetas,
1919 1170 1973 1234 sed
1994 1172 2088 1236 etiam
2107 1173 2201 1255 impii
2221 1177 2250 1236 et

241 1263 370 1348 quando
392 1264 460 1327 solu
481 1262 551 1326 eius
574 1260 796 1324 benedictione
818 1260 971 1335 efficitur,
995 1268 1034 1321 ut
1055 1258 1217 1323 laboribus
1268 1258 1407 1323 crudeles
1424 1258 1505 1338 quod
1521 1260 1655 1322 miseras
1671 1260 1799 1322 animas
1815 1256 1948 1320 obruent
1968 1258 2196 1336 despuntione;
2216 1259 2253 1322 iu

241 1350 363 1415 nostris
385 1356 471 1414 reete
489 1344 648 1412 suecedet.
1269 1365 1302 1408 se
1319 1345 1405 1423 ipsos
1421 1345 1545 1424 quidem
1562 1349 1589 1408 et
1606 1343 1668 1407 sibi
1689 1344 1810 1407 similes
1826 1342 1953 1423 persidi,
1975 1344 2057 1423 quod
2074 1345 2251 1409 socordiam

329 1440 378 1497 45.
426 1433 588 1514 Sequitur:
615 1433 734 1494 ranitte
760 1431 848 1495 nobis
875 1431 976 1494 debita
1002 1435 1123 1508 nostra,·
1155 1451 1218 1510 qua
1269 1430 1330 1493 sibi
1347 1436 1505 1494 aeousunt
1521 1429 1585 1493 Dei
1601 1429 1833 1494 misericordiae
1849 1448 1888 1491 ee
1905 1429 2057 1494 tiammo
2074 1430 2248 1495 aduersam

236 1522 386 1606 petitione
410 1524 438 1583 et
464 1518 615 1599 monium
646 1517 776 1581 neone
808 1516 972 1596 amplemis
999 1522 1044 1579 est
1072 1514 1217 1579 Gliristns
1272 1517 1361 1595 Quod
1388 1522 1491 1580 autem
1518 1516 1680 1591 obiiciunt,
1712 1516 1801 1597 requi
1827 1513 1892 1578 Dei
1922 1514 2086 1578 monium
2115 1517 2249 1596 optando

241 1605 396 1689 quidquid
416 1605 459 1669 ad
479 1603 635 1669 melastem
653 1604 753 1666 iriam
772 1603 864 1683 taem
889 1603 1147 1681 quemadmodum
1166 1601 1217 1665 bis
1268 1601 1365 1665 sinim
1382 1622 1438 1664 nos
1455 1602 1573 1681 peceati
1590 1601 1786 1664 abolitionem
1797 1604 1910 1680 petere,
1931 1601 2029 1664 nimis
2044 1601 2170 1681 puerile
2185 1607 2249 1681 est,

240 1697 361 1756 mlum
382 1691 501 1754 nube
519 1687 665 1752 menbris
684 1693 801 1752 cunstat
821 1687 988 1768 spirituale
1005 1688 1116 1768 foelus
1136 1689 1218 1768 quod
1269 1689 1346 1767 quia
1368 1688 1403 1750 in
1419 1688 1530 1768 priore
1546 1687 1697 1751 orationis
1719 1685 1825 1749 tabula
1841 1705 1967 1750 summa
1984 1687 2072 1751 nobis
2088 1687 2248 1768 perfectio,

240 1777 331 1844 Deus
350 1778 386 1840 in
406 1776 538 1840 salutern
558 1775 701 1837 milesiae
720 1794 798 1837 suae
813 1774 948 1854 pepigit:
968 1773 1046 1854 lepos
1067 1793 1152 1836 mem
1169 1774 1218 1835 in·
1268 1771 1318 1836 bie
1346 1777 1448 1836 arium
1476 1772 1647 1852 infirmitas
1663 1772 1861 1852 proponitur.
1907 1770 1960 1834 Ita
1987 1771 2050 1836 duo
2076 1772 2149 1837 baec
2174 1779 2248 1853 apte

240 1864 374 1928 scribam
395 1861 540 1926 cordibus
560 1861 711 1940 ipsorum,
732 1865 760 1923 et
775 1859 937 1952 propitius
957 1879 1008 1922 ero
1029 1879 1134 1922 eorum
1155 1859 1218 1922 ini·
1268 1859 1350 1921 inter
1370 1878 1402 1922 se
1424 1859 1614 1935 conveniunt,
1634 1863 1669 1921 ut
1690 1858 1864 1938 aspirando
1884 1857 1927 1921 ad
1948 1863 2074 1935 mum,
2096 1878 2175 1939 quae
2195 1881 2250 1925 ne·

240 1949 353 2030 quiloti
375 1947 454 2031 (Ier.
474 1951 524 2022 31,
544 1949 584 2007 33
607 1952 641 2008 et
663 1949 713 2020 33,
733 1943 778 2028 8).
824 1944 886 2008 Hie
908 1967 929 2007 a
950 1945 1132 2008 remissione
1147 1965 1218 2026 peo-
1269 1945 1397 2008 cessitas
1417 1949 1526 2008 nostra
1546 1944 1683 2008 remedia
1704 1944 1802 2025 eripit
1821 1964 1884 2006 non
1909 1943 2112 2026 ueqliqamus.
2155 1945 2249 2010 Peti-

239 2039 379 2099 mmmm
402 2032 545 2097 Obristus
566 2031 691 2111 incipit,
718 2031 829 2095 deiude
849 2049 921 2092 mon
946 2030 1094 2112 adiunqet
1113 2050 1219 2095 securi·
1269 2050 1343 2093 mus
1370 2027 1502 2093 demum
1531 2030 1756 2102 remissionem
1776 2029 1871 2093 nobis
1892 2030 1979 2105 fieri,
2008 2038 2047 2093 ut
2066 2030 2131 2112 ipsi
2158 2029 2249 2095 debi-

240 2120 316 2184 dam
335 2119 481 2201 qratiam,
503 2123 538 2180 ut
553 2136 610 2180 nos
631 2116 766 2195 spiritus
786 2117 839 2179 sui
855 2117 969 2179 virtute
989 2121 1114 2178 tueatur
1130 2115 1219 2180 Deus
1270 2116 1395 2179 toribus
1417 2115 1537 2179 nostris
1560 2115 1766 2194 remittimus,
1790 2114 1851 2179 hoe
1873 2120 1932 2191 est
1954 2133 1993 2179 ιιι
2014 2115 2157 2182 erunibus
2174 2139 2249 2199 pnr-

240 2209 270 2270 ot
296 2203 418 2268 nuntio
444 2205 611 2278 sustineat,
644 2206 678 2263 ut
704 2202 814 2265 invieti
841 2205 957 2265 stenius
982 2207 1089 2265 eontra
1115 2221 1219 2266 omnes
1271 2203 1374 2266 eimus
1402 2222 1440 2266 ne
1468 2201 1600 2265 veniam
1632 2199 1748 2265 damus
1777 2222 1796 2264 a
1829 2221 2022 2283 quoeunque
2053 2201 2122 2266 ullu
2149 2203 2187 2266 in
2214 2224 2250 2267 re

241 2292 428 2355 tornationes
449 2288 590 2353 Peoentu
605 2306 676 2350 uero
692 2286 802 2350 debite
817 2296 987 2368 nuneupnt
1002 2286 1090 2368 quod
1106 2308 1219 2351 eorum
1271 2287 1351 2351 lessi
1373 2308 1495 2364 sumus,
1519 2294 1577 2350 eut
1592 2287 1677 2350 laem
1696 2287 1807 2369 inique
1827 2287 1967 2363 trattati,
1991 2296 2049 2351 eut
2070 2287 2156 2353 dieto
2173 2310 2251 2354 oon·

242 2395 381 2458 poenm
415 2373 586 2447 debemus,
616 2393 676 2436 nee
703 2373 890 2436 sutisfaeere
924 2372 991 2436 ullo
1019 2371 1115 2435 modo
1144 2393 1218 2454 pes-
1272 2372 1442 2436 tumeliose
1464 2374 1595 2454 neeepti.
1640 2372 1717 2436 Non
1740 2371 1828 2454 quod
1849 2371 1959 2437 delieti
1987 2381 2084 2454 utique
2105 2375 2250 2441 offensae

242 2482 361 2539 semus,
385 2461 448 2524 nisi
472 2459 534 2523 bne
560 2458 751 2522 remissione
779 2458 983 2535 soloeremun·
1012 2479 1095 2539 quse
1123 2459 1220 2522 venie
1271 2458 1403 2541 eulpam
1431 2459 1596 2523 remittere
1623 2467 1773 2522 nostrum
1793 2459 1850 2536 sit,
1879 2458 1966 2539 quod
1993 2459 2093 2524 solius
2114 2461 2180 2525 Dei
2201 2468 2252 2527 est

242 2554 294 2613 est
315 2545 477 2629 gretiutne
504 2542 745 2609 miserirordiae
766 2544 850 2618 eius,
880 2564 982 2624 quum
1009 2544 1079 2626 ipse
1100 2543 1220 2608 libere·
1272 2543 1350 2628 (Ios.
1370 2549 1421 2621 43,
1441 2545 1513 2628 25);
1535 2565 1650 2608 verum
1672 2543 1753 2607 haee
1771 2551 1885 2607 nostru
1902 2552 1954 2608 est
1972 2545 2131 2623 remissio,
2154 2548 2248 2625 iram,

243 2632 319 2697 liter
341 2631 421 2695 hnee
442 2629 551 2696 debita
572 2630 747 2711 expungit,
771 2628 900 2692 nullum
923 2651 942 2693 a
963 2628 1057 2693 nobis
1077 2629 1219 2710 pretium
1272 2629 1398 2707 odium,
1427 2630 1592 2694 vindictae
1618 2630 1841 2712 oppetentium
1868 2651 1910 2694 ex
1939 2630 2049 2694 animo
2075 2631 2161 2696 ultro
2192 2631 2250 2696 de-

243 2717 419 2799 neeipiens3
437 2715 495 2781 sed
512 2737 573 2780 sua
587 2714 689 2797 ipsius
707 2713 1000 2779 miserieordiusibi
1018 2715 1220 2780 sntisfeoiens
1272 2736 1411 2798 ponere,
1445 2726 1479 2779 et
1504 2716 1699 2780 iniuriarum
1731 2715 1924 2780 memoriam
1955 2716 2139 2781 voluntaris
2165 2716 2250 2781 obli-

242 2805 278 2868 in
299 2801 435 2867 Obristo
457 2802 568 2885 (Rom.
589 2807 617 2878 3,
637 2800 703 2883 24),
725 2801 782 2882 qui
804 2801 905 2864 semel
927 2802 961 2864 in
983 2801 1220 2882 eompensetio-
1273 2803 1368 2866 sione
1396 2809 1572 2867 eonterere.
1618 2800 1840 2881 Quamobrem
1867 2809 2073 2883 poeoniorum
2099 2803 2249 2868 remissio

242 2910 319 2954 nem
339 2888 504 2969 seipsum
525 2886 669 2951 tradidit
706 2886 823 2968 Itaque
840 2886 982 2968 quisuis
1004 2894 1062 2950 eut
1082 2886 1220 2950 eliorum
1273 2908 1293 2950 u
1321 2886 1393 2951 Deo
1426 2887 1567 2970 petendu
1593 2908 1659 2952 non
1691 2894 1757 2963 est,
1790 2887 1854 2951 nisi
1887 2888 2028 2953 offensas
2058 2889 2159 2952 etism
2185 2889 2252 2971 ipsi

242 2973 371 3039 meritis
392 2973 465 3037 Deo
493 2973 646 3038 satisfieri
672 2971 852 3049 eonfidunt,
883 2971 998 3055 hisque
1026 2972 1220 3037 sutisfnetio-
1273 2982 1402 3037 nostrus
1430 2974 1580 3038 omnibus
1613 2974 1821 3037 remittemus
1848 2974 1904 3055 qui
1931 2972 2025 3038 nobis
2056 2975 2170 3038 iniurii
2197 2975 2252 3041 vel

242 3061 341 3125 nibus
373 3067 580 3139 poeoniorum
613 3058 838 3122 remissionem
866 3059 998 3140 pensari
1026 3079 1064 3122 ne
1092 3057 1219 3136 redimi,
1272 3066 1351 3122 sunt
1371 3060 1424 3123 vel
1451 3060 1592 3123 fuerunt
1638 3057 1677 3124 Si
1698 3078 1762 3140 qus
1789 3080 1868 3124 vero
1889 3057 1964 3124 odis
1990 3061 2108 3125 animis
2130 3063 2250 3127 retine-

243 3145 323 3209 huie
350 3145 512 3227 gratuitae
540 3143 768 3208 eundenutieni
796 3144 931 3207 minime
963 3143 1219 3222 eommuniennt;
1271 3165 1361 3222 mus,
1394 3145 1533 3209 ultiones
1559 3144 1772 3222 meditamur,
1804 3152 1839 3209 et
1864 3166 1930 3228 qun
1958 3166 2133 3212 nossemus
2159 3168 2250 3214 ouen·

244 3250 282 3296 ne
304 3229 384 3294 dum
400 3229 437 3292 in
454 3229 540 3294 hene
559 3230 697 3293 formum
715 3229 825 3292 Deum
845 3231 1007 3307 invoount,
1028 3228 1113 3292 nihil
1131 3228 1220 3293 aliud
1272 3230 1364 3295 siorm
1385 3232 1580 3314 eogitsmus;
1609 3231 1775 3295 imovero
1796 3232 1860 3296 nisi
1880 3251 1956 3297 eum
1977 3232 2120 3297 inimieis
2144 3232 2249 3298 redire

264 3336 343 3381 uum
369 3316 405 3378 in
433 3334 527 3378 susm
558 3315 799 3380 neeusutionem
828 3315 1053 3392 subseribunt,
1088 3315 1221 3396 aaaqu
1272 3316 1308 3380 in
1330 3316 1480 3399 gratim,
1503 3318 1653 3399 ipsosque
1679 3318 1770 3380 omni
1791 3317 1973 3382 offieiorum
1999 3338 2121 3400 genere
2141 3318 2249 3385 deme-

364 3400 489 3464 tionem
530 3401 705 3483 obsignant
743 3421 802 3465 suo
839 3402 986 3483 ipsorum
1024 3401 1218 3466 testimonio.
1272 3404 1337 3466 reri
1370 3403 1529 3485 nobisque
1567 3402 1740 3468 eonsilinre
1773 3404 1930 3480 nitimur,
1972 3402 2033 3468 bne
2067 3405 2249 3486 preentione

243 3486 408 3550 Ilntentur
434 3486 524 3550 enim
550 3507 585 3549 se
612 3484 787 3562 debitores,
816 3487 881 3551 nisi
901 3486 1101 3551 remissionis
1122 3486 1219 3552 bene-
1272 3488 1382 3551 Deum
1403 3488 1614 3566 obtestamur,
1645 3509 1687 3552 ne
1708 3498 1915 3570 peeomorum
1942 3489 2170 3555 remissionem
2191 3511 2249 3556 no-

243 3571 318 3637 fieio
349 3571 539 3648 solvuntur,
572 3591 672 3653 quum
704 3580 816 3636 tumui
847 3594 914 3638 non
945 3573 1128 3654 neeipiunt,
1163 3571 1219 3637 sed
1272 3574 1323 3638 bis
1348 3574 1455 3639 fnomt.
1505 3574 1676 3639 Posuimus
1703 3574 1792 3638 enim
1817 3583 1854 3639 ιιι
1885 3574 1980 3640 nobis
2005 3575 2120 3654 faeiat,
2175 3598 2249 3641 unm

322 3657 328 3670 '
375 3665 548 3739 respuunt,
580 3656 659 3720 dnm
685 3677 744 3721 sus
770 3659 887 3722 merite
915 3679 953 3724 ee
985 3658 1220 3724 sntisfnotiones
1273 3659 1346 3724 aliis
1366 3660 1513 3726 fneimus.
1558 3660 1631 3723 Hae
1653 3681 1731 3725 vem
1758 3668 1809 3724 est
1835 3669 1947 3744 petere
1968 3682 2011 3726 ne
2032 3663 2128 3727 nobis
2202 3663 2250 3725 int

243 3741 316 3808 Deo
343 3740 533 3807 obtrudunt
579 3740 637 3807 Sie
664 3744 752 3808 enim
780 3763 846 3808 non
875 3746 945 3809 eius
964 3744 1220 3809 miserioordinm
1272 3746 1337 3810 nisi
1357 3746 1421 3828 ipsi
1447 3748 1592 3811 lenimus.
1637 3744 1705 3825 Qui
1732 3766 1810 3829 ergo
1838 3746 2025 3812 huiusmodi
2054 3758 2145 3825 sunt,
2171 3747 2250 3830 quid

242 3827 433 3911 implerunt,
467 3827 525 3893 sed
554 3827 709 3892 iudioium
742 3830 917 3912 appellunt
971 3831 1033 3909 Qui
1060 3849 1130 3894 vero
1159 3829 1221 3894 sibi
1272 3842 1517 3914 eonsequuntur
1544 3853 1604 3895 sun
1631 3831 1787 3914 petitione
1813 3833 1877 3897 nisi
1907 3834 2042 3916 gravius
2069 3832 2249 3898 iuditium?

239 3915 458 3997 personum
477 3915 635 3979 somniant
655 3935 734 3995 quae
759 3917 865 3980 umiae
880 3915 1032 3996 petendae
1057 3917 1220 3980 mustea
1271 3917 1442 3982 Postremo
1470 3915 1711 3982 observandum
1739 3926 1802 3995 est,
1832 3939 1900 3982 non
1922 3919 2009 3984 bene
2029 3918 2248 3983 uenditionem

244 4005 303 4064 us
328 3999 425 4078 tollat,
458 4000 629 4080 discipulos
654 4000 786 4065 babeant
811 4021 888 4080 quos
919 4002 1048 4064 numum
1069 4002 1221 4079 pueritiis
1272 4001 1346 4067 ideo
1379 4003 1495 4080 adiici,
1535 4012 1572 4067 ut
1602 4004 1749 4067 remittat
1781 4002 1893 4081 nobis,
1933 4006 2017 4071 siout
2047 4001 2249 4069 debitoribus

243 4085 288 4150 nd
307 4084 456 4165 taiknai
481 4086 628 4166 impellit:
655 4086 744 4151 modo
769 4092 887 4168 erepton
912 4106 978 4150 esse
1001 4085 1124 4151 Obristo
1151 4107 1220 4150 eon·
1271 4089 1393 4153 nostris
1420 4090 1636 4165 remittimus,
1670 4097 1843 4172 propterea
1875 4089 1963 4172 quod
1990 4098 2117 4168 nostre,
2149 4112 2251 4172 quem

242 4174 301 4235 etet
320 4189 515 4252 mesenque
535 4172 596 4236 sibi
617 4173 793 4253 aequirunt.
831 4172 962 4253 Quando
982 4191 1087 4242 nones
1107 4171 1160 4237 ille
1177 4174 1220 4237 od
1273 4174 1366 4257 alin)
1397 4175 1549 4253 faeimus,
1580 4174 1784 4252 remissione,
1818 4177 1889 4241 eius
1922 4176 2147 4242 remissionom
2178 4197 2249 4241 me·

241 4255 403 4338 fumun
421 4261 542 4321 unum
563 4257 730 4321 instituens
750 4258 855 4322 suns
876 4258 1011 4322 admitti
1030 4257 1096 4321 nisi
1111 4277 1220 4337 peeca-
1272 4279 1420 4338 renmur,
1447 4281 1485 4325 ae
1504 4262 1534 4324 si
1554 4265 1660 4326 notata
1681 4267 1759 4326 esset
1778 4282 1891 4341 eousa;
1920 4283 2038 4327 rernm
2066 4263 2128 4327 hoe
2148 4262 2249 4327 verbo

242 4346 338 4420 tores,·
370 4361 432 4406 uon
456 4341 540 4424 quod
570 4342 734 4407 blandmis
758 4343 861 4424 foueat
887 4348 1028 4425 putato,
1061 4344 1115 4409 sed
1142 4345 1219 4425 quia
1271 4345 1370 4410 soleri
1391 4348 1512 4428 purtim
1533 4347 1638 4412 volunt
1659 4346 1821 4413 Dominus
1846 4347 1924 4412 fidei
1950 4356 2083 4414 nostrie
2103 4347 2247 4413 imbeeil·

241 4426 350 4509 fideles
369 4448 532 4510 ruinquam
546 4428 645 4508 plane
672 4430 745 4492 erui
765 4429 873 4493 cantis
893 4449 970 4493 sisae
988 4429 1078 4493 uitiis
1097 4429 1219 4509 suebat,
1271 4430 1406 4496 litatem.
1451 4431 1588 4498 Addidit
1619 4433 1708 4496 enim
1735 4433 1796 4498 hoe
1823 4441 1981 4517 tunquam
2007 4435 2155 4519 signnm,
2183 4455 2248 4517 quo

243 4514 321 4595 quin
341 4534 462 4595 semper
481 4518 628 4579 maneant
649 4512 715 4578 Dei
733 4513 851 4578 iudicio
870 4513 1003 4579 obnoxii.
1040 4513 1220 4595 &tandum
1271 4519 1502 4583 eonfirmemur
1522 4526 1593 4584 tem
1613 4528 1703 4585 eerto
1724 4519 1964 4585 nobistantum
1985 4541 2005 4584 s
2026 4541 2062 4585 se
2084 4521 2247 4587 remissie-

242 4599 367 4682 quidem
388 4605 440 4679 est,
461 4605 555 4681 atque
571 4600 666 4663 etiarn
682 4599 773 4664 enixe
793 4599 1005 4678 labmundum,
1026 4605 1062 4664 ut
1077 4601 1221 4666 omnibus
1271 4623 1348 4667 nem
1376 4613 1598 4687 poemorum,
1631 4626 1730 4688 quum
1760 4613 1849 4672 eerto
1877 4607 1998 4672 eonseii
2025 4628 2141 4672 sumus
2172 4605 2247 4670 eliis

243 4684 341 4766 otiien
360 4686 461 4751 muri
481 4685 621 4751 numeris
641 4684 787 4766 Mureti,
807 4705 877 4750 vere
898 4686 986 4766 apud
1006 4685 1113 4752 Deum
1132 4687 1221 4753 nobie
1271 4708 1345 4753 enm
1362 4711 1382 4754 s
1398 4691 1492 4756 nobis
1508 4691 1594 4770 fieri;
1616 4693 1644 4758 si
1666 4700 1777 4757 tamen
1797 4693 1927 4757 enimus
1944 4690 2039 4757 nobis
2056 4692 2146 4757 omni
2162 4690 2245 4769 odio,

240 4771 439 4854 pratum
458 4791 515 4836 uos
535 4791 600 4837 esse
615 4790 717 4851 puros
737 4770 778 4835 ab
799 4773 884 4836 anni
903 4771 1045 4850 maeula;
1065 4773 1119 4837 sed
1141 4774 1220 4854 quia
1271 4773 1383 4852 livore,
1406 4776 1559 4853 vindietn,
1580 4799 1703 4845 vneuus
1720 4787 1945 4862 purgatusque
1963 4787 2026 4858 est;
2043 4779 2166 4859 partin
2184 4777 2248 4842 hee

243 4854 313 4921 Deo
335 4856 439 4935 praee
459 4857 622 4936 munim
641 4877 734 4921 uiam
759 4858 796 4920 in
822 4856 912 4922 nobis
937 4857 1105 4940 imaginem
1125 4857 1218 4938 refir·
1271 4860 1374 4925 veluti
1400 4872 1496 4943 nota,
1530 4884 1549 4927 e
1575 4864 1720 4929 filiorum
1748 4884 1885 4928 numere
1912 4864 2087 4948 expungit,
2122 4864 2178 4948 qui
2205 4862 2248 4928 ud

241 4942 688 5023 pneumatique
718 4943 1220 5026 mutaqionisinoarruuootra

244 5024 392 5104 residmt,
419 5027 590 5093 remedium
614 5028 743 5093 minime
767 5027 982 5112 neptiqmdnm
1006 5027 1079 5109 fuit.
1130 5029 1219 5112 Quod
1418 5084 1423 5094 .
1471 5081 1483 5094 .

244 5106 1219 5194 siObristiuproautoritatesibiapatredataiubetnos
1267 5166 1326 5218 Μ
1529 5152 1534 5164 ·

243 5196 1218 5284 murmurmurmuudeprmu'ouurmfuoere,
1268 5216 1397 5273 oa1seo
1522 5221 1612 5272 ·.
