<?xml version="1.0" encoding="UTF-8"?>
<!DOCTYPE html PUBLIC "-//W3C//DTD XHTML 1.0 Transitional//EN"
    "http://www.w3.org/TR/xhtml1/DTD/xhtml1-transitional.dtd">
<html xmlns="http://www.w3.org/1999/xhtml" xml:lang="en" lang="en">
 <head>
  <title>
</title>
<meta http-equiv="Content-Type" content="text/html;charset=utf-8" />
  <meta name='ocr-system' content='tesseract 3.04.00' />
  <meta name='ocr-capabilities' content='ocr_page ocr_carea ocr_par ocr_line ocrx_word'/>
</head>
<body>
  <div class='ocr_page' id='page_1' title='image "./ioanniscalvinii00cunigoog_0234.png"; bbox 0 0 4672 5842; ppageno 0'>
   <div class='ocr_carea' id='block_1_1' title="bbox 131 286 2139 383">
    <p class='ocr_par' dir='ltr' id='par_1_1' title="bbox 131 267 2139 383">
     <span class='ocr_line' id='line_1_1' title="bbox 131 286 2139 383; baseline 0.004 -8"><span class='ocrx_word' id='word_1_1' title='bbox 131 316 196 377; x_wconf 74' lang='lat' dir='ltr'>ns</span> <span class='ocrx_word' id='word_1_2' title='bbox 388 312 478 376; x_wconf 85' lang='lat' dir='ltr'>um.</span> <span class='ocrx_word' id='word_1_3' title='bbox 501 312 565 376; x_wconf 87' lang='lat' dir='ltr'>rn.</span> <span class='ocrx_word' id='word_1_4' title='bbox 608 312 673 377; x_wconf 84' lang='lat' dir='ltr'>aa</span> <span class='ocrx_word' id='word_1_5' title='bbox 695 310 831 377; x_wconf 87' lang='lat' dir='ltr'>nouo</span> <span class='ocrx_word' id='word_1_6' title='bbox 851 286 1199 379; x_wconf 76' lang='lat' dir='ltr'>ranarimrmsn</span> <span class='ocrx_word' id='word_1_7' title='bbox 1222 311 1413 379; x_wconf 82' lang='lat' dir='ltr'>cnarsur</span> <span class='ocrx_word' id='word_1_8' title='bbox 1435 314 1653 380; x_wconf 78' lang='lat' dir='ltr'>ananan.</span> <span class='ocrx_word' id='word_1_9' title='bbox 1698 316 1797 382; x_wconf 77' lang='lat' dir='ltr'>cnr.</span> <span class='ocrx_word' id='word_1_10' title='bbox 1820 317 1884 381; x_wconf 87' lang='lat' dir='ltr'>ur.</span> <span class='ocrx_word' id='word_1_11' title='bbox 2077 306 2139 383; x_wconf 74' lang='lat' dir='ltr'>les</span> 
     </span>
    </p>
   </div>
   <div class='ocr_carea' id='block_1_2' title="bbox 123 499 2141 4108">
    <p class='ocr_par' dir='ltr' id='par_1_2' title="bbox 133 499 2141 765">
     <span class='ocr_line' id='line_1_2' title="bbox 133 499 2141 587; baseline 0.001 -21"><span class='ocrx_word' id='word_1_12' title='bbox 133 509 229 567; x_wconf 89' lang='lat' dir='ltr'>retur</span> <span class='ocrx_word' id='word_1_13' title='bbox 251 499 284 586; x_wconf 89' lang='grc'>(2</span> <span class='ocrx_word' id='word_1_14' title='bbox 305 501 379 566; x_wconf 79' lang='lat' dir='ltr'>Cor.</span> <span class='ocrx_word' id='word_1_15' title='bbox 403 505 450 580; x_wconf 85' lang='lat'>12,</span> <span class='ocrx_word' id='word_1_16' title='bbox 471 500 520 586; x_wconf 82' lang='lat'>7);</span> <span class='ocrx_word' id='word_1_17' title='bbox 548 503 656 584; x_wconf 89' lang='lat' dir='ltr'>etqui</span> <span class='ocrx_word' id='word_1_18' title='bbox 679 501 769 564; x_wconf 90' lang='lat' dir='ltr'>illam</span> <span class='ocrx_word' id='word_1_19' title='bbox 790 503 898 567; x_wconf 89' lang='lat' dir='ltr'>earnis</span> <span class='ocrx_word' id='word_1_20' title='bbox 921 509 955 565; x_wconf 91' lang='lat' dir='ltr'>et</span> <span class='ocrx_word' id='word_1_21' title='bbox 976 501 1109 584; x_wconf 88' lang='lat' dir='ltr'>spiritus</span> <span class='ocrx_word' id='word_1_22' title='bbox 1163 511 1272 584; x_wconf 88' lang='lat' dir='ltr'>potest</span> <span class='ocrx_word' id='word_1_23' title='bbox 1300 504 1379 585; x_wconf 93' lang='lat' dir='ltr'>quin</span> <span class='ocrx_word' id='word_1_24' title='bbox 1411 504 1520 566; x_wconf 85' lang='lat' dir='ltr'>anima</span> <span class='ocrx_word' id='word_1_25' title='bbox 1549 501 1650 568; x_wconf 84' lang='lat' dir='ltr'>divini</span> <span class='ocrx_word' id='word_1_26' title='bbox 1677 505 1790 569; x_wconf 89' lang='lat' dir='ltr'>iudicii</span> <span class='ocrx_word' id='word_1_27' title='bbox 1818 505 1953 571; x_wconf 90' lang='lat' dir='ltr'>horrore</span> <span class='ocrx_word' id='word_1_28' title='bbox 1980 506 2141 587; x_wconf 86' lang='lat' dir='ltr'>perculsa,</span> 
     </span>
     <span class='ocr_line' id='line_1_3' title="bbox 133 587 2140 674; baseline 0.002 -22"><span class='ocrx_word' id='word_1_29' title='bbox 133 588 326 652; x_wconf 87' lang='lat' dir='ltr'>divisionem</span> <span class='ocrx_word' id='word_1_30' title='bbox 360 588 396 651; x_wconf 94' lang='lat' dir='ltr'>in</span> <span class='ocrx_word' id='word_1_31' title='bbox 429 609 489 652; x_wconf 91' lang='lat' dir='ltr'>sua</span> <span class='ocrx_word' id='word_1_32' title='bbox 521 608 619 653; x_wconf 87' lang='lat' dir='ltr'>carne</span> <span class='ocrx_word' id='word_1_33' title='bbox 648 607 716 650; x_wconf 92' lang='lat' dir='ltr'>non</span> <span class='ocrx_word' id='word_1_34' title='bbox 742 589 816 653; x_wconf 88' lang='lat' dir='ltr'>fiete</span> <span class='ocrx_word' id='word_1_35' title='bbox 845 587 1111 670; x_wconf 67' lang='lat' dir='ltr'><strong>repraesentabat</strong></span> <span class='ocrx_word' id='word_1_36' title='bbox 1162 600 1272 669; x_wconf 88' lang='lat' dir='ltr'>partes</span> <span class='ocrx_word' id='word_1_37' title='bbox 1306 589 1440 653; x_wconf 91' lang='lat' dir='ltr'>ultionis</span> <span class='ocrx_word' id='word_1_38' title='bbox 1473 591 1506 652; x_wconf 94' lang='lat' dir='ltr'>in</span> <span class='ocrx_word' id='word_1_39' title='bbox 1540 590 1700 672; x_wconf 83' lang='lat' dir='ltr'>exigenda</span> <span class='ocrx_word' id='word_1_40' title='bbox 1729 590 1769 654; x_wconf 92' lang='lat' dir='ltr'>de</span> <span class='ocrx_word' id='word_1_41' title='bbox 1796 613 1830 655; x_wconf 90' lang='lat' dir='ltr'>se</span> <span class='ocrx_word' id='word_1_42' title='bbox 1858 612 1965 673; x_wconf 90' lang='lat' dir='ltr'>poena</span> <span class='ocrx_word' id='word_1_43' title='bbox 1997 598 2140 674; x_wconf 79' lang='lat' dir='ltr'>occupet</span> 
     </span>
     <span class='ocr_line' id='line_1_4' title="bbox 134 673 2141 765; baseline 0.002 -27"><span class='ocrx_word' id='word_1_44' title='bbox 134 674 246 754; x_wconf 82' lang='lat' dir='ltr'>(Rom.</span> <span class='ocrx_word' id='word_1_45' title='bbox 267 678 295 751; x_wconf 85' lang='lat'>7,</span> <span class='ocrx_word' id='word_1_46' title='bbox 316 678 333 735; x_wconf 85' lang='grc'>7</span> <span class='ocrx_word' id='word_1_47' title='bbox 353 675 465 754; x_wconf 86' lang='lat' dir='ltr'>seqq).</span> <span class='ocrx_word' id='word_1_48' title='bbox 661 750 667 765; x_wconf 26' lang='grc' dir='ltr'>ν</span> <span class='ocrx_word' id='word_1_49' title='bbox 1164 673 1321 739; x_wconf 83' lang='lat' dir='ltr'>Sentinnt</span> <span class='ocrx_word' id='word_1_50' title='bbox 1349 696 1427 738; x_wconf 88' lang='lat' dir='ltr'>sane</span> <span class='ocrx_word' id='word_1_51' title='bbox 1454 675 1501 756; x_wconf 90' lang='lat' dir='ltr'>pii</span> <span class='ocrx_word' id='word_1_52' title='bbox 1529 676 1641 757; x_wconf 86' lang='lat' dir='ltr'>qualos</span> <span class='ocrx_word' id='word_1_53' title='bbox 1666 698 1789 757; x_wconf 90' lang='lat' dir='ltr'>poenae</span> <span class='ocrx_word' id='word_1_54' title='bbox 1819 678 1887 740; x_wconf 92' lang='lat' dir='ltr'>siut</span> <span class='ocrx_word' id='word_1_55' title='bbox 1914 677 2033 760; x_wconf 89' lang='lat' dir='ltr'>pudor,</span> <span class='ocrx_word' id='word_1_56' title='bbox 2063 700 2141 742; x_wconf 90' lang='lat' dir='ltr'>con·</span> 
     </span>
    </p>

    <p class='ocr_par' dir='ltr' id='par_1_3' title="bbox 123 758 2141 4108">
     <span class='ocr_line' id='line_1_5' title="bbox 224 758 2139 845; baseline 0.002 -23"><span class='ocrx_word' id='word_1_57' title='bbox 224 764 270 822; x_wconf 81' lang='lat'>15.</span> <span class='ocrx_word' id='word_1_58' title='bbox 287 758 310 843; x_wconf 85' lang='lat'>¹)</span> <span class='ocrx_word' id='word_1_59' title='bbox 356 758 455 838; x_wconf 75' lang='lat' dir='ltr'>Quod</span> <span class='ocrx_word' id='word_1_60' title='bbox 487 772 596 823; x_wconf 88' lang='lat' dir='ltr'>autem</span> <span class='ocrx_word' id='word_1_61' title='bbox 632 761 799 840; x_wconf 88' lang='lat' dir='ltr'>apostolus</span> <span class='ocrx_word' id='word_1_62' title='bbox 831 761 865 823; x_wconf 92' lang='lat' dir='ltr'>in</span> <span class='ocrx_word' id='word_1_63' title='bbox 894 759 1110 840; x_wconf 77' lang='lat' dir='ltr'><strong>descriptione</strong></span> <span class='ocrx_word' id='word_1_64' title='bbox 1164 761 1261 834; x_wconf 86' lang='lat' dir='ltr'>fusio,</span> <span class='ocrx_word' id='word_1_65' title='bbox 1291 762 1446 843; x_wconf 83' lang='lat' dir='ltr'>gemitus,</span> <span class='ocrx_word' id='word_1_66' title='bbox 1482 760 1683 842; x_wconf 73' lang='lat' dir='ltr'>displicentia</span> <span class='ocrx_word' id='word_1_67' title='bbox 1711 764 1776 840; x_wconf 91' lang='lat' dir='ltr'>sni,</span> <span class='ocrx_word' id='word_1_68' title='bbox 1805 771 1838 827; x_wconf 91' lang='lat' dir='ltr'>et</span> <span class='ocrx_word' id='word_1_69' title='bbox 1855 763 1971 845; x_wconf 81' lang='lat' dir='ltr'>reliqui</span> <span class='ocrx_word' id='word_1_70' title='bbox 1994 764 2139 842; x_wconf 84' lang='lat' dir='ltr'>affectus,</span> 
     </span>
     <span class='ocr_line' id='line_1_6' title="bbox 131 845 2139 932; baseline 0.002 -23"><span class='ocrx_word' id='word_1_71' title='bbox 131 845 352 927; x_wconf 88' lang='lat' dir='ltr'>poenitentiae</span> <span class='ocrx_word' id='word_1_72' title='bbox 373 851 487 926; x_wconf 69' lang='lat' dir='ltr'>saitem</span> <span class='ocrx_word' id='word_1_73' title='bbox 508 846 579 908; x_wconf 93' lang='lat' dir='ltr'>eius</span> <span class='ocrx_word' id='word_1_74' title='bbox 602 845 654 909; x_wconf 85' lang='lat' dir='ltr'>vel</span> <span class='ocrx_word' id='word_1_75' title='bbox 672 866 796 922; x_wconf 88' lang='lat' dir='ltr'>causas,</span> <span class='ocrx_word' id='word_1_76' title='bbox 819 845 872 910; x_wconf 88' lang='lat' dir='ltr'>vel</span> <span class='ocrx_word' id='word_1_77' title='bbox 890 847 1034 922; x_wconf 88' lang='lat' dir='ltr'>effeetus,</span> <span class='ocrx_word' id='word_1_78' title='bbox 1058 845 1110 909; x_wconf 90' lang='lat' dir='ltr'>vel</span> <span class='ocrx_word' id='word_1_79' title='bbox 1164 847 1218 928; x_wconf 92' lang='lat' dir='ltr'>qui</span> <span class='ocrx_word' id='word_1_80' title='bbox 1259 868 1299 910; x_wconf 79' lang='lat' dir='ltr'>ex</span> <span class='ocrx_word' id='word_1_81' title='bbox 1340 848 1425 910; x_wconf 88' lang='lat' dir='ltr'>seria</span> <span class='ocrx_word' id='word_1_82' title='bbox 1463 845 1657 911; x_wconf 80' lang='lat' dir='ltr'>delictorum</span> <span class='ocrx_word' id='word_1_83' title='bbox 1695 849 1917 932; x_wconf 69' lang='lat' dir='ltr'>recognitione</span> <span class='ocrx_word' id='word_1_84' title='bbox 1950 858 2139 913; x_wconf 77' lang='lat' dir='ltr'>nascuntur.</span> 
     </span>
     <span class='ocr_line' id='line_1_7' title="bbox 133 929 2141 1014; baseline 0.002 -19"><span class='ocrx_word' id='word_1_85' title='bbox 133 941 244 1014; x_wconf 85' lang='lat' dir='ltr'>partes</span> <span class='ocrx_word' id='word_1_86' title='bbox 261 940 440 1005; x_wconf 79' lang='lat' dir='ltr'>enumerat,</span> <span class='ocrx_word' id='word_1_87' title='bbox 464 930 497 993; x_wconf 89' lang='lat' dir='ltr'>id</span> <span class='ocrx_word' id='word_1_88' title='bbox 519 931 644 1013; x_wconf 88' lang='lat' dir='ltr'>optima</span> <span class='ocrx_word' id='word_1_89' title='bbox 665 953 763 995; x_wconf 74' lang='lat' dir='ltr'>cerusa</span> <span class='ocrx_word' id='word_1_90' title='bbox 781 932 865 997; x_wconf 79' lang='lat' dir='ltr'>t‘acit.</span> <span class='ocrx_word' id='word_1_91' title='bbox 896 929 983 996; x_wconf 80' lang='lat' dir='ltr'>Sunt</span> <span class='ocrx_word' id='word_1_92' title='bbox 1001 939 1111 995; x_wconf 89' lang='lat' dir='ltr'>autem</span> <span class='ocrx_word' id='word_1_93' title='bbox 1164 933 1402 996; x_wconf 76' lang='lat' dir='ltr'>Meminerimus</span> <span class='ocrx_word' id='word_1_94' title='bbox 1434 937 1535 996; x_wconf 82' lang='lat' dir='ltr'>turrem</span> <span class='ocrx_word' id='word_1_95' title='bbox 1563 934 1687 996; x_wconf 79' lang='lat' dir='ltr'>nauum</span> <span class='ocrx_word' id='word_1_96' title='bbox 1715 955 1780 998; x_wconf 84' lang='lat' dir='ltr'>esse</span> <span class='ocrx_word' id='word_1_97' title='bbox 1806 935 1982 1012; x_wconf 84' lang='lat' dir='ltr'>tenendum,</span> <span class='ocrx_word' id='word_1_98' title='bbox 2020 957 2058 998; x_wconf 89' lang='lat' dir='ltr'>ne</span> <span class='ocrx_word' id='word_1_99' title='bbox 2086 935 2141 999; x_wconf 71' lang='lat' dir='ltr'>tre</span> 
     </span>
     <span class='ocr_line' id='line_1_8' title="bbox 133 1017 2140 1103; baseline 0.002 -22"><span class='ocrx_word' id='word_1_100' title='bbox 133 1017 279 1082; x_wconf 89' lang='lat' dir='ltr'>studium</span> <span class='ocrx_word' id='word_1_101' title='bbox 302 1026 359 1081; x_wconf 81' lang='lat' dir='ltr'>arrt</span> <span class='ocrx_word' id='word_1_102' title='bbox 376 1017 566 1093; x_wconf 88' lang='lat' dir='ltr'>sollicitudo,</span> <span class='ocrx_word' id='word_1_103' title='bbox 590 1018 766 1089; x_wconf 83' lang='lat' dir='ltr'>excusatio,</span> <span class='ocrx_word' id='word_1_104' title='bbox 789 1018 980 1100; x_wconf 84' lang='lat' dir='ltr'>indignatio,</span> <span class='ocrx_word' id='word_1_105' title='bbox 1002 1019 1110 1095; x_wconf 90' lang='lat' dir='ltr'>timor,</span> <span class='ocrx_word' id='word_1_106' title='bbox 1162 1020 1249 1083; x_wconf 81' lang='lat' dir='ltr'>stitia</span> <span class='ocrx_word' id='word_1_107' title='bbox 1270 1039 1327 1082; x_wconf 80' lang='lat' dir='ltr'>reos</span> <span class='ocrx_word' id='word_1_108' title='bbox 1347 1018 1521 1082; x_wconf 85' lang='lat' dir='ltr'>absorbeat:</span> <span class='ocrx_word' id='word_1_109' title='bbox 1544 1019 1619 1098; x_wconf 79' lang='lat' dir='ltr'>quia</span> <span class='ocrx_word' id='word_1_110' title='bbox 1640 1019 1720 1082; x_wconf 78' lang='lat' dir='ltr'>reilrit</span> <span class='ocrx_word' id='word_1_111' title='bbox 1742 1022 1842 1103; x_wconf 81' lang='lat' dir='ltr'>inopis</span> <span class='ocrx_word' id='word_1_112' title='bbox 1859 1022 1998 1101; x_wconf 84' lang='lat' dir='ltr'>practice</span> <span class='ocrx_word' id='word_1_113' title='bbox 2018 1026 2061 1084; x_wconf 90' lang='lat' dir='ltr'>est</span> <span class='ocrx_word' id='word_1_114' title='bbox 2081 1027 2140 1085; x_wconf 87' lang='lat' dir='ltr'>tre-</span> 
     </span>
     <span class='ocr_line' id='line_1_9' title="bbox 132 1100 2140 1186; baseline 0.001 -18"><span class='ocrx_word' id='word_1_115' title='bbox 132 1102 346 1181; x_wconf 87' lang='lat' dir='ltr'>desiderinm,</span> <span class='ocrx_word' id='word_1_116' title='bbox 376 1104 480 1179; x_wconf 87' lang='lat' dir='ltr'>zelus,</span> <span class='ocrx_word' id='word_1_117' title='bbox 510 1100 941 1186; x_wconf 76' lang='lat' dir='ltr'>vindiaa(2001·.7,11).</span> <span class='ocrx_word' id='word_1_118' title='bbox 997 1104 1111 1184; x_wconf 85' lang='lat' dir='ltr'>Neque</span> <span class='ocrx_word' id='word_1_119' title='bbox 1157 1106 1248 1185; x_wconf 87' lang='lat' dir='ltr'>pidis</span> <span class='ocrx_word' id='word_1_120' title='bbox 1276 1105 1466 1167; x_wconf 77' lang='lat' dir='ltr'>conscientiis</span> <span class='ocrx_word' id='word_1_121' title='bbox 1493 1125 1588 1185; x_wconf 84' lang='lat' dir='ltr'>quarn</span> <span class='ocrx_word' id='word_1_122' title='bbox 1617 1105 1650 1166; x_wconf 88' lang='lat' dir='ltr'>in</span> <span class='ocrx_word' id='word_1_123' title='bbox 1678 1105 1921 1186; x_wconf 86' lang='lat' dir='ltr'>desperationem</span> <span class='ocrx_word' id='word_1_124' title='bbox 1948 1108 2051 1169; x_wconf 69' lang='lat' dir='ltr'>resilio.</span> <span class='ocrx_word' id='word_1_125' title='bbox 2096 1105 2140 1171; x_wconf 84' lang='lat' dir='ltr'>Et</span> 
     </span>
     <span class='ocr_line' id='line_1_10' title="bbox 130 1188 2139 1272; baseline 0.002 -20"><span class='ocrx_word' id='word_1_126' title='bbox 130 1188 310 1254; x_wconf 90' lang='lat' dir='ltr'>absurdum</span> <span class='ocrx_word' id='word_1_127' title='bbox 340 1189 444 1254; x_wconf 85' lang='lat' dir='ltr'>videri</span> <span class='ocrx_word' id='word_1_128' title='bbox 478 1188 588 1264; x_wconf 88' lang='lat' dir='ltr'>debet,</span> <span class='ocrx_word' id='word_1_129' title='bbox 621 1189 707 1269; x_wconf 93' lang='lat' dir='ltr'>quod</span> <span class='ocrx_word' id='word_1_130' title='bbox 735 1198 879 1254; x_wconf 89' lang='lat' dir='ltr'>statuere</span> <span class='ocrx_word' id='word_1_131' title='bbox 912 1211 978 1253; x_wconf 91' lang='lat' dir='ltr'>non</span> <span class='ocrx_word' id='word_1_132' title='bbox 1008 1189 1110 1253; x_wconf 85' lang='lat' dir='ltr'>audeo</span> <span class='ocrx_word' id='word_1_133' title='bbox 1161 1191 1215 1254; x_wconf 76' lang='lat' dir='ltr'>troc</span> <span class='ocrx_word' id='word_1_134' title='bbox 1237 1211 1356 1272; x_wconf 69' lang='lat' dir='ltr'>quoquae</span> <span class='ocrx_word' id='word_1_135' title='bbox 1377 1190 1522 1268; x_wconf 70' lang='lat' dir='ltr'>artifieio</span> <span class='ocrx_word' id='word_1_136' title='bbox 1538 1195 1629 1252; x_wconf 89' lang='lat' dir='ltr'>satan</span> <span class='ocrx_word' id='word_1_137' title='bbox 1652 1211 1844 1272; x_wconf 77' lang='lat' dir='ltr'>quoscunque</span> <span class='ocrx_word' id='word_1_138' title='bbox 1870 1193 1952 1257; x_wconf 52' lang='lat' dir='ltr'>‘uidet</span> <span class='ocrx_word' id='word_1_139' title='bbox 1973 1198 2054 1256; x_wconf 90' lang='lat' dir='ltr'>metu</span> <span class='ocrx_word' id='word_1_140' title='bbox 2075 1192 2139 1257; x_wconf 91' lang='lat' dir='ltr'>Dei</span> 
     </span>
     <span class='ocr_line' id='line_1_11' title="bbox 129 1274 2139 1360; baseline 0 -19"><span class='ocrx_word' id='word_1_141' title='bbox 129 1296 290 1341; x_wconf 86' lang='lat' dir='ltr'>causaene</span> <span class='ocrx_word' id='word_1_142' title='bbox 332 1298 373 1340; x_wconf 87' lang='lat' dir='ltr'>an</span> <span class='ocrx_word' id='word_1_143' title='bbox 407 1276 542 1339; x_wconf 78' lang='lat' dir='ltr'>eftectus</span> <span class='ocrx_word' id='word_1_144' title='bbox 584 1277 709 1338; x_wconf 89' lang='lat' dir='ltr'>censeri</span> <span class='ocrx_word' id='word_1_145' title='bbox 743 1274 896 1351; x_wconf 90' lang='lat' dir='ltr'>debeant;</span> <span class='ocrx_word' id='word_1_146' title='bbox 935 1283 1110 1355; x_wconf 89' lang='lat' dir='ltr'>utrumque</span> <span class='ocrx_word' id='word_1_147' title='bbox 1157 1281 1340 1356; x_wconf 81' lang='lat' dir='ltr'>prostratos,</span> <span class='ocrx_word' id='word_1_148' title='bbox 1364 1277 1397 1338; x_wconf 88' lang='lat' dir='ltr'>in</span> <span class='ocrx_word' id='word_1_149' title='bbox 1413 1276 1608 1357; x_wconf 72' lang='lat' dir='ltr'>protundum</span> <span class='ocrx_word' id='word_1_150' title='bbox 1625 1276 1716 1340; x_wconf 52' lang='lat' dir='ltr'>‘ittrem</span> <span class='ocrx_word' id='word_1_151' title='bbox 1740 1279 1887 1340; x_wconf 84' lang='lat' dir='ltr'>nme-roris</span> <span class='ocrx_word' id='word_1_152' title='bbox 1902 1280 2057 1360; x_wconf 80' lang='lat' dir='ltr'>purpitem</span> <span class='ocrx_word' id='word_1_153' title='bbox 2073 1299 2139 1342; x_wconf 78' lang='lat' dir='ltr'>ma</span> 
     </span>
     <span class='ocr_line' id='line_1_12' title="bbox 129 1361 2140 1446; baseline 0.001 -21"><span class='ocrx_word' id='word_1_154' title='bbox 129 1362 219 1425; x_wconf 92' lang='lat' dir='ltr'>enim</span> <span class='ocrx_word' id='word_1_155' title='bbox 241 1361 400 1442; x_wconf 90' lang='lat' dir='ltr'>disputari</span> <span class='ocrx_word' id='word_1_156' title='bbox 428 1369 542 1443; x_wconf 87' lang='lat' dir='ltr'>potest.</span> <span class='ocrx_word' id='word_1_157' title='bbox 587 1361 731 1425; x_wconf 77' lang='lat' dir='ltr'>Possunt</span> <span class='ocrx_word' id='word_1_158' title='bbox 759 1363 846 1425; x_wconf 85' lang='lat' dir='ltr'>eninr</span> <span class='ocrx_word' id='word_1_159' title='bbox 875 1362 985 1425; x_wconf 89' lang='lat' dir='ltr'>vocari</span> <span class='ocrx_word' id='word_1_160' title='bbox 1013 1361 1109 1425; x_wconf 83' lang='lat' dir='ltr'>affcc-</span> <span class='ocrx_word' id='word_1_161' title='bbox 1159 1364 1210 1444; x_wconf 82' lang='lat' dir='ltr'>pis</span> <span class='ocrx_word' id='word_1_162' title='bbox 1238 1385 1274 1426; x_wconf 92' lang='lat' dir='ltr'>ae</span> <span class='ocrx_word' id='word_1_163' title='bbox 1300 1363 1402 1443; x_wconf 82' lang='lat' dir='ltr'>mapis</span> <span class='ocrx_word' id='word_1_164' title='bbox 1426 1363 1584 1442; x_wconf 64' lang='lat' dir='ltr'>(toruo-pu,</span> <span class='ocrx_word' id='word_1_165' title='bbox 1614 1384 1651 1425; x_wconf 90' lang='lat' dir='ltr'>ne</span> <span class='ocrx_word' id='word_1_166' title='bbox 1677 1383 1816 1442; x_wconf 74' lang='lat' dir='ltr'>utiquam</span> <span class='ocrx_word' id='word_1_167' title='bbox 1845 1369 2021 1446; x_wconf 70' lang='lat' dir='ltr'>assurgant.</span> <span class='ocrx_word' id='word_1_168' title='bbox 2067 1363 2140 1428; x_wconf 87' lang='lat' dir='ltr'>Non</span> 
     </span>
     <span class='ocr_line' id='line_1_13' title="bbox 130 1445 2139 1530; baseline 0.002 -20"><span class='ocrx_word' id='word_1_169' title='bbox 130 1447 235 1511; x_wconf 91' lang='lat' dir='ltr'>tiones</span> <span class='ocrx_word' id='word_1_170' title='bbox 257 1469 330 1511; x_wconf 91' lang='lat' dir='ltr'>cum</span> <span class='ocrx_word' id='word_1_171' title='bbox 354 1447 557 1530; x_wconf 88' lang='lat' dir='ltr'>poenitentia</span> <span class='ocrx_word' id='word_1_172' title='bbox 578 1447 778 1511; x_wconf 83' lang='lat' dir='ltr'>coniunctae.</span> <span class='ocrx_word' id='word_1_173' title='bbox 813 1445 880 1512; x_wconf 80' lang='lat' dir='ltr'>Sed</span> <span class='ocrx_word' id='word_1_174' title='bbox 899 1448 988 1529; x_wconf 91' lang='lat' dir='ltr'>quia,</span> <span class='ocrx_word' id='word_1_175' title='bbox 1011 1448 1109 1510; x_wconf 89' lang='lat' dir='ltr'>omis-</span> <span class='ocrx_word' id='word_1_176' title='bbox 1155 1454 1253 1529; x_wconf 85' lang='lat' dir='ltr'>potest</span> <span class='ocrx_word' id='word_1_177' title='bbox 1282 1450 1405 1528; x_wconf 85' lang='lat' dir='ltr'>quidem</span> <span class='ocrx_word' id='word_1_178' title='bbox 1432 1449 1552 1511; x_wconf 73' lang='lat' dir='ltr'>nicatius</span> <span class='ocrx_word' id='word_1_179' title='bbox 1579 1467 1643 1511; x_wconf 88' lang='lat' dir='ltr'>esse</span> <span class='ocrx_word' id='word_1_180' title='bbox 1669 1449 1762 1510; x_wconf 78' lang='lat' dir='ltr'>timor</span> <span class='ocrx_word' id='word_1_181' title='bbox 1790 1450 1844 1529; x_wconf 76' lang='lat' dir='ltr'>qui</span> <span class='ocrx_word' id='word_1_182' title='bbox 1872 1450 1906 1511; x_wconf 88' lang='lat' dir='ltr'>ia</span> <span class='ocrx_word' id='word_1_183' title='bbox 1933 1450 2139 1514; x_wconf 75' lang='lat' dir='ltr'>trinnilitutem</span> 
     </span>
     <span class='ocr_line' id='line_1_14' title="bbox 129 1532 2138 1616; baseline 0.001 -20"><span class='ocrx_word' id='word_1_184' title='bbox 129 1534 174 1598; x_wconf 91' lang='lat' dir='ltr'>sis</span> <span class='ocrx_word' id='word_1_185' title='bbox 201 1533 267 1597; x_wconf 92' lang='lat' dir='ltr'>illis</span> <span class='ocrx_word' id='word_1_186' title='bbox 296 1532 555 1616; x_wconf 86' lang='lat' dir='ltr'>quaestionibus,</span> <span class='ocrx_word' id='word_1_187' title='bbox 590 1532 773 1615; x_wconf 86' lang='lat' dir='ltr'>intelligere</span> <span class='ocrx_word' id='word_1_188' title='bbox 805 1534 882 1598; x_wconf 89' lang='lat' dir='ltr'>lieet</span> <span class='ocrx_word' id='word_1_189' title='bbox 915 1533 992 1614; x_wconf 93' lang='lat' dir='ltr'>quid</span> <span class='ocrx_word' id='word_1_190' title='bbox 1021 1534 1108 1597; x_wconf 88' lang='lat' dir='ltr'>Pau·</span> <span class='ocrx_word' id='word_1_191' title='bbox 1160 1535 1282 1610; x_wconf 87' lang='lat' dir='ltr'>desinit,</span> <span class='ocrx_word' id='word_1_192' title='bbox 1303 1554 1397 1614; x_wconf 86' lang='lat' dir='ltr'>neque</span> <span class='ocrx_word' id='word_1_193' title='bbox 1419 1534 1550 1596; x_wconf 77' lang='lat' dir='ltr'>discedit</span> <span class='ocrx_word' id='word_1_194' title='bbox 1567 1555 1588 1594; x_wconf 91' lang='lat' dir='ltr'>a</span> <span class='ocrx_word' id='word_1_195' title='bbox 1604 1554 1658 1614; x_wconf 86' lang='lat' dir='ltr'>spe</span> <span class='ocrx_word' id='word_1_196' title='bbox 1677 1536 1792 1598; x_wconf 73' lang='lat' dir='ltr'>aaziae.</span> <span class='ocrx_word' id='word_1_197' title='bbox 1831 1533 1956 1614; x_wconf 77' lang='lat' dir='ltr'>Seenrper</span> <span class='ocrx_word' id='word_1_198' title='bbox 1977 1540 2078 1598; x_wconf 81' lang='lat' dir='ltr'>tamm</span> <span class='ocrx_word' id='word_1_199' title='bbox 2100 1556 2138 1600; x_wconf 84' lang='lat' dir='ltr'>ea</span> 
     </span>
     <span class='ocr_line' id='line_1_15' title="bbox 127 1617 2139 1703; baseline 0.001 -21"><span class='ocrx_word' id='word_1_200' title='bbox 127 1619 180 1684; x_wconf 93' lang='lat' dir='ltr'>lus</span> <span class='ocrx_word' id='word_1_201' title='bbox 193 1619 281 1697; x_wconf 90' lang='lat' dir='ltr'>velit,</span> <span class='ocrx_word' id='word_1_202' title='bbox 305 1619 444 1700; x_wconf 79' lang='lat' dir='ltr'>simplici</span> <span class='ocrx_word' id='word_1_203' title='bbox 467 1618 668 1699; x_wconf 81' lang='lat' dir='ltr'>expositione</span> <span class='ocrx_word' id='word_1_204' title='bbox 690 1620 836 1683; x_wconf 88' lang='lat' dir='ltr'>contenti</span> <span class='ocrx_word' id='word_1_205' title='bbox 854 1619 984 1683; x_wconf 90' lang='lat' dir='ltr'>erimus.</span> <span class='ocrx_word' id='word_1_206' title='bbox 1019 1620 1110 1683; x_wconf 86' lang='lat' dir='ltr'>Dicit</span> <span class='ocrx_word' id='word_1_207' title='bbox 1160 1622 1290 1701; x_wconf 87' lang='lat' dir='ltr'>apostoli</span> <span class='ocrx_word' id='word_1_208' title='bbox 1307 1624 1470 1701; x_wconf 83' lang='lat' dir='ltr'>praecepto</span> <span class='ocrx_word' id='word_1_209' title='bbox 1493 1617 1609 1700; x_wconf 87' lang='lat' dir='ltr'>(Hebr.</span> <span class='ocrx_word' id='word_1_210' title='bbox 1634 1623 1680 1695; x_wconf 83' lang='lat'>12,</span> <span class='ocrx_word' id='word_1_211' title='bbox 1706 1622 1740 1703; x_wconf 88' lang='lat'>3)</span> <span class='ocrx_word' id='word_1_212' title='bbox 1760 1621 1946 1698; x_wconf 82' lang='lat' dir='ltr'>ceeoeudum,</span> <span class='ocrx_word' id='word_1_213' title='bbox 1979 1642 2016 1685; x_wconf 86' lang='lat' dir='ltr'>ue</span> <span class='ocrx_word' id='word_1_214' title='bbox 2032 1641 2139 1702; x_wconf 75' lang='lat' dir='ltr'>pecca</span> 
     </span>
     <span class='ocr_line' id='line_1_16' title="bbox 128 1702 2138 1788; baseline 0.001 -19"><span class='ocrx_word' id='word_1_215' title='bbox 128 1727 215 1788; x_wconf 84' lang='lat' dir='ltr'>crgo,</span> <span class='ocrx_word' id='word_1_216' title='bbox 240 1727 279 1769; x_wconf 83' lang='lat' dir='ltr'>ex</span> <span class='ocrx_word' id='word_1_217' title='bbox 304 1707 437 1769; x_wconf 90' lang='lat' dir='ltr'>tristitia</span> <span class='ocrx_word' id='word_1_218' title='bbox 460 1727 541 1785; x_wconf 88' lang='lat' dir='ltr'>quae</span> <span class='ocrx_word' id='word_1_219' title='bbox 565 1702 744 1768; x_wconf 89' lang='lat' dir='ltr'>secundum</span> <span class='ocrx_word' id='word_1_220' title='bbox 760 1706 870 1769; x_wconf 89' lang='lat' dir='ltr'>Deum</span> <span class='ocrx_word' id='word_1_221' title='bbox 890 1716 948 1782; x_wconf 88' lang='lat' dir='ltr'>est,</span> <span class='ocrx_word' id='word_1_222' title='bbox 972 1705 1109 1770; x_wconf 83' lang='lat' dir='ltr'>excitari</span> <span class='ocrx_word' id='word_1_223' title='bbox 1160 1712 1219 1783; x_wconf 90' lang='lat' dir='ltr'>tor,</span> <span class='ocrx_word' id='word_1_224' title='bbox 1248 1707 1323 1770; x_wconf 78' lang='lat' dir='ltr'>ditm</span> <span class='ocrx_word' id='word_1_225' title='bbox 1350 1726 1383 1769; x_wconf 89' lang='lat' dir='ltr'>se</span> <span class='ocrx_word' id='word_1_226' title='bbox 1405 1705 1446 1768; x_wconf 90' lang='lat' dir='ltr'>ad</span> <span class='ocrx_word' id='word_1_227' title='bbox 1468 1705 1696 1785; x_wconf 87' lang='lat' dir='ltr'>displicentiam</span> <span class='ocrx_word' id='word_1_228' title='bbox 1716 1705 1874 1782; x_wconf 79' lang='lat' dir='ltr'>sollicitat,</span> <span class='ocrx_word' id='word_1_229' title='bbox 1904 1708 2003 1770; x_wconf 72' lang='lat' dir='ltr'>raiatia</span> <span class='ocrx_word' id='word_1_230' title='bbox 2028 1707 2138 1788; x_wconf 79' lang='lat' dir='ltr'>sorini-</span> 
     </span>
     <span class='ocr_line' id='line_1_17' title="bbox 128 1789 2137 1874; baseline 0.001 -20"><span class='ocrx_word' id='word_1_231' title='bbox 128 1789 391 1856; x_wconf 89' lang='lat' dir='ltr'>sollicitudinem.</span> <span class='ocrx_word' id='word_1_232' title='bbox 438 1791 524 1854; x_wconf 90' lang='lat' dir='ltr'>Nam</span> <span class='ocrx_word' id='word_1_233' title='bbox 556 1791 612 1872; x_wconf 91' lang='lat' dir='ltr'>qui</span> <span class='ocrx_word' id='word_1_234' title='bbox 640 1791 723 1853; x_wconf 85' lang='lat' dir='ltr'>serio</span> <span class='ocrx_word' id='word_1_235' title='bbox 757 1789 979 1872; x_wconf 80' lang='lat' dir='ltr'>displicentiae</span> <span class='ocrx_word' id='word_1_236' title='bbox 1009 1812 1108 1854; x_wconf 91' lang='lat' dir='ltr'>sensu</span> <span class='ocrx_word' id='word_1_237' title='bbox 1159 1793 1232 1856; x_wconf 89' lang='lat' dir='ltr'>dine</span> <span class='ocrx_word' id='word_1_238' title='bbox 1254 1811 1420 1871; x_wconf 87' lang='lat' dir='ltr'>oppressus</span> <span class='ocrx_word' id='word_1_239' title='bbox 1438 1791 1572 1869; x_wconf 52' lang='lat' dir='ltr'>delicium</span> <span class='ocrx_word' id='word_1_240' title='bbox 1594 1792 1671 1869; x_wconf 82' lang='lat' dir='ltr'>quia</span> <span class='ocrx_word' id='word_1_241' title='bbox 1692 1791 1745 1854; x_wconf 79' lang='lat' dir='ltr'>true</span> <span class='ocrx_word' id='word_1_242' title='bbox 1762 1792 1850 1855; x_wconf 73' lang='lat' dir='ltr'>nudo</span> <span class='ocrx_word' id='word_1_243' title='bbox 1866 1793 2021 1874; x_wconf 73' lang='lat' dir='ltr'>cetupitur</span> <span class='ocrx_word' id='word_1_244' title='bbox 2038 1792 2137 1871; x_wconf 80' lang='lat' dir='ltr'>Deus,</span> 
     </span>
     <span class='ocr_line' id='line_1_18' title="bbox 128 1875 2139 1960; baseline 0.002 -20"><span class='ocrx_word' id='word_1_245' title='bbox 128 1878 277 1960; x_wconf 80' lang='lat' dir='ltr'>tangitur</span> <span class='ocrx_word' id='word_1_246' title='bbox 294 1876 379 1959; x_wconf 91' lang='lat' dir='ltr'>quod</span> <span class='ocrx_word' id='word_1_247' title='bbox 402 1877 435 1940; x_wconf 90' lang='lat' dir='ltr'>in</span> <span class='ocrx_word' id='word_1_248' title='bbox 458 1875 568 1938; x_wconf 92' lang='lat' dir='ltr'>Deum</span> <span class='ocrx_word' id='word_1_249' title='bbox 591 1898 686 1940; x_wconf 92' lang='lat' dir='ltr'>suum</span> <span class='ocrx_word' id='word_1_250' title='bbox 709 1879 869 1959; x_wconf 85' lang='lat' dir='ltr'>peccarit,</span> <span class='ocrx_word' id='word_1_251' title='bbox 887 1877 984 1942; x_wconf 88' lang='lat' dir='ltr'>simul</span> <span class='ocrx_word' id='word_1_252' title='bbox 1007 1877 1108 1940; x_wconf 81' lang='lat' dir='ltr'>exsti·</span> <span class='ocrx_word' id='word_1_253' title='bbox 1160 1880 1215 1958; x_wconf 83' lang='lat' dir='ltr'>qui</span> <span class='ocrx_word' id='word_1_254' title='bbox 1242 1899 1302 1958; x_wconf 86' lang='lat' dir='ltr'>per</span> <span class='ocrx_word' id='word_1_255' title='bbox 1328 1877 1548 1957; x_wconf 85' lang='lat' dir='ltr'>poeniteutiam</span> <span class='ocrx_word' id='word_1_256' title='bbox 1579 1897 1636 1938; x_wconf 85' lang='lat' dir='ltr'>nos</span> <span class='ocrx_word' id='word_1_257' title='bbox 1668 1878 1710 1941; x_wconf 88' lang='lat' dir='ltr'>ad</span> <span class='ocrx_word' id='word_1_258' title='bbox 1739 1899 1772 1939; x_wconf 86' lang='lat' dir='ltr'>se</span> <span class='ocrx_word' id='word_1_259' title='bbox 1800 1883 1894 1941; x_wconf 87' lang='lat' dir='ltr'>accat.</span> <span class='ocrx_word' id='word_1_260' title='bbox 1942 1881 2010 1958; x_wconf 68' lang='lat' dir='ltr'>Qua</span> <span class='ocrx_word' id='word_1_261' title='bbox 2043 1879 2080 1942; x_wconf 90' lang='lat' dir='ltr'>de</span> <span class='ocrx_word' id='word_1_262' title='bbox 2104 1897 2139 1945; x_wconf 83' lang='lat' dir='ltr'>re</span> 
     </span>
     <span class='ocr_line' id='line_1_19' title="bbox 128 1961 2138 2046; baseline 0.001 -20"><span class='ocrx_word' id='word_1_263' title='bbox 128 1964 273 2028; x_wconf 72' lang='lat' dir='ltr'>madetur</span> <span class='ocrx_word' id='word_1_264' title='bbox 295 1963 337 2027; x_wconf 91' lang='lat' dir='ltr'>ad</span> <span class='ocrx_word' id='word_1_265' title='bbox 360 1962 563 2045; x_wconf 80' lang='lat' dir='ltr'>diligentiam</span> <span class='ocrx_word' id='word_1_266' title='bbox 589 1971 622 2025; x_wconf 92' lang='lat' dir='ltr'>ct</span> <span class='ocrx_word' id='word_1_267' title='bbox 641 1964 863 2040; x_wconf 87' lang='lat' dir='ltr'>attentionem,</span> <span class='ocrx_word' id='word_1_268' title='bbox 887 1973 925 2027; x_wconf 91' lang='lat' dir='ltr'>ut</span> <span class='ocrx_word' id='word_1_269' title='bbox 947 1984 966 2025; x_wconf 90' lang='lat' dir='ltr'>a</span> <span class='ocrx_word' id='word_1_270' title='bbox 989 1961 1106 2026; x_wconf 87' lang='lat' dir='ltr'>diaboli</span> <span class='ocrx_word' id='word_1_271' title='bbox 1160 1964 1250 2028; x_wconf 82' lang='lat' dir='ltr'>utitis</span> <span class='ocrx_word' id='word_1_272' title='bbox 1283 1964 1376 2027; x_wconf 75' lang='lat' dir='ltr'>diurn</span> <span class='ocrx_word' id='word_1_273' title='bbox 1408 1966 1451 2026; x_wconf 84' lang='lat' dir='ltr'>est</span> <span class='ocrx_word' id='word_1_274' title='bbox 1483 1963 1651 2025; x_wconf 80' lang='lat' dir='ltr'>aetrnonitio</span> <span class='ocrx_word' id='word_1_275' title='bbox 1679 1962 1848 2026; x_wconf 79' lang='lat' dir='ltr'>Berrrordi.</span> <span class='ocrx_word' id='word_1_276' title='bbox 1862 1963 1885 2046; x_wconf 87' lang='lat'>¹)</span> <span class='ocrx_word' id='word_1_277' title='bbox 1933 1963 2138 2028; x_wconf 69' lang='lat' dir='ltr'>Necessariae</span> 
     </span>
     <span class='ocr_line' id='line_1_20' title="bbox 128 2048 2138 2130; baseline 0.001 -19"><span class='ocrx_word' id='word_1_278' title='bbox 128 2049 253 2130; x_wconf 85' lang='lat' dir='ltr'>laqueis</span> <span class='ocrx_word' id='word_1_279' title='bbox 275 2049 405 2130; x_wconf 90' lang='lat' dir='ltr'>penitus</span> <span class='ocrx_word' id='word_1_280' title='bbox 429 2069 463 2111; x_wconf 90' lang='lat' dir='ltr'>se</span> <span class='ocrx_word' id='word_1_281' title='bbox 486 2048 641 2130; x_wconf 79' lang='lat' dir='ltr'>explicet,</span> <span class='ocrx_word' id='word_1_282' title='bbox 671 2057 709 2111; x_wconf 89' lang='lat' dir='ltr'>ut</span> <span class='ocrx_word' id='word_1_283' title='bbox 736 2050 776 2113; x_wconf 87' lang='lat' dir='ltr'>ab</span> <span class='ocrx_word' id='word_1_284' title='bbox 798 2050 875 2113; x_wconf 86' lang='lat' dir='ltr'>eius</span> <span class='ocrx_word' id='word_1_285' title='bbox 890 2048 1016 2112; x_wconf 84' lang='lat' dir='ltr'>insidiis</span> <span class='ocrx_word' id='word_1_286' title='bbox 1039 2069 1107 2111; x_wconf 91' lang='lat' dir='ltr'>me·</span> <span class='ocrx_word' id='word_1_287' title='bbox 1160 2050 1247 2113; x_wconf 80' lang='lat' dir='ltr'>dator·</span> <span class='ocrx_word' id='word_1_288' title='bbox 1268 2071 1329 2129; x_wconf 80' lang='lat' dir='ltr'>pro</span> <span class='ocrx_word' id='word_1_289' title='bbox 1351 2048 1500 2128; x_wconf 86' lang='lat' dir='ltr'>pcccatis,</span> <span class='ocrx_word' id='word_1_290' title='bbox 1528 2048 1558 2109; x_wconf 91' lang='lat' dir='ltr'>si</span> <span class='ocrx_word' id='word_1_291' title='bbox 1586 2069 1647 2110; x_wconf 57' lang='lat' dir='ltr'>‘emit</span> <span class='ocrx_word' id='word_1_292' title='bbox 1669 2049 1710 2112; x_wconf 87' lang='lat' dir='ltr'>sit</span> <span class='ocrx_word' id='word_1_293' title='bbox 1731 2050 1900 2113; x_wconf 87' lang='lat' dir='ltr'>continuus.</span> <span class='ocrx_word' id='word_1_294' title='bbox 1948 2049 2069 2113; x_wconf 82' lang='lat' dir='ltr'>Suadeo</span> <span class='ocrx_word' id='word_1_295' title='bbox 2090 2071 2138 2115; x_wconf 85' lang='lat' dir='ltr'>re·</span> 
     </span>
     <span class='ocr_line' id='line_1_21' title="bbox 128 2134 2138 2218; baseline 0.001 -21"><span class='ocrx_word' id='word_1_296' title='bbox 128 2135 193 2198; x_wconf 92' lang='lat' dir='ltr'>lius</span> <span class='ocrx_word' id='word_1_297' title='bbox 221 2134 283 2199; x_wconf 90' lang='lat' dir='ltr'>sibi</span> <span class='ocrx_word' id='word_1_298' title='bbox 312 2145 438 2211; x_wconf 78' lang='lat' dir='ltr'>caveat,</span> <span class='ocrx_word' id='word_1_299' title='bbox 468 2156 509 2198; x_wconf 92' lang='lat' dir='ltr'>ne</span> <span class='ocrx_word' id='word_1_300' title='bbox 538 2157 557 2197; x_wconf 87' lang='lat' dir='ltr'>a</span> <span class='ocrx_word' id='word_1_301' title='bbox 584 2135 718 2215; x_wconf 84' lang='lat' dir='ltr'>spiritus</span> <span class='ocrx_word' id='word_1_302' title='bbox 745 2135 850 2199; x_wconf 88' lang='lat' dir='ltr'>sancti</span> <span class='ocrx_word' id='word_1_303' title='bbox 870 2134 1107 2218; x_wconf 83' lang='lat' dir='ltr'>gubernatione</span> <span class='ocrx_word' id='word_1_304' title='bbox 1156 2137 1273 2213; x_wconf 71' lang='lat' dir='ltr'>flectere</span> <span class='ocrx_word' id='word_1_305' title='bbox 1296 2135 1404 2214; x_wconf 86' lang='lat' dir='ltr'>pedem</span> <span class='ocrx_word' id='word_1_306' title='bbox 1432 2134 1587 2196; x_wconf 73' lang='lat' dir='ltr'>intumum</span> <span class='ocrx_word' id='word_1_307' title='bbox 1615 2156 1635 2196; x_wconf 89' lang='lat' dir='ltr'>a</span> <span class='ocrx_word' id='word_1_308' title='bbox 1663 2134 1790 2198; x_wconf 81' lang='lat' dir='ltr'>neolestu</span> <span class='ocrx_word' id='word_1_309' title='bbox 1817 2140 1844 2198; x_wconf 88' lang='lat' dir='ltr'>ct</span> <span class='ocrx_word' id='word_1_310' title='bbox 1872 2136 1972 2200; x_wconf 78' lang='lat' dir='ltr'>aricia</span> <span class='ocrx_word' id='word_1_311' title='bbox 1997 2136 2138 2200; x_wconf 75' lang='lat' dir='ltr'>recorda</span> 
     </span>
     <span class='ocr_line' id='line_1_22' title="bbox 126 2217 2139 2303; baseline 0.002 -20"><span class='ocrx_word' id='word_1_312' title='bbox 126 2217 265 2303; x_wconf 79' lang='lat' dir='ltr'>posthac</span> <span class='ocrx_word' id='word_1_313' title='bbox 287 2219 424 2297; x_wconf 80' lang='lat' dir='ltr'>excidat,</span> <span class='ocrx_word' id='word_1_314' title='bbox 448 2242 489 2282; x_wconf 90' lang='lat' dir='ltr'>ne</span> <span class='ocrx_word' id='word_1_315' title='bbox 513 2221 685 2284; x_wconf 87' lang='lat' dir='ltr'>securitate</span> <span class='ocrx_word' id='word_1_316' title='bbox 704 2220 914 2301; x_wconf 89' lang='lat' dir='ltr'>opprimatur.</span> <span class='ocrx_word' id='word_1_317' title='bbox 949 2219 1107 2286; x_wconf 75' lang='lat' dir='ltr'>Proxima</span> <span class='ocrx_word' id='word_1_318' title='bbox 1158 2222 1239 2285; x_wconf 85' lang='lat' dir='ltr'>tione</span> <span class='ocrx_word' id='word_1_319' title='bbox 1267 2221 1391 2284; x_wconf 51' lang='lat' dir='ltr'>‘citarum</span> <span class='ocrx_word' id='word_1_320' title='bbox 1417 2224 1605 2297; x_wconf 75' lang='lat' dir='ltr'>narraras,</span> <span class='ocrx_word' id='word_1_321' title='bbox 1633 2225 1660 2283; x_wconf 92' lang='lat' dir='ltr'>et</span> <span class='ocrx_word' id='word_1_322' title='bbox 1686 2222 1813 2284; x_wconf 87' lang='lat' dir='ltr'>euadere</span> <span class='ocrx_word' id='word_1_323' title='bbox 1841 2223 1883 2285; x_wconf 87' lang='lat' dir='ltr'>ad</span> <span class='ocrx_word' id='word_1_324' title='bbox 1907 2222 2072 2301; x_wconf 69' lang='lat' dir='ltr'>plaisitiem</span> <span class='ocrx_word' id='word_1_325' title='bbox 2093 2241 2139 2287; x_wconf 88' lang='lat' dir='ltr'>se·</span> 
     </span>
     <span class='ocr_line' id='line_1_23' title="bbox 127 2304 2138 2390; baseline 0 -20"><span class='ocrx_word' id='word_1_326' title='bbox 127 2315 178 2371; x_wconf 91' lang='lat' dir='ltr'>cst</span> <span class='ocrx_word' id='word_1_327' title='bbox 194 2307 371 2383; x_wconf 85' lang='lat' dir='ltr'>excusatio,</span> <span class='ocrx_word' id='word_1_328' title='bbox 395 2325 478 2388; x_wconf 89' lang='lat' dir='ltr'>quae</span> <span class='ocrx_word' id='word_1_329' title='bbox 500 2306 561 2369; x_wconf 90' lang='lat' dir='ltr'>hoc</span> <span class='ocrx_word' id='word_1_330' title='bbox 583 2306 654 2370; x_wconf 90' lang='lat' dir='ltr'>loco</span> <span class='ocrx_word' id='word_1_331' title='bbox 677 2328 742 2369; x_wconf 91' lang='lat' dir='ltr'>non</span> <span class='ocrx_word' id='word_1_332' title='bbox 761 2305 983 2370; x_wconf 86' lang='lat' dir='ltr'>defensionem</span> <span class='ocrx_word' id='word_1_333' title='bbox 1005 2307 1106 2390; x_wconf 85' lang='lat' dir='ltr'>signi·</span> <span class='ocrx_word' id='word_1_334' title='bbox 1143 2325 1250 2371; x_wconf 72' lang='lat' dir='ltr'>’retiae</span> <span class='ocrx_word' id='word_1_335' title='bbox 1270 2307 1436 2369; x_wconf 80' lang='lat' dir='ltr'>nmnroriae</span> <span class='ocrx_word' id='word_1_336' title='bbox 1458 2304 1670 2385; x_wconf 61' lang='lat' dir='ltr'>beneficiorum</span> <span class='ocrx_word' id='word_1_337' title='bbox 1692 2306 1763 2370; x_wconf 83' lang='lat' dir='ltr'>Ilei.</span> <span class='ocrx_word' id='word_1_338' title='bbox 1809 2305 2001 2370; x_wconf 74' lang='lat' dir='ltr'>Miserrimus</span> <span class='ocrx_word' id='word_1_339' title='bbox 2026 2305 2138 2388; x_wconf 80' lang='lat' dir='ltr'>abspo-</span> 
     </span>
     <span class='ocr_line' id='line_1_24' title="bbox 127 2391 2138 2475; baseline 0 -19"><span class='ocrx_word' id='word_1_340' title='bbox 127 2395 218 2467; x_wconf 85' lang='lat' dir='ltr'>ficat,</span> <span class='ocrx_word' id='word_1_341' title='bbox 249 2413 312 2475; x_wconf 88' lang='lat' dir='ltr'>qua</span> <span class='ocrx_word' id='word_1_342' title='bbox 339 2403 506 2475; x_wconf 89' lang='lat' dir='ltr'>peccator,</span> <span class='ocrx_word' id='word_1_343' title='bbox 536 2391 577 2454; x_wconf 90' lang='lat' dir='ltr'>ad</span> <span class='ocrx_word' id='word_1_344' title='bbox 605 2391 826 2474; x_wconf 83' lang='lat' dir='ltr'>effugiendum</span> <span class='ocrx_word' id='word_1_345' title='bbox 850 2393 913 2456; x_wconf 89' lang='lat' dir='ltr'>Dei</span> <span class='ocrx_word' id='word_1_346' title='bbox 939 2391 1104 2468; x_wconf 90' lang='lat' dir='ltr'>iudicium,</span> <span class='ocrx_word' id='word_1_347' title='bbox 1158 2393 1221 2456; x_wconf 83' lang='lat' dir='ltr'>tteio</span> <span class='ocrx_word' id='word_1_348' title='bbox 1242 2393 1316 2465; x_wconf 87' lang='lat' dir='ltr'>met,</span> <span class='ocrx_word' id='word_1_349' title='bbox 1345 2397 1379 2453; x_wconf 90' lang='lat' dir='ltr'>nt</span> <span class='ocrx_word' id='word_1_350' title='bbox 1403 2391 1543 2454; x_wconf 73' lang='lat' dir='ltr'>saintois</span> <span class='ocrx_word' id='word_1_351' title='bbox 1570 2393 1748 2456; x_wconf 83' lang='lat' dir='ltr'>anearitudc</span> <span class='ocrx_word' id='word_1_352' title='bbox 1776 2393 1907 2456; x_wconf 86' lang='lat' dir='ltr'>salutem</span> <span class='ocrx_word' id='word_1_353' title='bbox 1934 2393 2009 2456; x_wconf 88' lang='lat' dir='ltr'>dari</span> <span class='ocrx_word' id='word_1_354' title='bbox 2030 2397 2138 2473; x_wconf 72' lang='lat' dir='ltr'>quau,-</span> 
     </span>
     <span class='ocr_line' id='line_1_25' title="bbox 128 2477 2139 2560; baseline 0 -17"><span class='ocrx_word' id='word_1_355' title='bbox 128 2479 181 2543; x_wconf 84' lang='lat' dir='ltr'>vel</span> <span class='ocrx_word' id='word_1_356' title='bbox 210 2501 243 2542; x_wconf 92' lang='lat' dir='ltr'>se</span> <span class='ocrx_word' id='word_1_357' title='bbox 271 2479 445 2560; x_wconf 87' lang='lat' dir='ltr'>deliquisse</span> <span class='ocrx_word' id='word_1_358' title='bbox 473 2484 587 2560; x_wconf 89' lang='lat' dir='ltr'>neget,</span> <span class='ocrx_word' id='word_1_359' title='bbox 617 2479 668 2541; x_wconf 89' lang='lat' dir='ltr'>vel</span> <span class='ocrx_word' id='word_1_360' title='bbox 697 2478 828 2559; x_wconf 90' lang='lat' dir='ltr'>culpam</span> <span class='ocrx_word' id='word_1_361' title='bbox 850 2485 1019 2555; x_wconf 60' lang='lat' dir='ltr'>extenuem</span> <span class='ocrx_word' id='word_1_362' title='bbox 1048 2478 1105 2541; x_wconf 91' lang='lat' dir='ltr'>sed</span> <span class='ocrx_word' id='word_1_363' title='bbox 1158 2499 1226 2542; x_wconf 80' lang='lat' dir='ltr'>cunt</span> <span class='ocrx_word' id='word_1_364' title='bbox 1247 2479 1383 2542; x_wconf 80' lang='lat' dir='ltr'>irnrrristo</span> <span class='ocrx_word' id='word_1_365' title='bbox 1404 2477 1529 2541; x_wconf 85' lang='lat' dir='ltr'>dulcore</span> <span class='ocrx_word' id='word_1_366' title='bbox 1549 2482 1718 2557; x_wconf 80' lang='lat' dir='ltr'>temperata</span> <span class='ocrx_word' id='word_1_367' title='bbox 1740 2478 1866 2555; x_wconf 85' lang='lat' dir='ltr'>bibetur,</span> <span class='ocrx_word' id='word_1_368' title='bbox 1896 2479 1973 2542; x_wconf 90' lang='lat' dir='ltr'>etsi</span> <span class='ocrx_word' id='word_1_369' title='bbox 1995 2479 2032 2541; x_wconf 89' lang='lat' dir='ltr'>de</span> <span class='ocrx_word' id='word_1_370' title='bbox 2054 2478 2139 2543; x_wconf 84' lang='lat' dir='ltr'>uobis</span> 
     </span>
     <span class='ocr_line' id='line_1_26' title="bbox 127 2563 2136 2675; baseline 0 -47"><span class='ocrx_word' id='word_1_371' title='bbox 127 2566 368 2648; x_wconf 85' lang='lat' dir='ltr'>purgationem,</span> <span class='ocrx_word' id='word_1_372' title='bbox 398 2586 482 2645; x_wconf 92' lang='lat' dir='ltr'>qnae</span> <span class='ocrx_word' id='word_1_373' title='bbox 504 2564 540 2627; x_wconf 92' lang='lat' dir='ltr'>in</span> <span class='ocrx_word' id='word_1_374' title='bbox 563 2563 788 2646; x_wconf 86' lang='lat' dir='ltr'>deprecatione</span> <span class='ocrx_word' id='word_1_375' title='bbox 810 2565 915 2646; x_wconf 90' lang='lat' dir='ltr'>magis</span> <span class='ocrx_word' id='word_1_376' title='bbox 936 2565 1041 2646; x_wconf 90' lang='lat' dir='ltr'>posita</span> <span class='ocrx_word' id='word_1_377' title='bbox 1063 2565 1106 2627; x_wconf 91' lang='lat' dir='ltr'>sit</span> <span class='ocrx_word' id='word_1_378' title='bbox 1129 2565 1191 2675; x_wconf 55' lang='lat' dir='ltr'>qia</span> <span class='ocrx_word' id='word_1_379' title='bbox 1212 2563 1386 2627; x_wconf 78' lang='lat' dir='ltr'>durnititate</span> <span class='ocrx_word' id='word_1_380' title='bbox 1404 2564 1541 2640; x_wconf 78' lang='lat' dir='ltr'>seurtitis,</span> <span class='ocrx_word' id='word_1_381' title='bbox 1563 2565 1672 2626; x_wconf 71' lang='lat' dir='ltr'>sortite</span> <span class='ocrx_word' id='word_1_382' title='bbox 1693 2568 1719 2625; x_wconf 87' lang='lat' dir='ltr'>et</span> <span class='ocrx_word' id='word_1_383' title='bbox 1740 2564 1777 2626; x_wconf 86' lang='lat' dir='ltr'>de</span> <span class='ocrx_word' id='word_1_384' title='bbox 1794 2563 1930 2627; x_wconf 88' lang='lat' dir='ltr'>Domino</span> <span class='ocrx_word' id='word_1_385' title='bbox 1949 2565 1980 2627; x_wconf 89' lang='lat' dir='ltr'>in</span> <span class='ocrx_word' id='word_1_386' title='bbox 1998 2563 2136 2628; x_wconf 72' lang='lat' dir='ltr'>beatitate.</span> 
     </span>
     <span class='ocr_line' id='line_1_27' title="bbox 127 2648 2135 2732; baseline -0 -18"><span class='ocrx_word' id='word_1_387' title='bbox 127 2672 226 2732; x_wconf 89' lang='lat' dir='ltr'>quam</span> <span class='ocrx_word' id='word_1_388' title='bbox 247 2672 365 2716; x_wconf 88' lang='lat' dir='ltr'>causae</span> <span class='ocrx_word' id='word_1_389' title='bbox 382 2648 510 2715; x_wconf 88' lang='lat' dir='ltr'>fiducia.</span> <span class='ocrx_word' id='word_1_390' title='bbox 546 2648 698 2729; x_wconf 78' lang='lat' dir='ltr'>Qualiter</span> <span class='ocrx_word' id='word_1_391' title='bbox 715 2651 774 2714; x_wconf 89' lang='lat' dir='ltr'>filii</span> <span class='ocrx_word' id='word_1_392' title='bbox 792 2670 859 2713; x_wconf 91' lang='lat' dir='ltr'>non</span> <span class='ocrx_word' id='word_1_393' title='bbox 878 2651 1006 2732; x_wconf 90' lang='lat' dir='ltr'>reprobi</span> <span class='ocrx_word' id='word_1_394' title='bbox 1026 2649 1105 2713; x_wconf 78' lang='lat' dir='ltr'>diam</span> <span class='ocrx_word' id='word_1_395' title='bbox 1163 2724 1167 2731; x_wconf 85' lang='lat'>.</span> <span class='ocrx_word' id='word_1_396' title='bbox 1247 2657 1294 2714; x_wconf 78' lang='lat' dir='ltr'>lt,</span> <span class='ocrx_word' id='word_1_397' title='bbox 1338 2650 1411 2713; x_wconf 90' lang='lat' dir='ltr'>Iam</span> <span class='ocrx_word' id='word_1_398' title='bbox 1444 2655 1477 2711; x_wconf 89' lang='lat' dir='ltr'>ct</span> <span class='ocrx_word' id='word_1_399' title='bbox 1514 2648 1731 2730; x_wconf 88' lang='lat' dir='ltr'>poenitentiae</span> <span class='ocrx_word' id='word_1_400' title='bbox 1762 2649 1887 2714; x_wconf 88' lang='lat' dir='ltr'>fructus</span> <span class='ocrx_word' id='word_1_401' title='bbox 1921 2650 2033 2731; x_wconf 89' lang='lat' dir='ltr'>quales</span> <span class='ocrx_word' id='word_1_402' title='bbox 2061 2651 2135 2728; x_wconf 89' lang='lat' dir='ltr'>siut,</span> 
     </span>
     <span class='ocr_line' id='line_1_28' title="bbox 126 2734 2135 2819; baseline -0.002 -17"><span class='ocrx_word' id='word_1_403' title='bbox 126 2748 235 2802; x_wconf 86' lang='lat' dir='ltr'>errata</span> <span class='ocrx_word' id='word_1_404' title='bbox 257 2759 318 2801; x_wconf 90' lang='lat' dir='ltr'>sun</span> <span class='ocrx_word' id='word_1_405' title='bbox 339 2743 522 2819; x_wconf 87' lang='lat' dir='ltr'>agnoscunt</span> <span class='ocrx_word' id='word_1_406' title='bbox 547 2744 580 2799; x_wconf 92' lang='lat' dir='ltr'>et</span> <span class='ocrx_word' id='word_1_407' title='bbox 602 2738 814 2812; x_wconf 88' lang='lat' dir='ltr'>confitentur,</span> <span class='ocrx_word' id='word_1_408' title='bbox 845 2735 1104 2818; x_wconf 83' lang='lat' dir='ltr'>deprecationem</span> <span class='ocrx_word' id='word_1_409' title='bbox 1158 2736 1295 2819; x_wconf 79' lang='lat' dir='ltr'>intelligi</span> <span class='ocrx_word' id='word_1_410' title='bbox 1329 2744 1453 2817; x_wconf 87' lang='lat' dir='ltr'>potest:</span> <span class='ocrx_word' id='word_1_411' title='bbox 1486 2756 1603 2815; x_wconf 87' lang='lat' dir='ltr'>nempe</span> <span class='ocrx_word' id='word_1_412' title='bbox 1630 2734 1736 2798; x_wconf 88' lang='lat' dir='ltr'>officia</span> <span class='ocrx_word' id='word_1_413' title='bbox 1763 2736 1893 2816; x_wconf 88' lang='lat' dir='ltr'>pietatis</span> <span class='ocrx_word' id='word_1_414' title='bbox 1915 2755 1993 2818; x_wconf 85' lang='lat' dir='ltr'>erga</span> <span class='ocrx_word' id='word_1_415' title='bbox 2014 2734 2135 2814; x_wconf 89' lang='lat' dir='ltr'>Deum,</span> 
     </span>
     <span class='ocr_line' id='line_1_29' title="bbox 128 2819 2136 2903; baseline -0.002 -14"><span class='ocrx_word' id='word_1_416' title='bbox 128 2834 236 2889; x_wconf 87' lang='lat' dir='ltr'>tamen</span> <span class='ocrx_word' id='word_1_417' title='bbox 259 2821 431 2900; x_wconf 85' lang='lat' dir='ltr'>adhibent,</span> <span class='ocrx_word' id='word_1_418' title='bbox 459 2830 556 2903; x_wconf 86' lang='lat' dir='ltr'>atque</span> <span class='ocrx_word' id='word_1_419' title='bbox 579 2831 615 2885; x_wconf 89' lang='lat' dir='ltr'>ut</span> <span class='ocrx_word' id='word_1_420' title='bbox 636 2844 676 2886; x_wconf 89' lang='lat' dir='ltr'>ea</span> <span class='ocrx_word' id='word_1_421' title='bbox 697 2823 804 2886; x_wconf 90' lang='lat' dir='ltr'>locum</span> <span class='ocrx_word' id='word_1_422' title='bbox 827 2820 958 2897; x_wconf 87' lang='lat' dir='ltr'>habeat,</span> <span class='ocrx_word' id='word_1_423' title='bbox 989 2822 1106 2903; x_wconf 91' lang='lat' dir='ltr'>quibus</span> <span class='ocrx_word' id='word_1_424' title='bbox 1157 2824 1304 2889; x_wconf 88' lang='lat' dir='ltr'>caritatis</span> <span class='ocrx_word' id='word_1_425' title='bbox 1326 2841 1404 2903; x_wconf 81' lang='lat' dir='ltr'>erga</span> <span class='ocrx_word' id='word_1_426' title='bbox 1427 2820 1588 2895; x_wconf 84' lang='lat' dir='ltr'>homines,</span> <span class='ocrx_word' id='word_1_427' title='bbox 1613 2819 1654 2883; x_wconf 88' lang='lat' dir='ltr'>ad</span> <span class='ocrx_word' id='word_1_428' title='bbox 1677 2821 1756 2885; x_wconf 88' lang='lat' dir='ltr'>haec</span> <span class='ocrx_word' id='word_1_429' title='bbox 1779 2821 1813 2884; x_wconf 93' lang='lat' dir='ltr'>in</span> <span class='ocrx_word' id='word_1_430' title='bbox 1836 2829 1904 2884; x_wconf 88' lang='lat' dir='ltr'>tota</span> <span class='ocrx_word' id='word_1_431' title='bbox 1923 2822 1993 2885; x_wconf 85' lang='lat' dir='ltr'>vita</span> <span class='ocrx_word' id='word_1_432' title='bbox 2015 2821 2136 2885; x_wconf 88' lang='lat' dir='ltr'>suncti-</span> 
     </span>
     <span class='ocr_line' id='line_1_30' title="bbox 127 2905 2136 2991; baseline -0 -17"><span class='ocrx_word' id='word_1_433' title='bbox 127 2917 263 2991; x_wconf 88' lang='lat' dir='ltr'>possunt</span> <span class='ocrx_word' id='word_1_434' title='bbox 289 2908 393 2972; x_wconf 89' lang='lat' dir='ltr'>modis</span> <span class='ocrx_word' id='word_1_435' title='bbox 420 2917 600 2986; x_wconf 85' lang='lat' dir='ltr'>testantur,</span> <span class='ocrx_word' id='word_1_436' title='bbox 627 2930 661 2972; x_wconf 90' lang='lat' dir='ltr'>se</span> <span class='ocrx_word' id='word_1_437' title='bbox 688 2909 823 2972; x_wconf 89' lang='lat' dir='ltr'>minime</span> <span class='ocrx_word' id='word_1_438' title='bbox 851 2907 1006 2973; x_wconf 84' lang='lat' dir='ltr'>abiecisse</span> <span class='ocrx_word' id='word_1_439' title='bbox 1033 2928 1105 2971; x_wconf 89' lang='lat' dir='ltr'>eam</span> <span class='ocrx_word' id='word_1_440' title='bbox 1157 2910 1267 2972; x_wconf 88' lang='lat' dir='ltr'>monia</span> <span class='ocrx_word' id='word_1_441' title='bbox 1289 2928 1326 2971; x_wconf 89' lang='lat' dir='ltr'>ae</span> <span class='ocrx_word' id='word_1_442' title='bbox 1344 2907 1476 2990; x_wconf 79' lang='lat' dir='ltr'>puritas.</span> <span class='ocrx_word' id='word_1_443' title='bbox 1505 2905 1649 2986; x_wconf 79' lang='lat' dir='ltr'>Denique</span> <span class='ocrx_word' id='word_1_444' title='bbox 1671 2926 1729 2986; x_wconf 75' lang='lat' dir='ltr'>uuo</span> <span class='ocrx_word' id='word_1_445' title='bbox 1751 2909 1869 2971; x_wconf 81' lang='lat' dir='ltr'>maiore</span> <span class='ocrx_word' id='word_1_446' title='bbox 1886 2908 2017 2988; x_wconf 84' lang='lat' dir='ltr'>quisque</span> <span class='ocrx_word' id='word_1_447' title='bbox 2033 2907 2136 2973; x_wconf 78' lang='lat' dir='ltr'>dudio</span> 
     </span>
     <span class='ocr_line' id='line_1_31' title="bbox 127 2991 2136 3078; baseline -0.001 -19"><span class='ocrx_word' id='word_1_448' title='bbox 127 3017 225 3077; x_wconf 89' lang='lat' dir='ltr'>qnam</span> <span class='ocrx_word' id='word_1_449' title='bbox 257 2994 448 3078; x_wconf 87' lang='lat' dir='ltr'>parentibus</span> <span class='ocrx_word' id='word_1_450' title='bbox 476 2993 596 3057; x_wconf 90' lang='lat' dir='ltr'>debent</span> <span class='ocrx_word' id='word_1_451' title='bbox 623 2995 856 3073; x_wconf 81' lang='lat' dir='ltr'>reverentiam3</span> <span class='ocrx_word' id='word_1_452' title='bbox 890 2994 1030 3076; x_wconf 91' lang='lat' dir='ltr'>denique</span> <span class='ocrx_word' id='word_1_453' title='bbox 1059 2994 1106 3057; x_wconf 90' lang='lat' dir='ltr'>sic</span> <span class='ocrx_word' id='word_1_454' title='bbox 1157 2997 1254 3058; x_wconf 80' lang='lat' dir='ltr'>vitaer</span> <span class='ocrx_word' id='word_1_455' title='bbox 1275 3014 1368 3057; x_wconf 90' lang='lat' dir='ltr'>suam</span> <span class='ocrx_word' id='word_1_456' title='bbox 1389 2993 1484 3073; x_wconf 75' lang='lat' dir='ltr'>eripit</span> <span class='ocrx_word' id='word_1_457' title='bbox 1510 2992 1553 3055; x_wconf 92' lang='lat' dir='ltr'>ad</span> <span class='ocrx_word' id='word_1_458' title='bbox 1574 3012 1716 3056; x_wconf 78' lang='lat' dir='ltr'>inimum</span> <span class='ocrx_word' id='word_1_459' title='bbox 1737 2992 1814 3075; x_wconf 79' lang='lat' dir='ltr'>lepis</span> <span class='ocrx_word' id='word_1_460' title='bbox 1835 2991 1913 3070; x_wconf 89' lang='lat' dir='ltr'>Dei,</span> <span class='ocrx_word' id='word_1_461' title='bbox 1942 3013 1975 3056; x_wconf 89' lang='lat' dir='ltr'>eo</span> <span class='ocrx_word' id='word_1_462' title='bbox 2003 2993 2136 3056; x_wconf 81' lang='lat' dir='ltr'>certiora</span> 
     </span>
     <span class='ocr_line' id='line_1_32' title="bbox 127 3077 2132 3162; baseline -0.002 -17"><span class='ocrx_word' id='word_1_463' title='bbox 127 3089 300 3157; x_wconf 81' lang='lat' dir='ltr'>excusant,</span> <span class='ocrx_word' id='word_1_464' title='bbox 329 3102 395 3145; x_wconf 92' lang='lat' dir='ltr'>non</span> <span class='ocrx_word' id='word_1_465' title='bbox 424 3089 461 3144; x_wconf 91' lang='lat' dir='ltr'>ut</span> <span class='ocrx_word' id='word_1_466' title='bbox 485 3100 520 3144; x_wconf 89' lang='lat' dir='ltr'>se</span> <span class='ocrx_word' id='word_1_467' title='bbox 543 3080 646 3144; x_wconf 87' lang='lat' dir='ltr'>iustos</span> <span class='ocrx_word' id='word_1_468' title='bbox 668 3101 739 3145; x_wconf 89' lang='lat' dir='ltr'>esse</span> <span class='ocrx_word' id='word_1_469' title='bbox 761 3101 798 3145; x_wconf 91' lang='lat' dir='ltr'>ao</span> <span class='ocrx_word' id='word_1_470' title='bbox 820 3081 1008 3144; x_wconf 89' lang='lat' dir='ltr'>innocentes</span> <span class='ocrx_word' id='word_1_471' title='bbox 1030 3100 1105 3161; x_wconf 91' lang='lat' dir='ltr'>pro·</span> <span class='ocrx_word' id='word_1_472' title='bbox 1151 3080 1359 3162; x_wconf 67' lang='lat' dir='ltr'>poeaitentiam</span> <span class='ocrx_word' id='word_1_473' title='bbox 1391 3098 1466 3142; x_wconf 86' lang='lat' dir='ltr'>suae</span> <span class='ocrx_word' id='word_1_474' title='bbox 1493 3079 1585 3159; x_wconf 80' lang='lat' dir='ltr'>sipna</span> <span class='ocrx_word' id='word_1_475' title='bbox 1617 3077 1686 3141; x_wconf 87' lang='lat' dir='ltr'>edit.</span> <span class='ocrx_word' id='word_1_476' title='bbox 1731 3077 1843 3158; x_wconf 79' lang='lat' dir='ltr'>ltaque</span> <span class='ocrx_word' id='word_1_477' title='bbox 1868 3079 2004 3160; x_wconf 83' lang='lat' dir='ltr'>spiritus</span> <span class='ocrx_word' id='word_1_478' title='bbox 2032 3097 2132 3160; x_wconf 81' lang='lat' dir='ltr'>saepe,</span> 
     </span>
     <span class='ocr_line' id='line_1_33' title="bbox 126 3163 2134 3247; baseline -0.002 -14"><span class='ocrx_word' id='word_1_479' title='bbox 126 3169 217 3245; x_wconf 90' lang='lat' dir='ltr'>bent,</span> <span class='ocrx_word' id='word_1_480' title='bbox 252 3167 310 3232; x_wconf 90' lang='lat' dir='ltr'>sed</span> <span class='ocrx_word' id='word_1_481' title='bbox 339 3174 470 3231; x_wconf 86' lang='lat' dir='ltr'>tantum</span> <span class='ocrx_word' id='word_1_482' title='bbox 490 3174 537 3247; x_wconf 89' lang='lat' dir='ltr'>ut</span> <span class='ocrx_word' id='word_1_483' title='bbox 564 3167 694 3232; x_wconf 85' lang='lat' dir='ltr'>veniam</span> <span class='ocrx_word' id='word_1_484' title='bbox 724 3167 900 3230; x_wconf 86' lang='lat' dir='ltr'>obtineant.</span> <span class='ocrx_word' id='word_1_485' title='bbox 947 3164 1105 3247; x_wconf 77' lang='lat' dir='ltr'>Sequitur</span> <span class='ocrx_word' id='word_1_486' title='bbox 1156 3169 1233 3232; x_wconf 90' lang='lat' dir='ltr'>dum</span> <span class='ocrx_word' id='word_1_487' title='bbox 1260 3186 1316 3230; x_wconf 86' lang='lat' dir='ltr'>nos</span> <span class='ocrx_word' id='word_1_488' title='bbox 1343 3165 1385 3228; x_wconf 89' lang='lat' dir='ltr'>ad</span> <span class='ocrx_word' id='word_1_489' title='bbox 1408 3165 1629 3245; x_wconf 67' lang='lat' dir='ltr'>poeaitentiam</span> <span class='ocrx_word' id='word_1_490' title='bbox 1655 3163 1809 3241; x_wconf 74' lang='lat' dir='ltr'>domatur,</span> <span class='ocrx_word' id='word_1_491' title='bbox 1837 3185 1919 3228; x_wconf 79' lang='lat' dir='ltr'>num</span> <span class='ocrx_word' id='word_1_492' title='bbox 1944 3165 1986 3228; x_wconf 89' lang='lat' dir='ltr'>od</span> <span class='ocrx_word' id='word_1_493' title='bbox 2007 3163 2134 3246; x_wconf 69' lang='lat' dir='ltr'>amaa</span> 
     </span>
     <span class='ocr_line' id='line_1_34' title="bbox 125 3249 2133 3337; baseline -0.002 -20"><span class='ocrx_word' id='word_1_494' title='bbox 125 3252 321 3337; x_wconf 85' lang='lat' dir='ltr'>indignatio,</span> <span class='ocrx_word' id='word_1_495' title='bbox 345 3273 409 3334; x_wconf 89' lang='lat' dir='ltr'>qua</span> <span class='ocrx_word' id='word_1_496' title='bbox 430 3260 581 3336; x_wconf 79' lang='lat' dir='ltr'>peccator</span> <span class='ocrx_word' id='word_1_497' title='bbox 603 3273 713 3317; x_wconf 90' lang='lat' dir='ltr'>seeum</span> <span class='ocrx_word' id='word_1_498' title='bbox 734 3252 824 3316; x_wconf 89' lang='lat' dir='ltr'>intus</span> <span class='ocrx_word' id='word_1_499' title='bbox 845 3253 971 3330; x_wconf 89' lang='lat' dir='ltr'>fremit,</span> <span class='ocrx_word' id='word_1_500' title='bbox 995 3272 1104 3315; x_wconf 88' lang='lat' dir='ltr'>secum</span> <span class='ocrx_word' id='word_1_501' title='bbox 1158 3254 1235 3335; x_wconf 83' lang='lat' dir='ltr'>lepis</span> <span class='ocrx_word' id='word_1_502' title='bbox 1250 3255 1430 3333; x_wconf 83' lang='lat' dir='ltr'>praecepta,</span> <span class='ocrx_word' id='word_1_503' title='bbox 1458 3270 1540 3313; x_wconf 73' lang='lat' dir='ltr'>etune</span> <span class='ocrx_word' id='word_1_504' title='bbox 1567 3249 1610 3313; x_wconf 90' lang='lat' dir='ltr'>ad</span> <span class='ocrx_word' id='word_1_505' title='bbox 1637 3249 1741 3330; x_wconf 68' lang='lat' dir='ltr'>officia</span> <span class='ocrx_word' id='word_1_506' title='bbox 1763 3251 1914 3314; x_wconf 87' lang='lat' dir='ltr'>secundae</span> <span class='ocrx_word' id='word_1_507' title='bbox 1935 3249 2056 3312; x_wconf 73' lang='lat' dir='ltr'>tubulm</span> <span class='ocrx_word' id='word_1_508' title='bbox 2077 3268 2133 3313; x_wconf 91' lang='lat' dir='ltr'>nos</span> 
     </span>
     <span class='ocr_line' id='line_1_35' title="bbox 125 3335 2133 3423; baseline -0.002 -19"><span class='ocrx_word' id='word_1_509' title='bbox 125 3339 329 3423; x_wconf 80' lang='lat' dir='ltr'>expostulat,</span> <span class='ocrx_word' id='word_1_510' title='bbox 356 3339 417 3402; x_wconf 91' lang='lat' dir='ltr'>sibi</span> <span class='ocrx_word' id='word_1_511' title='bbox 439 3339 607 3416; x_wconf 87' lang='lat' dir='ltr'>irascitur,</span> <span class='ocrx_word' id='word_1_512' title='bbox 635 3337 715 3402; x_wconf 89' lang='lat' dir='ltr'>dum</span> <span class='ocrx_word' id='word_1_513' title='bbox 742 3358 836 3403; x_wconf 86' lang='lat' dir='ltr'>suam</span> <span class='ocrx_word' id='word_1_514' title='bbox 857 3339 1105 3420; x_wconf 84' lang='lat' dir='ltr'>perversitatem</span> <span class='ocrx_word' id='word_1_515' title='bbox 1156 3344 1291 3414; x_wconf 86' lang='lat' dir='ltr'>recocat;</span> <span class='ocrx_word' id='word_1_516' title='bbox 1313 3357 1494 3418; x_wconf 79' lang='lat' dir='ltr'>quanquam</span> <span class='ocrx_word' id='word_1_517' title='bbox 1516 3335 1592 3399; x_wconf 82' lang='lat' dir='ltr'>attis</span> <span class='ocrx_word' id='word_1_518' title='bbox 1613 3335 1697 3412; x_wconf 82' lang='lat' dir='ltr'>locis,</span> <span class='ocrx_word' id='word_1_519' title='bbox 1713 3341 1881 3417; x_wconf 83' lang='lat' dir='ltr'>postquam</span> <span class='ocrx_word' id='word_1_520' title='bbox 1903 3335 2133 3399; x_wconf 80' lang='lat' dir='ltr'>immunditiem</span> 
     </span>
     <span class='ocr_line' id='line_1_36' title="bbox 125 3421 2132 3508; baseline -0.002 -18"><span class='ocrx_word' id='word_1_521' title='bbox 125 3446 285 3505; x_wconf 86' lang='lat' dir='ltr'>suamque</span> <span class='ocrx_word' id='word_1_522' title='bbox 313 3425 347 3487; x_wconf 91' lang='lat' dir='ltr'>in</span> <span class='ocrx_word' id='word_1_523' title='bbox 367 3425 476 3488; x_wconf 91' lang='lat' dir='ltr'>Deum</span> <span class='ocrx_word' id='word_1_524' title='bbox 499 3424 772 3506; x_wconf 88' lang='lat' dir='ltr'>ingratitudinem</span> <span class='ocrx_word' id='word_1_525' title='bbox 793 3425 1003 3508; x_wconf 85' lang='lat' dir='ltr'>recognoscit.</span> <span class='ocrx_word' id='word_1_526' title='bbox 1049 3424 1104 3487; x_wconf 78' lang='lat' dir='ltr'>&#39;Pi-</span> <span class='ocrx_word' id='word_1_527' title='bbox 1156 3425 1316 3489; x_wconf 77' lang='lat' dir='ltr'>damiranit</span> <span class='ocrx_word' id='word_1_528' title='bbox 1338 3423 1565 3504; x_wconf 72' lang='lat' dir='ltr'>inspectante</span> <span class='ocrx_word' id='word_1_529' title='bbox 1590 3422 1707 3499; x_wconf 86' lang='lat' dir='ltr'>cordis,</span> <span class='ocrx_word' id='word_1_530' title='bbox 1734 3422 1844 3487; x_wconf 88' lang='lat' dir='ltr'>deiude</span> <span class='ocrx_word' id='word_1_531' title='bbox 1865 3421 1907 3484; x_wconf 90' lang='lat' dir='ltr'>ad</span> <span class='ocrx_word' id='word_1_532' title='bbox 1928 3426 2054 3485; x_wconf 79' lang='lat' dir='ltr'>ente-rna</span> <span class='ocrx_word' id='word_1_533' title='bbox 2074 3425 2132 3485; x_wconf 81' lang='lat' dir='ltr'>tes·</span> 
     </span>
     <span class='ocr_line' id='line_1_37' title="bbox 124 3504 2134 3593; baseline -0.002 -19"><span class='ocrx_word' id='word_1_534' title='bbox 124 3511 227 3574; x_wconf 91' lang='lat' dir='ltr'>moris</span> <span class='ocrx_word' id='word_1_535' title='bbox 259 3504 391 3572; x_wconf 85' lang='lat' dir='ltr'>nomine</span> <span class='ocrx_word' id='word_1_536' title='bbox 423 3510 578 3593; x_wconf 83' lang='lat' dir='ltr'>intelligit</span> <span class='ocrx_word' id='word_1_537' title='bbox 605 3510 696 3574; x_wconf 85' lang='lat' dir='ltr'>illam</span> <span class='ocrx_word' id='word_1_538' title='bbox 724 3508 990 3591; x_wconf 89' lang='lat' dir='ltr'>trepidationem,</span> <span class='ocrx_word' id='word_1_539' title='bbox 1021 3530 1104 3592; x_wconf 88' lang='lat' dir='ltr'>quae</span> <span class='ocrx_word' id='word_1_540' title='bbox 1156 3512 1287 3575; x_wconf 87' lang='lat' dir='ltr'>timonia</span> <span class='ocrx_word' id='word_1_541' title='bbox 1308 3509 1474 3586; x_wconf 85' lang='lat' dir='ltr'>descendit,</span> <span class='ocrx_word' id='word_1_542' title='bbox 1502 3528 1580 3588; x_wconf 83' lang='lat' dir='ltr'>quae</span> <span class='ocrx_word' id='word_1_543' title='bbox 1601 3507 1755 3571; x_wconf 88' lang='lat' dir='ltr'>sinceram</span> <span class='ocrx_word' id='word_1_544' title='bbox 1781 3508 2028 3587; x_wconf 68' lang='lat' dir='ltr'>resipiscentiam</span> <span class='ocrx_word' id='word_1_545' title='bbox 2056 3526 2134 3570; x_wconf 77' lang='lat' dir='ltr'>com</span> 
     </span>
     <span class='ocr_line' id='line_1_38' title="bbox 123 3592 2134 3678; baseline -0.002 -18"><span class='ocrx_word' id='word_1_546' title='bbox 123 3594 293 3660; x_wconf 89' lang='lat' dir='ltr'>mentibus</span> <span class='ocrx_word' id='word_1_547' title='bbox 310 3594 430 3658; x_wconf 88' lang='lat' dir='ltr'>nostris</span> <span class='ocrx_word' id='word_1_548' title='bbox 447 3596 615 3674; x_wconf 90' lang='lat' dir='ltr'>incutitur,</span> <span class='ocrx_word' id='word_1_549' title='bbox 634 3596 760 3677; x_wconf 89' lang='lat' dir='ltr'>quotics</span> <span class='ocrx_word' id='word_1_550' title='bbox 779 3596 958 3678; x_wconf 89' lang='lat' dir='ltr'>cogitamus</span> <span class='ocrx_word' id='word_1_551' title='bbox 977 3594 1106 3677; x_wconf 86' lang='lat' dir='ltr'>etquid</span> <span class='ocrx_word' id='word_1_552' title='bbox 1156 3597 1313 3661; x_wconf 75' lang='lat' dir='ltr'>mendant.</span> <span class='ocrx_word' id='word_1_553' title='bbox 1371 3594 1471 3658; x_wconf 72' lang='lat' dir='ltr'>Graius</span> <span class='ocrx_word' id='word_1_554' title='bbox 1502 3594 1549 3657; x_wconf 84' lang='lat' dir='ltr'>rei</span> <span class='ocrx_word' id='word_1_555' title='bbox 1581 3592 1721 3657; x_wconf 84' lang='lat' dir='ltr'>tabulam</span> <span class='ocrx_word' id='word_1_556' title='bbox 1752 3595 1787 3657; x_wconf 89' lang='lat' dir='ltr'>iu</span> <span class='ocrx_word' id='word_1_557' title='bbox 1819 3593 2020 3675; x_wconf 82' lang='lat' dir='ltr'>descriptione</span> <span class='ocrx_word' id='word_1_558' title='bbox 2051 3593 2134 3656; x_wconf 80' lang='lat' dir='ltr'>udae</span> 
     </span>
     <span class='ocr_line' id='line_1_39' title="bbox 124 3677 2133 3762; baseline -0.003 -15"><span class='ocrx_word' id='word_1_559' title='bbox 124 3704 185 3747; x_wconf 91' lang='lat' dir='ltr'>nos</span> <span class='ocrx_word' id='word_1_560' title='bbox 206 3681 308 3744; x_wconf 91' lang='lat' dir='ltr'>simus</span> <span class='ocrx_word' id='word_1_561' title='bbox 330 3679 448 3756; x_wconf 89' lang='lat' dir='ltr'>meriti,</span> <span class='ocrx_word' id='word_1_562' title='bbox 471 3689 504 3744; x_wconf 90' lang='lat' dir='ltr'>et</span> <span class='ocrx_word' id='word_1_563' title='bbox 521 3703 617 3762; x_wconf 88' lang='lat' dir='ltr'>qnam</span> <span class='ocrx_word' id='word_1_564' title='bbox 640 3681 805 3746; x_wconf 88' lang='lat' dir='ltr'>horribilis</span> <span class='ocrx_word' id='word_1_565' title='bbox 825 3684 869 3747; x_wconf 89' lang='lat' dir='ltr'>sit</span> <span class='ocrx_word' id='word_1_566' title='bbox 883 3684 953 3746; x_wconf 87' lang='lat' dir='ltr'>irae</span> <span class='ocrx_word' id='word_1_567' title='bbox 975 3681 1105 3746; x_wconf 83' lang='lat' dir='ltr'>divinae</span> <span class='ocrx_word' id='word_1_568' title='bbox 1157 3683 1345 3748; x_wconf 81' lang='lat' dir='ltr'>cle-ristitrnae</span> <span class='ocrx_word' id='word_1_569' title='bbox 1372 3701 1443 3743; x_wconf 79' lang='lat' dir='ltr'>inca</span> <span class='ocrx_word' id='word_1_570' title='bbox 1465 3679 1632 3743; x_wconf 73' lang='lat' dir='ltr'>subiiciunt</span> <span class='ocrx_word' id='word_1_571' title='bbox 1659 3679 1803 3744; x_wconf 73' lang='lat' dir='ltr'>lectonm</span> <span class='ocrx_word' id='word_1_572' title='bbox 1824 3680 1930 3743; x_wconf 86' lang='lat' dir='ltr'>ocutis.</span> <span class='ocrx_word' id='word_1_573' title='bbox 1976 3679 2048 3742; x_wconf 87' lang='lat' dir='ltr'>Non</span> <span class='ocrx_word' id='word_1_574' title='bbox 2076 3677 2133 3742; x_wconf 90' lang='lat' dir='ltr'>cot-</span> 
     </span>
     <span class='ocr_line' id='line_1_40' title="bbox 125 3763 2132 3851; baseline -0.005 -17"><span class='ocrx_word' id='word_1_575' title='bbox 125 3768 283 3833; x_wconf 85' lang='lat' dir='ltr'>sereritas</span> <span class='ocrx_word' id='word_1_576' title='bbox 305 3767 341 3829; x_wconf 91' lang='lat' dir='ltr'>in</span> <span class='ocrx_word' id='word_1_577' title='bbox 362 3775 556 3848; x_wconf 88' lang='lat' dir='ltr'>peccatores.</span> <span class='ocrx_word' id='word_1_578' title='bbox 601 3768 746 3832; x_wconf 89' lang='lat' dir='ltr'>Mirabili</span> <span class='ocrx_word' id='word_1_579' title='bbox 769 3769 857 3832; x_wconf 88' lang='lat' dir='ltr'>enim</span> <span class='ocrx_word' id='word_1_580' title='bbox 880 3766 1105 3850; x_wconf 91' lang='lat' dir='ltr'>inquictudine</span> <span class='ocrx_word' id='word_1_581' title='bbox 1156 3770 1254 3851; x_wconf 79' lang='lat' dir='ltr'>tipum</span> <span class='ocrx_word' id='word_1_582' title='bbox 1281 3788 1319 3830; x_wconf 85' lang='lat' dir='ltr'>ea</span> <span class='ocrx_word' id='word_1_583' title='bbox 1340 3764 1500 3847; x_wconf 73' lang='lat' dir='ltr'>prophetis</span> <span class='ocrx_word' id='word_1_584' title='bbox 1529 3766 1704 3830; x_wconf 86' lang='lat' dir='ltr'>testimonia</span> <span class='ocrx_word' id='word_1_585' title='bbox 1731 3765 1844 3846; x_wconf 82' lang='lat' dir='ltr'>quibus</span> <span class='ocrx_word' id='word_1_586' title='bbox 1860 3765 1984 3845; x_wconf 82' lang='lat' dir='ltr'>partim</span> <span class='ocrx_word' id='word_1_587' title='bbox 2004 3763 2132 3827; x_wconf 78' lang='lat' dir='ltr'>srebsam</span> 
     </span>
     <span class='ocr_line' id='line_1_41' title="bbox 124 3848 2133 3936; baseline -0.002 -19"><span class='ocrx_word' id='word_1_588' title='bbox 124 3861 202 3919; x_wconf 90' lang='lat' dir='ltr'>tunc</span> <span class='ocrx_word' id='word_1_589' title='bbox 224 3872 286 3916; x_wconf 92' lang='lat' dir='ltr'>nos</span> <span class='ocrx_word' id='word_1_590' title='bbox 304 3851 419 3916; x_wconf 71' lang='lat' dir='ltr'>verini</span> <span class='ocrx_word' id='word_1_591' title='bbox 440 3873 571 3917; x_wconf 86' lang='lat' dir='ltr'>necesse</span> <span class='ocrx_word' id='word_1_592' title='bbox 593 3861 650 3931; x_wconf 77' lang='lat' dir='ltr'>est,</span> <span class='ocrx_word' id='word_1_593' title='bbox 674 3863 850 3936; x_wconf 87' lang='lat' dir='ltr'>quactum</span> <span class='ocrx_word' id='word_1_594' title='bbox 872 3853 913 3918; x_wconf 86' lang='lat' dir='ltr'>ad</span> <span class='ocrx_word' id='word_1_595' title='bbox 936 3854 1105 3917; x_wconf 89' lang='lat' dir='ltr'>humilita-</span> <span class='ocrx_word' id='word_1_596' title='bbox 1158 3860 1359 3919; x_wconf 80' lang='lat' dir='ltr'>sardeorum</span> <span class='ocrx_word' id='word_1_597' title='bbox 1383 3851 1524 3933; x_wconf 77' lang='lat' dir='ltr'>nuptias,</span> <span class='ocrx_word' id='word_1_598' title='bbox 1547 3852 1602 3930; x_wconf 77' lang='lat' dir='ltr'>arci</span> <span class='ocrx_word' id='word_1_599' title='bbox 1624 3852 1823 3922; x_wconf 83' lang='lat' dir='ltr'>caerauoniis</span> <span class='ocrx_word' id='word_1_600' title='bbox 1836 3849 2017 3913; x_wconf 75' lang='lat' dir='ltr'>coincidunt</span> <span class='ocrx_word' id='word_1_601' title='bbox 2027 3848 2133 3912; x_wconf 85' lang='lat' dir='ltr'>Deum</span> 
     </span>
     <span class='ocr_line' id='line_1_42' title="bbox 125 3935 2133 4023; baseline -0.001 -19"><span class='ocrx_word' id='word_1_602' title='bbox 125 3950 190 4004; x_wconf 91' lang='lat' dir='ltr'>tem</span> <span class='ocrx_word' id='word_1_603' title='bbox 220 3960 279 4003; x_wconf 93' lang='lat' dir='ltr'>nos</span> <span class='ocrx_word' id='word_1_604' title='bbox 308 3938 432 4016; x_wconf 90' lang='lat' dir='ltr'>erudit,</span> <span class='ocrx_word' id='word_1_605' title='bbox 463 3949 535 4002; x_wconf 90' lang='lat' dir='ltr'>tum</span> <span class='ocrx_word' id='word_1_606' title='bbox 557 3939 716 4004; x_wconf 87' lang='lat' dir='ltr'>cautiores</span> <span class='ocrx_word' id='word_1_607' title='bbox 739 3940 774 4003; x_wconf 92' lang='lat' dir='ltr'>in</span> <span class='ocrx_word' id='word_1_608' title='bbox 796 3951 964 4022; x_wconf 87' lang='lat' dir='ltr'>posterum</span> <span class='ocrx_word' id='word_1_609' title='bbox 986 3938 1102 4003; x_wconf 88' lang='lat' dir='ltr'>reddit</span> <span class='ocrx_word' id='word_1_610' title='bbox 1151 3941 1296 4023; x_wconf 82' lang='lat' dir='ltr'>placare,</span> <span class='ocrx_word' id='word_1_611' title='bbox 1325 3939 1543 4016; x_wconf 83' lang='lat' dir='ltr'>ostenduntque</span> <span class='ocrx_word' id='word_1_612' title='bbox 1564 3938 1652 4001; x_wconf 74' lang='lat' dir='ltr'>mna</span> <span class='ocrx_word' id='word_1_613' title='bbox 1673 3957 1737 4001; x_wconf 88' lang='lat' dir='ltr'>esse</span> <span class='ocrx_word' id='word_1_614' title='bbox 1759 3936 1898 4011; x_wconf 67' lang='lat' dir='ltr'>iudicum</span> <span class='ocrx_word' id='word_1_615' title='bbox 1920 3935 2133 4016; x_wconf 84' lang='lat' dir='ltr'>pertimuere</span> 
     </span>
     <span class='ocr_line' id='line_1_43' title="bbox 125 4021 2134 4108; baseline -0.003 -17"><span class='ocrx_word' id='word_1_616' title='bbox 125 4025 222 4106; x_wconf 79' lang='lat' dir='ltr'>Quod</span> <span class='ocrx_word' id='word_1_617' title='bbox 250 4026 277 4090; x_wconf 92' lang='lat' dir='ltr'>si</span> <span class='ocrx_word' id='word_1_618' title='bbox 305 4025 410 4088; x_wconf 90' lang='lat' dir='ltr'>oritur</span> <span class='ocrx_word' id='word_1_619' title='bbox 433 4046 474 4088; x_wconf 81' lang='lat' dir='ltr'>ex</span> <span class='ocrx_word' id='word_1_620' title='bbox 496 4024 613 4087; x_wconf 89' lang='lat' dir='ltr'>timore</span> <span class='ocrx_word' id='word_1_621' title='bbox 635 4024 830 4103; x_wconf 85' lang='lat' dir='ltr'>sollicitudo,</span> <span class='ocrx_word' id='word_1_622' title='bbox 860 4025 899 4090; x_wconf 91' lang='lat' dir='ltr'>de</span> <span class='ocrx_word' id='word_1_623' title='bbox 927 4047 991 4108; x_wconf 89' lang='lat' dir='ltr'>qua</span> <span class='ocrx_word' id='word_1_624' title='bbox 1012 4027 1104 4108; x_wconf 91' lang='lat' dir='ltr'>prius</span> <span class='ocrx_word' id='word_1_625' title='bbox 1156 4032 1315 4091; x_wconf 77' lang='lat' dir='ltr'>aeternam</span> <span class='ocrx_word' id='word_1_626' title='bbox 1337 4025 1417 4088; x_wconf 85' lang='lat' dir='ltr'>uitae</span> <span class='ocrx_word' id='word_1_627' title='bbox 1439 4024 1644 4105; x_wconf 79' lang='lat' dir='ltr'>iidepritatem</span> <span class='ocrx_word' id='word_1_628' title='bbox 1665 4021 1770 4085; x_wconf 85' lang='lat' dir='ltr'>docent</span> <span class='ocrx_word' id='word_1_629' title='bbox 1790 4042 1851 4085; x_wconf 77' lang='lat' dir='ltr'>oron</span> <span class='ocrx_word' id='word_1_630' title='bbox 1868 4040 1932 4084; x_wconf 88' lang='lat' dir='ltr'>esse</span> <span class='ocrx_word' id='word_1_631' title='bbox 1953 4026 2046 4102; x_wconf 87' lang='lat' dir='ltr'>caput</span> <span class='ocrx_word' id='word_1_632' title='bbox 2062 4041 2134 4103; x_wconf 92' lang='lat' dir='ltr'>poe-</span> 
     </span>
    </p>
   </div>
   <div class='ocr_carea' id='block_1_3' title="bbox 124 4108 2232 4192">
    <p class='ocr_par' dir='ltr' id='par_1_4' title="bbox 124 4108 2232 4192">
     <span class='ocr_line' id='line_1_44' title="bbox 124 4108 2232 4192; baseline -0.002 -17"><span class='ocrx_word' id='word_1_633' title='bbox 124 4112 261 4187; x_wconf 80' lang='lat' dir='ltr'>direrat,</span> <span class='ocrx_word' id='word_1_634' title='bbox 286 4110 434 4176; x_wconf 86' lang='lat' dir='ltr'>videmus</span> <span class='ocrx_word' id='word_1_635' title='bbox 456 4130 519 4192; x_wconf 92' lang='lat' dir='ltr'>quo</span> <span class='ocrx_word' id='word_1_636' title='bbox 542 4131 631 4173; x_wconf 83' lang='lat' dir='ltr'>nexu</span> <span class='ocrx_word' id='word_1_637' title='bbox 654 4110 733 4176; x_wconf 87' lang='lat' dir='ltr'>haec</span> <span class='ocrx_word' id='word_1_638' title='bbox 752 4112 838 4176; x_wconf 88' lang='lat' dir='ltr'>inter</span> <span class='ocrx_word' id='word_1_639' title='bbox 851 4134 886 4176; x_wconf 91' lang='lat' dir='ltr'>se</span> <span class='ocrx_word' id='word_1_640' title='bbox 897 4112 1101 4177; x_wconf 86' lang='lat' dir='ltr'>cohaereant</span> <span class='ocrx_word' id='word_1_641' title='bbox 1155 4114 1316 4190; x_wconf 83' lang='lat' dir='ltr'>nitentiae,</span> <span class='ocrx_word' id='word_1_642' title='bbox 1344 4110 1422 4192; x_wconf 81' lang='lat' dir='ltr'>quia</span> <span class='ocrx_word' id='word_1_643' title='bbox 1449 4108 1538 4174; x_wconf 77' lang='lat' dir='ltr'>Dus</span> <span class='ocrx_word' id='word_1_644' title='bbox 1569 4128 1620 4172; x_wconf 82' lang='lat' dir='ltr'>cor</span> <span class='ocrx_word' id='word_1_645' title='bbox 1651 4108 1793 4171; x_wconf 65' lang='lat' dir='ltr'>induetur.</span> <span class='ocrx_word' id='word_1_646' title='bbox 1843 4108 1993 4188; x_wconf 76' lang='lat' dir='ltr'>Quisquis</span> <span class='ocrx_word' id='word_1_647' title='bbox 2020 4108 2134 4172; x_wconf 89' lang='lat' dir='ltr'>medio-</span> <span class='ocrx_word' id='word_1_648' title='bbox 2229 4115 2232 4120; x_wconf 86' lang='grc'><strong>’</strong></span> 
     </span>
    </p>
   </div>
   <div class='ocr_carea' id='block_1_4' title="bbox 81 4193 2133 4365">
    <p class='ocr_par' dir='ltr' id='par_1_5' title="bbox 81 4193 2133 4365">
     <span class='ocr_line' id='line_1_45' title="bbox 81 4193 2133 4280; baseline -0.003 -18"><span class='ocrx_word' id='word_1_649' title='bbox 81 4270 86 4278; x_wconf 46' lang='grc'><em>,</em></span> <span class='ocrx_word' id='word_1_650' title='bbox 124 4198 333 4262; x_wconf 88' lang='lat' dir='ltr'>Desiderinm</span> <span class='ocrx_word' id='word_1_651' title='bbox 357 4195 488 4261; x_wconf 84' lang='lat' dir='ltr'>videtur</span> <span class='ocrx_word' id='word_1_652' title='bbox 516 4195 597 4258; x_wconf 89' lang='lat' dir='ltr'>mihi</span> <span class='ocrx_word' id='word_1_653' title='bbox 625 4198 770 4278; x_wconf 86' lang='lat' dir='ltr'>posuisse</span> <span class='ocrx_word' id='word_1_654' title='bbox 793 4219 852 4280; x_wconf 91' lang='lat' dir='ltr'>pro</span> <span class='ocrx_word' id='word_1_655' title='bbox 874 4198 1048 4263; x_wconf 86' lang='lat' dir='ltr'>sedulitate</span> <span class='ocrx_word' id='word_1_656' title='bbox 1068 4200 1103 4260; x_wconf 91' lang='lat' dir='ltr'>in</span> <span class='ocrx_word' id='word_1_657' title='bbox 1155 4200 1248 4263; x_wconf 80' lang='lat' dir='ltr'>ariter</span> <span class='ocrx_word' id='word_1_658' title='bbox 1269 4199 1302 4262; x_wconf 89' lang='lat' dir='ltr'>in</span> <span class='ocrx_word' id='word_1_659' title='bbox 1325 4196 1490 4276; x_wconf 83' lang='lat' dir='ltr'>scriptura.</span> <span class='ocrx_word' id='word_1_660' title='bbox 1503 4197 1644 4257; x_wconf 78' lang='lat' dir='ltr'>ansatus</span> <span class='ocrx_word' id='word_1_661' title='bbox 1661 4193 1773 4271; x_wconf 82' lang='lat' dir='ltr'>fuerit,</span> <span class='ocrx_word' id='word_1_662' title='bbox 1789 4213 1850 4274; x_wconf 84' lang='lat' dir='ltr'>per</span> <span class='ocrx_word' id='word_1_663' title='bbox 1871 4214 1903 4257; x_wconf 89' lang='lat' dir='ltr'>se</span> <span class='ocrx_word' id='word_1_664' title='bbox 1925 4194 2039 4273; x_wconf 79' lang='lat' dir='ltr'>absque</span> <span class='ocrx_word' id='word_1_665' title='bbox 2061 4193 2133 4255; x_wconf 74' lang='lat' dir='ltr'>aitte</span> 
     </span>
     <span class='ocr_line' id='line_1_46' title="bbox 125 4277 2133 4365; baseline -0.003 -18"><span class='ocrx_word' id='word_1_666' title='bbox 125 4285 228 4349; x_wconf 82' lang='lat' dir='ltr'>officio</span> <span class='ocrx_word' id='word_1_667' title='bbox 258 4292 291 4348; x_wconf 91' lang='lat' dir='ltr'>et</span> <span class='ocrx_word' id='word_1_668' title='bbox 318 4281 515 4364; x_wconf 90' lang='lat' dir='ltr'>obsequendi</span> <span class='ocrx_word' id='word_1_669' title='bbox 545 4282 727 4359; x_wconf 85' lang='lat' dir='ltr'>alacritate,</span> <span class='ocrx_word' id='word_1_670' title='bbox 760 4282 802 4348; x_wconf 91' lang='lat' dir='ltr'>ad</span> <span class='ocrx_word' id='word_1_671' title='bbox 829 4304 926 4365; x_wconf 86' lang='lat' dir='ltr'>quam</span> <span class='ocrx_word' id='word_1_672' title='bbox 959 4285 1103 4348; x_wconf 73' lang='lat' dir='ltr'>maxime</span> <span class='ocrx_word' id='word_1_673' title='bbox 1154 4286 1226 4348; x_wconf 80' lang='lat' dir='ltr'>rius</span> <span class='ocrx_word' id='word_1_674' title='bbox 1247 4284 1365 4348; x_wconf 80' lang='lat' dir='ltr'>nwndu</span> <span class='ocrx_word' id='word_1_675' title='bbox 1386 4280 1538 4362; x_wconf 68' lang='lat' dir='ltr'>intelliget,</span> <span class='ocrx_word' id='word_1_676' title='bbox 1560 4279 1613 4342; x_wconf 89' lang='lat' dir='ltr'>ubi</span> <span class='ocrx_word' id='word_1_677' title='bbox 1635 4299 1703 4342; x_wconf 89' lang='lat' dir='ltr'>cum</span> <span class='ocrx_word' id='word_1_678' title='bbox 1720 4278 1788 4343; x_wconf 86' lang='lat' dir='ltr'>Deo</span> <span class='ocrx_word' id='word_1_679' title='bbox 1808 4281 1961 4361; x_wconf 70' lang='lat' dir='ltr'>negotium</span> <span class='ocrx_word' id='word_1_680' title='bbox 1979 4284 2030 4356; x_wconf 89' lang='lat' dir='ltr'>est,</span> <span class='ocrx_word' id='word_1_681' title='bbox 2052 4277 2133 4341; x_wconf 78' lang='lat' dir='ltr'>itilrit</span> 
     </span>
    </p>
   </div>
   <div class='ocr_carea' id='block_1_5' title="bbox 123 4360 2134 4520">
    <p class='ocr_par' dir='ltr' id='par_1_6' title="bbox 123 4360 2134 4520">
     <span class='ocr_line' id='line_1_47' title="bbox 123 4360 2134 4520; baseline -0.003 -88"><span class='ocrx_word' id='word_1_682' title='bbox 123 4390 300 4451; x_wconf 87' lang='lat' dir='ltr'>provocare</span> <span class='ocrx_word' id='word_1_683' title='bbox 327 4389 386 4434; x_wconf 92' lang='lat' dir='ltr'>nos</span> <span class='ocrx_word' id='word_1_684' title='bbox 415 4367 511 4433; x_wconf 90' lang='lat' dir='ltr'>debet</span> <span class='ocrx_word' id='word_1_685' title='bbox 539 4367 730 4432; x_wconf 90' lang='lat' dir='ltr'>delictorum</span> <span class='ocrx_word' id='word_1_686' title='bbox 758 4377 944 4445; x_wconf 85' lang='lat' dir='ltr'>nostrorum</span> <span class='ocrx_word' id='word_1_687' title='bbox 970 4370 1101 4452; x_wconf 86' lang='lat' dir='ltr'>agnitio.</span> <span class='ocrx_word' id='word_1_688' title='bbox 1155 4371 1208 4520; x_wconf 73' lang='lat' dir='ltr'>qpi</span> <span class='ocrx_word' id='word_1_689' title='bbox 1239 4370 1305 4434; x_wconf 88' lang='lat' dir='ltr'>nisi</span> <span class='ocrx_word' id='word_1_690' title='bbox 1337 4367 1376 4433; x_wconf 85' lang='lat' dir='ltr'>ab</span> <span class='ocrx_word' id='word_1_691' title='bbox 1408 4367 1552 4432; x_wconf 71' lang='lat' dir='ltr'>interiore</span> <span class='ocrx_word' id='word_1_692' title='bbox 1589 4365 1691 4428; x_wconf 83' lang='lat' dir='ltr'>cordis</span> <span class='ocrx_word' id='word_1_693' title='bbox 1721 4366 1831 4446; x_wconf 80' lang='lat' dir='ltr'>affectu</span> <span class='ocrx_word' id='word_1_694' title='bbox 1863 4366 2040 4445; x_wconf 83' lang='lat' dir='ltr'>ine-ipimus.</span> <span class='ocrx_word' id='word_1_695' title='bbox 2089 4360 2134 4426; x_wconf 81' lang='lat' dir='ltr'>Et</span> 
     </span>
     <span class='ocr_line' id='line_1_48' title="bbox 1176 4477 1193 4519; baseline 0 0"><span class='ocrx_word' id='word_1_696' title='bbox 1176 4477 1193 4519; x_wconf 94' lang='lat' dir='ltr'>o</span> 
     </span>
    </p>
   </div>
   <div class='ocr_carea' id='block_1_6' title="bbox 64 4447 2134 5140">
    <p class='ocr_par' dir='ltr' id='par_1_7' title="bbox 64 4447 2134 5140">
     <span class='ocr_line' id='line_1_49' title="bbox 123 4447 2134 4538; baseline -0.003 -19"><span class='ocrx_word' id='word_1_697' title='bbox 123 4454 200 4521; x_wconf 92' lang='lat' dir='ltr'>Huc</span> <span class='ocrx_word' id='word_1_698' title='bbox 221 4477 349 4538; x_wconf 91' lang='lat' dir='ltr'>quoque</span> <span class='ocrx_word' id='word_1_699' title='bbox 361 4455 506 4538; x_wconf 89' lang='lat' dir='ltr'>pertinet</span> <span class='ocrx_word' id='word_1_700' title='bbox 527 4455 616 4518; x_wconf 86' lang='lat' dir='ltr'>zelus</span> <span class='ocrx_word' id='word_1_701' title='bbox 638 4474 735 4536; x_wconf 88' lang='lat' dir='ltr'>quern</span> <span class='ocrx_word' id='word_1_702' title='bbox 749 4456 903 4520; x_wconf 67' lang='lat' dir='ltr'>contnuo</span> <span class='ocrx_word' id='word_1_703' title='bbox 916 4455 1101 4538; x_wconf 82' lang='lat' dir='ltr'>subiungit3</span> <span class='ocrx_word' id='word_1_704' title='bbox 1193 4456 1250 4520; x_wconf 85' lang='lat' dir='ltr'>etis</span> <span class='ocrx_word' id='word_1_705' title='bbox 1271 4456 1355 4519; x_wconf 88' lang='lat' dir='ltr'>locus</span> <span class='ocrx_word' id='word_1_706' title='bbox 1373 4452 1417 4538; x_wconf 85' lang='lat'>(2,</span> <span class='ocrx_word' id='word_1_707' title='bbox 1433 4453 1487 4534; x_wconf 88' lang='grc'>13)</span> <span class='ocrx_word' id='word_1_708' title='bbox 1509 4451 1585 4514; x_wconf 86' lang='lat' dir='ltr'>otiis</span> <span class='ocrx_word' id='word_1_709' title='bbox 1607 4450 1815 4533; x_wconf 79' lang='lat' dir='ltr'>iidettipendis</span> <span class='ocrx_word' id='word_1_710' title='bbox 1835 4471 1897 4513; x_wconf 79' lang='lat' dir='ltr'>reon</span> <span class='ocrx_word' id='word_1_711' title='bbox 1915 4469 2032 4530; x_wconf 80' lang='lat' dir='ltr'>parum</span> <span class='ocrx_word' id='word_1_712' title='bbox 2053 4447 2134 4512; x_wconf 83' lang='lat' dir='ltr'>uate-</span> 
     </span>
     <span class='ocr_line' id='line_1_50' title="bbox 124 4536 2132 4624; baseline -0.003 -19"><span class='ocrx_word' id='word_1_713' title='bbox 124 4540 273 4605; x_wconf 86' lang='lat' dir='ltr'>ardorem</span> <span class='ocrx_word' id='word_1_714' title='bbox 295 4542 383 4605; x_wconf 88' lang='lat' dir='ltr'>enirn</span> <span class='ocrx_word' id='word_1_715' title='bbox 406 4541 579 4624; x_wconf 91' lang='lat' dir='ltr'>significat,</span> <span class='ocrx_word' id='word_1_716' title='bbox 602 4560 667 4622; x_wconf 90' lang='lat' dir='ltr'>qao</span> <span class='ocrx_word' id='word_1_717' title='bbox 690 4539 899 4604; x_wconf 86' lang='lat' dir='ltr'>accendimur</span> <span class='ocrx_word' id='word_1_718' title='bbox 918 4542 976 4604; x_wconf 92' lang='lat' dir='ltr'>ubi</span> <span class='ocrx_word' id='word_1_719' title='bbox 1000 4540 1103 4605; x_wconf 87' lang='lat' dir='ltr'>aculei</span> <span class='ocrx_word' id='word_1_720' title='bbox 1154 4543 1212 4606; x_wconf 84' lang='lat' dir='ltr'>bit:</span> <span class='ocrx_word' id='word_1_721' title='bbox 1245 4541 1376 4606; x_wconf 87' lang='lat' dir='ltr'>scindite</span> <span class='ocrx_word' id='word_1_722' title='bbox 1409 4539 1503 4605; x_wconf 83' lang='lat' dir='ltr'>corda</span> <span class='ocrx_word' id='word_1_723' title='bbox 1535 4542 1637 4602; x_wconf 82' lang='lat' dir='ltr'>uestra</span> <span class='ocrx_word' id='word_1_724' title='bbox 1670 4542 1697 4601; x_wconf 91' lang='lat' dir='ltr'>et</span> <span class='ocrx_word' id='word_1_725' title='bbox 1728 4557 1789 4600; x_wconf 88' lang='lat' dir='ltr'>uon</span> <span class='ocrx_word' id='word_1_726' title='bbox 1816 4536 1995 4601; x_wconf 76' lang='lat' dir='ltr'>aestimata</span> <span class='ocrx_word' id='word_1_727' title='bbox 2021 4538 2132 4598; x_wconf 86' lang='lat' dir='ltr'>vestra.</span> 
     </span>
     <span class='ocr_line' id='line_1_51' title="bbox 64 4618 2134 4709; baseline -0.003 -19"><span class='ocrx_word' id='word_1_728' title='bbox 64 4697 66 4703; x_wconf 26' lang='lat'><strong><em>¹</em></strong></span> <span class='ocrx_word' id='word_1_729' title='bbox 123 4627 172 4691; x_wconf 90' lang='lat' dir='ltr'>illi</span> <span class='ocrx_word' id='word_1_730' title='bbox 194 4627 288 4692; x_wconf 90' lang='lat' dir='ltr'>nobis</span> <span class='ocrx_word' id='word_1_731' title='bbox 311 4626 541 4691; x_wconf 88' lang='lat' dir='ltr'>admoventur:</span> <span class='ocrx_word' id='word_1_732' title='bbox 570 4624 648 4709; x_wconf 91' lang='lat' dir='ltr'>quid</span> <span class='ocrx_word' id='word_1_733' title='bbox 669 4625 752 4689; x_wconf 85' lang='lat' dir='ltr'>feci?</span> <span class='ocrx_word' id='word_1_734' title='bbox 781 4645 847 4706; x_wconf 92' lang='lat' dir='ltr'>quo</span> <span class='ocrx_word' id='word_1_735' title='bbox 869 4648 921 4690; x_wconf 91' lang='lat' dir='ltr'>mo</span> <span class='ocrx_word' id='word_1_736' title='bbox 943 4625 1102 4708; x_wconf 87' lang='lat' dir='ltr'>praecipi·</span> <span class='ocrx_word' id='word_1_737' title='bbox 1162 4628 1332 4708; x_wconf 74' lang='lat' dir='ltr'>Utrumque</span> <span class='ocrx_word' id='word_1_738' title='bbox 1353 4627 1445 4690; x_wconf 86' lang='lat' dir='ltr'>etiam</span> <span class='ocrx_word' id='word_1_739' title='bbox 1463 4624 1590 4688; x_wconf 84' lang='lat' dir='ltr'>breuiter</span> <span class='ocrx_word' id='word_1_740' title='bbox 1607 4643 1788 4704; x_wconf 75' lang='lat' dir='ltr'>expressum</span> <span class='ocrx_word' id='word_1_741' title='bbox 1808 4627 1852 4686; x_wconf 90' lang='lat' dir='ltr'>est</span> <span class='ocrx_word' id='word_1_742' title='bbox 1872 4621 1924 4685; x_wconf 82' lang='lat' dir='ltr'>tris</span> <span class='ocrx_word' id='word_1_743' title='bbox 1942 4618 2047 4683; x_wconf 87' lang='lat' dir='ltr'>Iacobi</span> <span class='ocrx_word' id='word_1_744' title='bbox 2068 4639 2134 4684; x_wconf 82' lang='lat' dir='ltr'>aer-</span> 
     </span>
     <span class='ocr_line' id='line_1_52' title="bbox 125 4705 2134 4796; baseline -0.001 -22"><span class='ocrx_word' id='word_1_745' title='bbox 125 4721 286 4788; x_wconf 84' lang='lat' dir='ltr'>taveram,</span> <span class='ocrx_word' id='word_1_746' title='bbox 326 4713 392 4777; x_wconf 91' lang='lat' dir='ltr'>nisi</span> <span class='ocrx_word' id='word_1_747' title='bbox 424 4713 509 4776; x_wconf 91' lang='lat' dir='ltr'>mihi</span> <span class='ocrx_word' id='word_1_748' title='bbox 540 4713 605 4777; x_wconf 92' lang='lat' dir='ltr'>Dei</span> <span class='ocrx_word' id='word_1_749' title='bbox 637 4709 860 4776; x_wconf 90' lang='lat' dir='ltr'>misericordia</span> <span class='ocrx_word' id='word_1_750' title='bbox 891 4711 1101 4776; x_wconf 86' lang='lat' dir='ltr'>subveniret?</span> <span class='ocrx_word' id='word_1_751' title='bbox 1154 4715 1202 4779; x_wconf 89' lang='lat' dir='ltr'>bis</span> <span class='ocrx_word' id='word_1_752' title='bbox 1231 4717 1282 4795; x_wconf 82' lang='lat'>(4,</span> <span class='ocrx_word' id='word_1_753' title='bbox 1302 4714 1354 4796; x_wconf 88' lang='lat'>8):</span> <span class='ocrx_word' id='word_1_754' title='bbox 1386 4711 1533 4774; x_wconf 71' lang='lat' dir='ltr'>neuradate</span> <span class='ocrx_word' id='word_1_755' title='bbox 1565 4710 1706 4773; x_wconf 78' lang='lat' dir='ltr'>scelerati</span> <span class='ocrx_word' id='word_1_756' title='bbox 1728 4728 1853 4787; x_wconf 81' lang='lat' dir='ltr'>marrus,</span> <span class='ocrx_word' id='word_1_757' title='bbox 1882 4710 2017 4789; x_wconf 71' lang='lat' dir='ltr'>purgate</span> <span class='ocrx_word' id='word_1_758' title='bbox 2038 4705 2134 4771; x_wconf 81' lang='lat' dir='ltr'>corda</span> 
     </span>
     <span class='ocr_line' id='line_1_53' title="bbox 123 4793 2132 4883; baseline -0.003 -20"><span class='ocrx_word' id='word_1_759' title='bbox 123 4799 298 4863; x_wconf 88' lang='lat' dir='ltr'>Postrema</span> <span class='ocrx_word' id='word_1_760' title='bbox 319 4807 369 4864; x_wconf 85' lang='lat' dir='ltr'>cst</span> <span class='ocrx_word' id='word_1_761' title='bbox 391 4797 542 4864; x_wconf 87' lang='lat' dir='ltr'>vindicta.</span> <span class='ocrx_word' id='word_1_762' title='bbox 578 4798 653 4879; x_wconf 79' lang='lat' dir='ltr'>Quo</span> <span class='ocrx_word' id='word_1_763' title='bbox 676 4799 763 4862; x_wconf 92' lang='lat' dir='ltr'>enim</span> <span class='ocrx_word' id='word_1_764' title='bbox 786 4797 964 4861; x_wconf 88' lang='lat' dir='ltr'>severiores</span> <span class='ocrx_word' id='word_1_765' title='bbox 985 4798 1021 4860; x_wconf 92' lang='lat' dir='ltr'>in</span> <span class='ocrx_word' id='word_1_766' title='bbox 1043 4818 1102 4863; x_wconf 89' lang='lat' dir='ltr'>nos</span> <span class='ocrx_word' id='word_1_767' title='bbox 1154 4801 1299 4883; x_wconf 84' lang='lat' dir='ltr'>duplices.</span> <span class='ocrx_word' id='word_1_768' title='bbox 1340 4797 1401 4865; x_wconf 83' lang='lat' dir='ltr'>Ubi</span> <span class='ocrx_word' id='word_1_769' title='bbox 1417 4796 1524 4878; x_wconf 81' lang='lat' dir='ltr'>priori</span> <span class='ocrx_word' id='word_1_770' title='bbox 1545 4795 1670 4874; x_wconf 82' lang='lat' dir='ltr'>quidem</span> <span class='ocrx_word' id='word_1_771' title='bbox 1691 4795 1821 4857; x_wconf 77' lang='lat' dir='ltr'>membro</span> <span class='ocrx_word' id='word_1_772' title='bbox 1844 4795 1976 4858; x_wconf 87' lang='lat' dir='ltr'>accessio</span> <span class='ocrx_word' id='word_1_773' title='bbox 1993 4793 2132 4876; x_wconf 86' lang='lat' dir='ltr'>pou-itur,</span> 
     </span>
     <span class='ocr_line' id='line_1_54' title="bbox 124 4880 2133 4968; baseline -0.003 -21"><span class='ocrx_word' id='word_1_774' title='bbox 124 4906 246 4961; x_wconf 91' lang='lat' dir='ltr'>snmus,</span> <span class='ocrx_word' id='word_1_775' title='bbox 272 4897 307 4948; x_wconf 88' lang='lat' dir='ltr'>et</span> <span class='ocrx_word' id='word_1_776' title='bbox 328 4887 453 4950; x_wconf 77' lang='lat' dir='ltr'>sonore</span> <span class='ocrx_word' id='word_1_777' title='bbox 475 4904 614 4950; x_wconf 86' lang='lat' dir='ltr'>censura</span> <span class='ocrx_word' id='word_1_778' title='bbox 635 4886 859 4967; x_wconf 87' lang='lat' dir='ltr'>quaestionem</span> <span class='ocrx_word' id='word_1_779' title='bbox 881 4882 1040 4948; x_wconf 86' lang='lat' dir='ltr'>habemus</span> <span class='ocrx_word' id='word_1_780' title='bbox 1062 4883 1103 4948; x_wconf 89' lang='lat' dir='ltr'>de</span> <span class='ocrx_word' id='word_1_781' title='bbox 1153 4888 1226 4968; x_wconf 71' lang='lat' dir='ltr'>tons</span> <span class='ocrx_word' id='word_1_782' title='bbox 1253 4891 1356 4950; x_wconf 76' lang='lat' dir='ltr'>muron</span> <span class='ocrx_word' id='word_1_783' title='bbox 1383 4888 1411 4946; x_wconf 91' lang='lat' dir='ltr'>et</span> <span class='ocrx_word' id='word_1_784' title='bbox 1432 4880 1632 4962; x_wconf 77' lang='lat' dir='ltr'>principium</span> <span class='ocrx_word' id='word_1_785' title='bbox 1657 4880 1767 4944; x_wconf 86' lang='lat' dir='ltr'>deinde</span> <span class='ocrx_word' id='word_1_786' title='bbox 1793 4884 1997 4958; x_wconf 82' lang='lat' dir='ltr'>monstratur,</span> <span class='ocrx_word' id='word_1_787' title='bbox 2026 4898 2133 4961; x_wconf 71' lang='lat' dir='ltr'>areunae</span> 
     </span>
     <span class='ocr_line' id='line_1_55' title="bbox 122 4964 2133 5054; baseline -0.003 -20"><span class='ocrx_word' id='word_1_788' title='bbox 122 4972 428 5052; x_wconf 88' lang='lat' dir='ltr'>peccatisnostris,</span> <span class='ocrx_word' id='word_1_789' title='bbox 458 4992 495 5035; x_wconf 91' lang='lat' dir='ltr'>eo</span> <span class='ocrx_word' id='word_1_790' title='bbox 526 4969 680 5037; x_wconf 86' lang='lat' dir='ltr'>debemus</span> <span class='ocrx_word' id='word_1_791' title='bbox 706 4991 839 5054; x_wconf 86' lang='lat' dir='ltr'>sperare</span> <span class='ocrx_word' id='word_1_792' title='bbox 866 4969 973 5053; x_wconf 83' lang='lat' dir='ltr'>magis</span> <span class='ocrx_word' id='word_1_793' title='bbox 995 4970 1103 5053; x_wconf 90' lang='lat' dir='ltr'>propi·</span> <span class='ocrx_word' id='word_1_794' title='bbox 1155 4972 1372 5054; x_wconf 68' lang='lat' dir='ltr'>absterpendas</span> <span class='ocrx_word' id='word_1_795' title='bbox 1404 4987 1469 5033; x_wconf 88' lang='lat' dir='ltr'>esse</span> <span class='ocrx_word' id='word_1_796' title='bbox 1499 4965 1633 5030; x_wconf 85' lang='lat' dir='ltr'>occultos</span> <span class='ocrx_word' id='word_1_797' title='bbox 1661 4966 1781 5045; x_wconf 86' lang='lat' dir='ltr'>sordes,</span> <span class='ocrx_word' id='word_1_798' title='bbox 1814 4971 1850 5030; x_wconf 88' lang='lat' dir='ltr'>ut</span> <span class='ocrx_word' id='word_1_799' title='bbox 1877 4965 1976 5030; x_wconf 70' lang='lat' dir='ltr'>almae</span> <span class='ocrx_word' id='word_1_800' title='bbox 2002 4966 2037 5028; x_wconf 91' lang='lat' dir='ltr'>in</span> <span class='ocrx_word' id='word_1_801' title='bbox 2066 4964 2133 5048; x_wconf 87' lang='lat' dir='ltr'>ipso</span> 
     </span>
     <span class='ocr_line' id='line_1_56' title="bbox 123 5051 2133 5140; baseline -0.002 -21"><span class='ocrx_word' id='word_1_802' title='bbox 123 5058 278 5123; x_wconf 56' lang='lat' dir='ltr'>tiumrac</span> <span class='ocrx_word' id='word_1_803' title='bbox 310 5055 555 5122; x_wconf 88' lang='lat' dir='ltr'>misericordem</span> <span class='ocrx_word' id='word_1_804' title='bbox 583 5057 703 5122; x_wconf 89' lang='lat' dir='ltr'>Deum.</span> <span class='ocrx_word' id='word_1_805' title='bbox 747 5057 794 5122; x_wconf 79' lang='lat' dir='ltr'>Et</span> <span class='ocrx_word' id='word_1_806' title='bbox 820 5064 908 5121; x_wconf 86' lang='lat' dir='ltr'>certe</span> <span class='ocrx_word' id='word_1_807' title='bbox 935 5056 1007 5120; x_wconf 89' lang='lat' dir='ltr'>fieri</span> <span class='ocrx_word' id='word_1_808' title='bbox 1036 5076 1104 5120; x_wconf 91' lang='lat' dir='ltr'>non</span> <span class='ocrx_word' id='word_1_809' title='bbox 1155 5059 1242 5123; x_wconf 72' lang='lat' dir='ltr'>ende</span> <span class='ocrx_word' id='word_1_810' title='bbox 1263 5059 1404 5140; x_wconf 83' lang='lat' dir='ltr'>eripatur</span> <span class='ocrx_word' id='word_1_811' title='bbox 1425 5052 1517 5117; x_wconf 86' lang='lat' dir='ltr'>Dea·</span> <span class='ocrx_word' id='word_1_812' title='bbox 1546 5051 1635 5117; x_wconf 71' lang='lat' dir='ltr'>Sunt</span> <span class='ocrx_word' id='word_1_813' title='bbox 1662 5061 1831 5135; x_wconf 86' lang='lat' dir='ltr'>praeterea</span> <span class='ocrx_word' id='word_1_814' title='bbox 1858 5059 1892 5116; x_wconf 91' lang='lat' dir='ltr'>et</span> <span class='ocrx_word' id='word_1_815' title='bbox 1915 5060 2051 5117; x_wconf 81' lang='lat' dir='ltr'>externa</span> <span class='ocrx_word' id='word_1_816' title='bbox 2073 5051 2133 5116; x_wconf 91' lang='lat' dir='ltr'>ali·</span> 
     </span>
    </p>
   </div>
   <div class='ocr_carea' id='block_1_7' title="bbox 123 5180 327 5188">
    <p class='ocr_par' dir='ltr' id='par_1_8' title="bbox 123 5180 327 5188">
     <span class='ocr_line' id='line_1_57' title="bbox 123 5180 327 5188; baseline 0 -1"><span class='ocrx_word' id='word_1_817' title='bbox 123 5180 327 5188; x_wconf 76' lang='lat'>—----—-—-</span> 
     </span>
    </p>
   </div>
   <div class='ocr_carea' id='block_1_8' title="bbox 192 5176 1630 5316">
    <p class='ocr_par' dir='ltr' id='par_1_9' title="bbox 192 5176 1630 5316">
     <span class='ocr_line' id='line_1_58' title="bbox 192 5176 1630 5316; baseline -0.004 -19"><span class='ocrx_word' id='word_1_818' title='bbox 192 5247 221 5312; x_wconf 93' lang='grc'>1)</span> <span class='ocrx_word' id='word_1_819' title='bbox 241 5245 303 5298; x_wconf 86' lang='lat' dir='ltr'>lum</span> <span class='ocrx_word' id='word_1_820' title='bbox 316 5247 447 5314; x_wconf 71' lang='lat' dir='ltr'>retegitur</span> <span class='ocrx_word' id='word_1_821' title='bbox 459 5244 640 5314; x_wconf 75' lang='lat' dir='ltr'>CapitisIX,</span> <span class='ocrx_word' id='word_1_822' title='bbox 659 5245 733 5316; x_wconf 80' lang='lat' dir='ltr'>quod</span> <span class='ocrx_word' id='word_1_823' title='bbox 747 5245 848 5311; x_wconf 75' lang='lat' dir='ltr'>suerat,</span> <span class='ocrx_word' id='word_1_824' title='bbox 867 5251 956 5299; x_wconf 65' lang='lat' dir='ltr'>metus</span> <span class='ocrx_word' id='word_1_825' title='bbox 975 5246 997 5311; x_wconf 71' lang='grc' dir='ltr'>ξ.</span> <span class='ocrx_word' id='word_1_826' title='bbox 1009 5241 1103 5298; x_wconf 82' lang='grc'>9-13.</span> <span class='ocrx_word' id='word_1_827' title='bbox 1127 5176 1131 5277; x_wconf 70' lang='lat' dir='ltr'>l</span> <span class='ocrx_word' id='word_1_828' title='bbox 1225 5244 1254 5310; x_wconf 90' lang='lat'>1)</span> <span class='ocrx_word' id='word_1_829' title='bbox 1272 5243 1356 5296; x_wconf 80' lang='lat' dir='ltr'>Serm.</span> <span class='ocrx_word' id='word_1_830' title='bbox 1377 5242 1417 5296; x_wconf 87' lang='lat'>11.</span> <span class='ocrx_word' id='word_1_831' title='bbox 1436 5243 1464 5295; x_wconf 88' lang='lat' dir='ltr'>in</span> <span class='ocrx_word' id='word_1_832' title='bbox 1483 5240 1630 5295; x_wconf 84' lang='lat' dir='ltr'>Canticum.</span> 
     </span>
    </p>
   </div>
   <div class='ocr_carea' id='block_1_9' title="bbox 0 0 2340 5842">
    <p class='ocr_par' dir='ltr' id='par_1_10' title="bbox 0 0 2340 5842">
     <span class='ocr_line' id='line_1_59' title="bbox 0 0 2340 5842; baseline 0 2"><span class='ocrx_word' id='word_1_833' title='bbox 0 0 2340 5842; x_wconf 95' lang='lat' dir='ltr'> </span> 
     </span>
    </p>
   </div>
  </div>
 </body>
</html>
