4672 5842
226 304 287 367 781
873 295 1140 363 INSTITUTIO
1161 296 1267 363 ΗΕΒ.
1289 295 1473 362 CHRIS'P.
1494 300 1589 364 1559.
2176 299 2242 363 'ist

226 490 339 574 Itaque
358 511 456 571 auum
476 487 568 552 mulli
588 509 626 552 ec
643 486 842 568 philosophis
863 487 1054 551 asseruerim
1076 488 1203 552 immor·
1229 522 1232 565 ς
1256 489 1356 550 terum
1377 507 1414 549 ne
1435 507 1498 567 qua
1517 486 1554 550 de
1573 483 1692 551 Christi
1712 487 1941 564 resurrectione,
1963 488 1998 550 in
2018 507 2081 567 qua
2100 485 2238 565 trurdata

225 577 304 644 tales
319 596 385 640 esse
405 576 541 651 anicius,
562 575 670 638 carnis
690 574 875 639 resurreetio
896 595 918 637 a
934 572 1051 652 paucis
1068 571 1204 652 probata
1229 616 1231 649 :
1256 577 1301 637 est
1321 577 1428 636 nostra
1450 573 1604 650 munium,
1631 578 1801 637 reametur
1822 573 1976 653 quaestio,
2003 571 2145 636 videmus
2166 577 2240 652 quot

224 663 296 745 fuit.
340 661 383 726 In
412 681 472 742 ario
496 661 553 725 etsi
580 660 673 724 nullo
698 660 761 740 fuit
787 659 961 735 decimatio,
995 658 1068 722 inde
1099 663 1203 721 tamen
1255 662 1283 722 et
1314 679 1410 738 quarn
1442 659 1545 722 coriis
1577 659 1679 723 nodis
1710 659 1801 722 illam
1833 658 1920 723 uobis
1951 663 2094 724 testatam
2121 658 2239 738 feeerit

111 761 118 775 “
224 768 384 813 nonmnur
405 768 473 813 rem
492 767 558 811 esse
579 747 680 828 mapis
701 746 838 810 arduam
859 765 955 825 oriam
982 748 1016 806 ut
1042 744 1204 807 hominum
1228 732 1231 747 ⁴
1258 743 1415 807 Ridehuut
1435 745 1542 808 nasuti
1562 743 1700 809 immines
1721 745 1815 824 quasi
1826 744 1950 825 puerile
1968 745 2135 822 ludicrum,
2157 763 2239 824 quae

223 853 335 899 serum
356 834 400 899 ad
419 854 452 898 se
474 832 587 897 odra.
634 831 700 912 Quo
727 835 849 894 tantum
870 829 1059 894 derandum
1081 834 1204 911 superet
1254 829 1294 893 al)
1322 830 1519 912 ecaupelistis
1547 831 1683 910 retertur
1713 829 1888 894 historiam.
1934 828 2035 894 Ouires
2062 831 2146 894 enim
2175 850 2241 893 rno-

223 918 317 1000 fides,
343 920 406 984 duo
433 918 629 985 adminicula
656 918 814 996 scriptura
841 916 1034 996 sappeditat:
1071 917 1204 980 alterum
1228 974 1231 979 .
1255 916 1348 979 menti
1378 916 1438 979 erit
1464 917 1595 979 uurdius
1621 937 1712 995 quem
1734 917 1873 996 pavidae
1905 915 2106 981 mulierariae
2132 915 2240 995 perfe-

225 1010 272 1073 est
291 1006 327 1069 in
346 1004 465 1070 Cluisti
485 1003 701 1080 similitudine,
724 1002 856 1066 alterum
876 1021 947 1065 cero
968 1003 1004 1064 in
1020 1001 1084 1067 Dei
1106 1002 1205 1066 emni-
1228 998 1230 1007 '
1255 1006 1342 1078 runt,
1376 1006 1404 1064 et
1431 1001 1542 1065 deiude
1569 1001 1752 1081 confirmant
1779 1001 1929 1084 discrprdi
1954 1002 2019 1082 fere
2048 1001 2236 1065 erauimes?

220 1093 370 1174 potentia.
403 1091 478 1156 Iam
495 1091 613 1171 quotim
629 1089 666 1151 de
682 1089 903 1152 resurreetione
925 1088 1041 1168 apitur,
1063 1091 1203 1151 occurrat
1257 1085 1323 1151 Gur
1352 1107 1413 1151 non
1435 1088 1544 1166 potius
1566 1089 1601 1150 in
1621 1088 1721 1152 medio
1742 1088 1853 1168 templo
1873 1093 1901 1152 et
1920 1088 1990 1168 foro
2012 1086 2156 1152 illustria
2175 1088 2239 1154 cic·

227 1176 346 1244 Gluisti
367 1179 479 1260 inrapo,
502 1177 557 1255 qui
578 1177 613 1238 in
633 1180 750 1237 natura
772 1194 867 1254 quam
884 1195 906 1237 a
923 1173 1010 1237 nohis
1028 1178 1204 1254 &sumserat
1228 1218 1231 1227 ·
1255 1173 1353 1237 toriae
1382 1194 1458 1236 suae
1486 1172 1635 1253 trophaea
1659 1171 1803 1238 Christus
1824 1174 1957 1237 detuit?
2002 1171 2067 1237 Grir
2089 1193 2149 1236 non
2171 1173 2238 1253 scr·

224 1265 273 1329 sic
289 1265 410 1346 perepit
431 1282 559 1326 cursum
579 1261 724 1324 mortalis
745 1260 827 1324 vitae
850 1265 882 1322 ut
904 1279 995 1336 nunc,
1018 1258 1203 1321 imrrurrtali-
1228 1262 1231 1343 g
1255 1258 1418 1322 midahilis
1429 1260 1540 1338 prodit
1558 1260 1591 1322 in
1608 1264 1799 1341 conspectum
1817 1258 1944 1323 Pilati?
1977 1257 2044 1323 Cur
2060 1279 2123 1323 nou
2141 1260 2237 1322 etium

225 1354 319 1414 tatem
340 1351 483 1430 adeptus,
506 1347 655 1410 situatis
671 1347 791 1427 pipuus
810 1345 937 1425 futurae
959 1345 1202 1408 resurrectionis.
1227 1402 1231 1419 ,
1253 1343 1428 1408 relieivum
1450 1365 1483 1408 se
1503 1344 1713 1409 sacerdotibus
1730 1350 1758 1409 et
1774 1346 1829 1408 toti
1847 1345 2082 1426 Hierosolymae
2099 1343 2235 1426 prohat?

227 1434 315 1500 Nam
347 1437 382 1498 iu
413 1434 554 1498 miseriis
584 1432 695 1512 quibus
727 1431 903 1495 obsidemur
937 1430 1204 1510 mortificationem
1258 1430 1361 1495 Testes
1382 1451 1452 1494 vero
1473 1451 1550 1510 quos
1571 1430 1674 1513 selipit
1695 1432 1751 1495 vie
1775 1431 1899 1495 idoneos
1919 1451 1985 1496 esse
2005 1431 2166 1496 concedmt
2185 1429 2238 1495 ho

223 1522 294 1587 eius
319 1521 568 1600 circumferimus
594 1519 629 1581 in
657 1537 750 1582 earne
777 1522 884 1581 nostra
917 1517 950 1597 (2
975 1516 1049 1581 Cor.
1074 1524 1110 1592 4,
1139 1516 1201 1596 10),
1254 1517 1353 1580 mines
1365 1517 1503 1596 profani.
1538 1515 1727 1597 Respondeo,
1748 1537 1931 1598 qrmnquarn
1952 1519 1987 1581 in
2009 1516 2077 1581 illis
2094 1515 2237 1581 exordiis

223 1612 260 1672 ut
279 1607 345 1670 cito
364 1606 433 1670 eius
454 1605 672 1685 nranifestetur
693 1604 728 1666 in
750 1602 845 1666 nohis
890 1600 934 1665 Et
956 1622 1105 1681 separare
1132 1621 1203 1664 eum
1254 1601 1487 1682 eordemptihilis
1507 1601 1604 1682 fucrit
1625 1604 1693 1667 eius
1716 1603 1899 1682 infirmitas,
1927 1601 2113 1667 admirabili
2133 1606 2238 1666 turum

224 1713 247 1758 a
267 1691 355 1755 uobis
375 1712 437 1755 non
457 1692 535 1767 lieet,
557 1711 595 1754 ac
618 1709 655 1753 ne
669 1689 821 1768 possrhile
843 1688 968 1768 quiden
989 1693 1034 1752 est
1055 1689 1133 1768 quin
1156 1688 1202 1751 la·
1227 1722 1230 1767 ,
1254 1687 1319 1752 Dei
1336 1687 1536 1769 prouidentia
1557 1687 1611 1752 hoc
1632 1693 1727 1752 totum
1747 1689 1849 1769 fuisse
1867 1688 2088 1772 puhernatum:
2118 1692 2152 1750 ut
2177 1688 2236 1768 qui

224 1782 349 1843 erretur.
400 1775 488 1843 Unde
508 1775 567 1841 illa
589 1774 689 1839 Pauli
709 1775 922 1839 ratiocinatio:
950 1775 982 1836 si
1002 1775 1119 1838 mortui
1141 1794 1203 1837 non
1227 1816 1230 1821 -
1254 1795 1354 1854 nuper
1375 1779 1457 1838 metu
1478 1774 1650 1837 coanimati
1670 1775 1807 1855 fueraut,
1829 1795 1879 1840 eos
1895 1776 2018 1855 partim
2035 1793 2125 1838 amor
2143 1770 2234 1838 Chri-

223 1868 398 1945 resuromrt,
419 1883 514 1944 neque
537 1859 681 1926 Christus
702 1861 876 1924 resurrecit
896 1860 929 1942 (1
955 1857 1029 1923 Cor.
1057 1865 1104 1936 15,
1131 1857 1185 1942 13)
1192 1882 1203 1937 ,·
1227 1888 1230 1897 ·
1253 1860 1296 1922 sti
1317 1860 1489 1941 etpietatis
1510 1859 1603 1937 celus,
1620 1861 1744 1939 partim
1763 1881 1824 1925 sua
1845 1860 2048 1926 incredulitas
2070 1858 2114 1923 ad
2133 1859 2237 1940 sepul

224 1950 302 2031 quia
322 1949 438 2013 scilicet
458 1948 632 2028 confessum
653 1945 736 2010 illud
752 1945 952 2028 principium
972 1947 1085 2022 sumit,
1109 1943 1202 2009 Chri-
1226 1964 1230 2017 ι
1253 1965 1343 2009 errem
1363 1950 1504 2026 raperet,
1531 1967 1591 2009 nou
1612 1951 1735 2010 tantum
1757 1953 1793 2009 ut
1813 1947 1926 2012 cerdati
1947 1947 2117 2011 essert-rei
2137 1950 2237 2023 testes,

223 2040 308 2100 stum
324 2055 385 2098 non
406 2035 468 2099 sihi
484 2035 642 2114 privatim
662 2034 754 2096 morti
774 2032 875 2112 fuisse
894 2030 1073 2108 sribieetum,
1096 2031 1142 2094 ve
1164 2032 1202 2097 de
1226 2024 1230 2119 i
1253 2032 1308 2096 sed
1329 2037 1363 2095 ut
1379 2031 1524 2096 audirent
1541 2031 1625 2095 idem
1645 2053 1684 2096 ee
1704 2032 1824 2115 anpelis
1845 2032 1927 2114 quod
1947 2033 2045 2096 oculis
2066 2030 2236 2096 cernebant.

224 2126 320 2186 none
342 2120 489 2201 adeptum
509 2140 576 2184 esse
596 2119 758 2182 ridoriam
779 2117 978 2199 resurpeudo,
1005 2117 1061 2182 sed
1080 2117 1202 2181 inchoa-
1226 2128 1229 2201 ξ
1258 2117 1413 2198 Quande
1434 2122 1577 2198 suspecta
1598 2119 1657 2181 crit
1680 2119 1767 2183 nohis
1791 2139 1897 2182 eorum
1916 2119 1995 2199 tides
2015 2118 2072 2198 qui
2092 2117 2237 2198 fabulam

224 2205 460 2287 metuissem
476 2206 575 2286 capite
591 2204 671 2285 quod
692 2203 818 2284 impleri
839 2204 873 2265 in
895 2204 1037 2268 onrrrihus
1057 2203 1203 2267 mentiris
1226 2238 1229 2287 5
1253 2222 1319 2268 esse
1335 2209 1494 2283 putarunt
1515 2204 1598 2283 quod
1619 2204 1785 2269 audierant
1806 2225 1846 2270 ee
1866 2203 2062 2282 mulieribus,
2084 2204 2179 2269 donec
2201 2205 2237 2266 in

224 2313 344 2359 necesse
373 2297 432 2369 est,
464 2291 631 2356 seeundum
657 2291 808 2370 cuiusmie
832 2289 970 2371 madum
999 2296 1027 2353 et
1054 2288 1201 2353 ordinem.
1226 2304 1230 2375 j
1253 2309 1320 2352 rem
1336 2295 1533 2368 praesmmm
1553 2294 1629 2354 sunt
1649 2290 1803 2354 adducti?
1851 2290 1962 2356 Totum
1983 2310 2054 2354 cero
2070 2289 2235 2369 populum,

224 2377 313 2443 Nam
340 2378 369 2440 ei
390 2398 451 2457 per
477 2378 585 2441 omnia
612 2376 744 2456 aequari
771 2395 810 2438 ne
833 2381 948 2438 rutum
969 2376 1095 2455 quidem
1116 2380 1201 2440 esset
1226 2382 1230 2445 1
1253 2379 1281 2438 et
1301 2375 1409 2456 ipsum
1423 2374 1619 2455 praesideri,
1646 2382 1813 2458 postquam
1833 2378 1914 2442 satis
1932 2395 2086 2458 superque
2107 2376 2237 2440 oerrcidi

222 2461 353 2529 Dicitur
370 2464 404 2526 in
424 2462 552 2528 Psalmo
574 2463 640 2545 (16,
662 2466 733 2545 10).·
754 2482 816 2525 non
827 2462 987 2539 permittes
1006 2466 1203 2526 mansuetum
1226 2510 1230 2549 ,
1252 2461 1395 2541 fuerant,
1424 2460 1507 2525 nihil
1533 2462 1652 2525 mirum
1679 2468 1725 2527 ast
1750 2468 1817 2528 tam
1840 2462 1960 2528 Christi
1984 2466 2110 2543 aspectu
2138 2481 2237 2542 quam

221 2555 312 2615 mum
332 2549 436 2614 cidere
457 2549 691 2628 corruptionem.
736 2546 848 2611 Huius
869 2546 1004 2626 fiduciae
1019 2548 1124 2627 portio
1144 2548 1203 2612 etsi
1226 2574 1230 2663 ι
1254 2546 1332 2611 aliis
1361 2548 1465 2630 sienis
1494 2547 1596 2627 fuisse
1621 2549 1776 2627 priuatos.
1824 2546 2015 2632 Obsiquatur
2046 2547 2235 2626 sepulerum,

222 2635 267 2701 ad
287 2654 342 2698 nos
359 2636 493 2716 pertinet
513 2635 682 2699 secundum
703 2653 885 2697 mensuram
905 2632 1101 2710 donationis,
1128 2633 1203 2698 soli
1226 2666 1230 2751 Ι
1253 2633 1391 2698 nanee
1417 2631 1563 2696 muthius
1589 2640 1701 2715 apunt,
1728 2655 1791 2698 non
1811 2637 1969 2716 reperitur
1990 2634 2076 2698 tertio
2096 2633 2147 2697 die
2168 2652 2237 2696 eor·-

221 2721 283 2787 dus
309 2727 412 2785 tamen
432 2721 555 2801 effectis
575 2741 637 2784 non
655 2719 721 2785 nisi
743 2720 778 2783 in
801 2717 924 2784 Olrristo
951 2720 1119 2799 apparuit,
1147 2720 1203 2799 qui
1226 2756 1230 2791 .
1247 2739 1321 2799 pus.
1346 2717 1485 2783 Pecunia
1500 2721 1639 2798 corrupti
1654 2719 1770 2785 milites
1779 2741 1937 2785 memorem
1953 2723 2113 2802 sparpunt,
2130 2717 2233 2798 tuisse

221 2807 374 2872 irumunis
394 2806 434 2871 alr
455 2807 541 2872 omni
560 2807 744 2886 putredine,
773 2805 928 2886 iideprum
948 2824 1063 2885 eorpus
1082 2804 1202 2885 recepit.
1226 2808 1230 2829 '
1254 2827 1276 2869 a
1294 2804 1464 2886 discipulis
1484 2802 1671 2886 subreptum.
1708 2806 1808 2886 Quasi
1829 2827 1900 2872 vero
1919 2806 1967 2870 uel
1987 2810 2105 2870 turritae
2127 2822 2235 2886 coperi-

223 2892 297 2958 Iam
323 2913 360 2956 ne
386 2893 534 2974 audique
559 2893 602 2956 sit
629 2893 716 2957 nohis
736 2890 840 2955 heatae
861 2911 930 2955 eum
954 2888 1079 2955 Christo
1099 2910 1203 2954 resur-
1253 2890 1312 2955 dae
1331 2890 1468 2970 faeritas
1488 2895 1574 2969 esset,
1596 2892 1645 2956 uel
1664 2912 1757 2956 arma
1778 2896 1985 2974 suppeterent,
2006 2890 2054 2956 vel
2075 2891 2170 2954 etiarn
2192 2888 2236 2953 ad

221 2980 367 3044 rectionis
383 2980 522 3056 societas,
543 2983 578 3042 ut
595 2978 649 3042 hoc
661 2979 795 3059 pipnore
811 2977 913 3041 simias
929 2977 1069 3054 contenti,
1088 2977 1203 3042 diserte
1252 2976 1315 3041 tate
1334 2976 1461 3056 facinus
1482 2976 1662 3042 audendum·
1682 2980 1843 3043 ecercitati
1862 2984 1968 3043 essent.
2004 2977 2093 3057 Quod
2106 2976 2137 3040 si
2154 2974 2236 3039 mili-

222 3063 363 3146 affimat
387 3063 512 3129 Paulus
534 3063 635 3147 (Phil.
656 3067 685 3140 3,
704 3062 770 3145 21),
793 3063 861 3126 ideo
881 3061 986 3128 sedere
1005 3062 1041 3126 in
1062 3063 1153 3127 coelis
1175 3067 1203 3126 et
1226 3056 1230 3125 Ι
1253 3063 1337 3128 reus
1353 3063 1434 3127 satis
1451 3082 1514 3127 non
1530 3067 1598 3126 erat
1618 3064 1721 3128 annui
1742 3065 1785 3129 ud
1806 3064 1877 3128 illos
1898 3063 2073 3146 alipertdos,
2096 3081 2153 3126 cur
2174 3081 2235 3125 non
2272 3088 2277 3098 ·

223 3153 387 3214 scriturum
415 3150 521 3213 ultimo
548 3150 600 3213 die
627 3151 770 3226 iudicem,
799 3153 833 3212 ut
853 3168 966 3230 corpus
986 3152 1126 3212 nostrum
1146 3147 1203 3212 hri·
1226 3134 1229 3173 ¹
1248 3149 1433 3228 persequuti
1449 3152 1531 3225 sunt,
1553 3153 1587 3211 ut
1605 3169 1661 3229 ope
1677 3149 1782 3229 plebis
1801 3151 1905 3214 adirdi
1924 3149 2048 3230 aliquos
2069 3145 2236 3228 deprehen·

222 3234 297 3299 aar
318 3241 346 3299 e
367 3234 517 3300 mimum
537 3234 703 3318 emere
723 3235 845 3314 repon
861 3254 919 3298 ee
933 3234 1076 3317 yeme.
1110 3233 1201 3298 Arei
1226 3216 1229 3281 ¹
1253 3234 1380 3300 seem
1428 3233 1504 3299 ree
1524 3254 1595 3316 eqo
1617 3234 1734 3300 areu
1754 3256 1813 3301 seo
1835 3235 1965 3302 Pure
1988 3233 2110 3299 einer
2131 3253 2235 3298 rear-

223 3319 309 3405 (σοι.
333 3324 362 3399 3,
386 3319 422 3404 4)
450 3322 545 3385 eiam
570 3321 667 3386 uer:
695 3320 799 3386 enm
826 3341 889 3386 non
912 3321 1080 3386 esame
1098 3319 1202 3401 uiam
1225 3284 1229 3403 t
1252 3321 1414 3386 recum
1434 3320 1615 3402 esuum,
1635 3326 1663 3385 e
1684 3322 1740 3402 qur·
1761 3324 1900 3405 apposu
1919 3323 2049 3403 sumre
2070 3319 2114 3384 aa
2133 3319 2236 3400 seu

222 3428 245 3473 a
271 3412 384 3485 morte,
411 3412 445 3470 ut
472 3407 625 3487 specimen
645 3427 743 3470 unum
764 3405 863 3471 ederet
883 3427 960 3472 sicae
981 3407 1120 3485 virtutis,
1147 3406 1202 3471 sed
1252 3426 1341 3471 erum
1368 3405 1519 3484 custodes,
1541 3407 1667 3472 neeriae
1693 3407 1739 3473 oel
1768 3407 1939 3473 merrtiendo
1966 3407 2106 3472 eiuuiem
2132 3425 2236 3470 resur-

221 3498 259 3558 ut
279 3492 408 3556 eandem
429 3512 505 3574 erpa
526 3512 582 3555 nos
599 3491 705 3572 fideles
722 3493 856 3572 spiritus
873 3492 1048 3573 efficaciam
1065 3498 1202 3558 emerat:
1252 3492 1397 3558 rectionis
1416 3511 1588 3571 praecones
1612 3493 1690 3573 tacti
1715 3500 1797 3558 sunt.
1842 3493 1968 3559 Interea
1989 3492 2156 3573 personuit
2177 3512 2235 3556 coe

223 3597 313 3660 quem
334 3577 403 3643 ideo
424 3579 523 3642 m'tam
543 3577 692 3660 appellat,
714 3577 791 3641 dum
812 3576 930 3642 habitat
950 3579 986 3642 in
1006 3579 1103 3656 nohis,
1124 3580 1201 3660 quia
1253 3577 1448 3661 onpdorum:
1475 3579 1614 3643 surrexit
1621 3603 1631 3657 ;
1660 3600 1722 3644 non
1748 3586 1793 3646 est
1820 3580 1879 3646 hia
1925 3578 2080 3660 Splendor
2101 3577 2234 3644 coelestis

222 3663 260 3729 iu
279 3663 362 3728 hunc
381 3663 477 3743 finem
497 3664 590 3728 datus
610 3669 655 3728 est
675 3669 710 3727 ut
730 3662 868 3744 quadiu
889 3665 977 3728 nohis
1004 3666 1133 3730 ierne
1158 3669 1203 3730 est
1254 3684 1315 3729 rrcn
1335 3663 1473 3728 homines
1493 3664 1548 3729 sed
1569 3665 1695 3747 ampelos
1716 3686 1781 3730 esse
1797 3667 1913 3748 palam
1933 3665 2074 3730 meroe.
2121 3662 2231 3727 Postea

222 3749 363 3830 vivificet.
409 3749 596 3830 Compendio
613 3751 792 3833 perstrinpo
813 3771 893 3831 miae
920 3755 948 3814 et
973 3750 1101 3815 uberius
1121 3755 1202 3816 trac
1255 3748 1400 3815 Ohristiis
1420 3751 1496 3830 urse,
1510 3751 1541 3814 si
1555 3751 1633 3831 quid
1653 3751 1969 3818 dubitationisadhuo
1990 3750 2143 3827 hcierehat,
2164 3767 2233 3813 sus·

222 3837 290 3900 tari
305 3842 440 3916 possent,
463 3841 491 3900 et
512 3840 666 3900 mereretur
685 3836 883 3917 splendidius
904 3838 1031 3915 ornari,
1051 3842 1081 3901 et
1100 3841 1201 3902 tamen
1253 3835 1332 3900 tulit.
1386 3835 1536 3901 Viderunt
1552 3837 1637 3900 enim
1653 3858 1715 3902 non
1732 3838 1824 3903 semel
1845 3837 2004 3918 discrprili,
2026 3842 2118 3917 atque
2139 3835 2233 3898 etiam

222 3922 258 3985 in
273 3923 389 4002 panacis
410 3923 513 3986 verbis
533 3923 614 3987 satis
629 3922 780 3986 materiae
795 3923 869 4003 pios
886 3923 1009 3986 ledores
1025 3927 1202 4002 reperturos
1225 3891 1230 4025 Ι
1248 3921 1344 4003 pedes
1365 3926 1393 3985 et
1413 3942 1528 3986 uranus
1542 3921 1737 4004 marum,
1765 3930 1793 3988 et
1822 3945 1927 3989 eorum
1949 3921 2151 3988 irrcredrditas
2171 3941 2232 3984 nou

221 4006 355 4085 confido,
382 4009 463 4088 quod
490 4009 533 4073 ad
558 4009 651 4089 tidem
679 4028 785 4073 eorum
805 4007 1035 4088 aedificandam
1054 4007 1202 4088 sufficiat.
1247 4028 1369 4087 parum
1389 4007 1432 4071 ad
1452 4006 1700 4087 confirmandam
1718 4009 1813 4090 tidem
1832 4015 1972 4075 nostram
1987 4007 2119 4091 profuit.
2153 4002 2232 4068 Dis-

222 4090 410 4157 Resurreeit
426 4114 496 4176 erpo
515 4093 660 4160 Christus
681 4100 716 4158 ut
736 4114 793 4159 nos
813 4091 936 4159 nocere
955 4095 1054 4159 socios
1073 4095 1201 4175 futurae
1252 4094 1350 4158 seruit
1371 4094 1450 4157 inter
1471 4114 1521 4158 eos
1542 4094 1580 4158 de
1601 4096 1758 4176 mysteriis
1783 4096 1874 4179 repni
1894 4094 1975 4174 Dei,
1999 4091 2120 4158 taudem
2147 4091 2231 4170 ipsis

221 4176 1640 4285 enae.81seiutusesrapacre‚quderusearemestaeferoeceuaseenouin
1661 4181 1790 4260 melum3
1812 4202 1865 4246 nec
1886 4175 2137 4246 undoeimmodo
2158 4196 2233 4256 apo

142 4266 147 4275 ’
221 4270 328 4345 eaput,
357 4288 378 4329 a
404 4286 468 4346 qua
494 4266 581 4332 nullo
609 4267 699 4331 modo
714 4266 839 4346 patitur
859 4265 975 4331 diuelli
1022 4264 1201 4331 Suscitatus
1252 4265 1340 4330 stolis
1360 4264 1529 4329 miiitum
1547 4264 1610 4346 suit
1630 4265 1686 4331 hoe
1705 4267 1927 4349 spectandum,
1957 4265 2010 4332 sed
2032 4263 2110 4344 plus
2137 4283 2233 4344 quam

219 4356 266 4416 eet
291 4352 404 4415 virtrde
431 4352 581 4431 spiritus,
610 4354 666 4433 qui
692 4352 781 4416 nohis
807 4352 850 4416 ud
877 4351 1060 4432 vivificandi
1085 4373 1202 4417 munus
1252 4352 1426 4434 auiuentis
1451 4351 1609 4432 fratribus
1637 4352 1735 4418 simul
1760 4356 1850 4418 uisus
1876 4359 1922 4418 est
1947 4354 1980 4434 (1
2007 4348 2082 4416 Gor.
2110 4352 2163 4427 15,
2188 4350 2232 4430 6).

220 4438 393 4501 eonunrmis
419 4442 471 4502 est.
515 4437 659 4519 Denique
683 4439 854 4503 suscitatus
875 4443 921 4502 est
940 4444 974 4502 ut
994 4443 1071 4503 esset
1098 4459 1201 4503 resur-
1253 4437 1328 4502 Iam
1354 4438 1449 4502 misso
1476 4439 1594 4520 spiritu
1620 4445 1726 4506 saneto
1752 4446 1867 4505 certem
1893 4439 2109 4504 documentum
2135 4434 2233 4498 edidit

219 4524 312 4587 rectio
340 4529 369 4586 et
395 4524 469 4587 cita.
514 4522 603 4588 Sicut
629 4529 733 4589 numm
753 4524 909 4602 dicimus,
931 4525 968 4587 in
993 4524 1048 4589 hoc
1079 4525 1201 4607 speculo
1251 4544 1314 4588 non
1341 4528 1464 4587 tantum
1490 4525 1586 4602 uitae,
1614 4526 1668 4591 sed
1694 4527 1790 4598 etiam
1815 4526 1933 4591 summi
1959 4523 2106 4606 imperii;
2140 4521 2233 4585 sicuti

219 4610 421 4688 conspicuam
441 4609 528 4673 nohis
549 4630 614 4674 esse
634 4612 741 4674 aivam
761 4610 997 4674 resurrectionis
1022 4611 1200 4694 imapmem,
1247 4610 1469 4690 praedixerat:
1496 4611 1619 4692 expedit
1646 4612 1731 4676 ochis
1752 4617 1787 4675 ut
1805 4613 1928 4689 abeam,
1956 4609 2079 4691 alioqui
2099 4608 2232 4689 spiritus

219 4693 267 4758 ita
283 4696 326 4759 sit
342 4695 430 4759 nohis
451 4696 495 4759 ad
513 4696 687 4776 fulcnndos
708 4697 832 4761 animos
853 4701 973 4761 nostros
991 4696 1088 4778 firma
1107 4696 1201 4777 hypo-
1251 4701 1377 4760 sanem
1398 4717 1460 4761 uon
1481 4697 1579 4762 veniet
1599 4696 1728 4781 (Ioann.
1751 4702 1799 4777 16,
1820 4697 1864 4782 7).
1909 4694 1984 4762 lam
2015 4714 2086 4759 cero
2107 4693 2232 4758 Paulus

220 4781 325 4858 stasis,
348 4781 437 4845 modo
453 4781 658 4863 ne'lonpioris
673 4801 778 4846 morae
799 4802 856 4846 nos
876 4783 994 4848 taedeat
1015 4783 1064 4847 oei
1078 4784 1200 4864 pipam
1252 4801 1314 4845 non
1334 4783 1451 4847 mortui
1471 4784 1584 4848 uirtute
1600 4789 1779 4864 prostratus
1805 4789 1850 4848 est
1870 4784 1905 4847 in
1927 4785 2053 4860 itincre,
2080 4780 2136 4845 sed
2163 4799 2234 4843 eum

220 4866 298 4943 moia
319 4869 460 4930 nostrum
478 4888 542 4932 non
562 4873 607 4932 est
622 4868 755 4948 proprio
775 4866 910 4933 arbitrio
931 4873 1101 4950 temporum
1123 4868 1201 4932 arti-
1254 4886 1345 4948 quem
1366 4869 1565 4951 cppupnahat
1585 4890 1710 4934 semma
1726 4872 1866 4951 potentia
1880 4869 2001 4950 pollere
2021 4867 2126 4933 sensit.
2170 4863 2235 4931 Ste-

220 4949 305 5015 culos
323 4952 436 5029 metiri,
459 4954 513 5016 sed
527 4954 684 5034 patienter
704 4954 866 5034 quiescere,
888 4954 966 5017 dum
980 4974 1044 5034 pro
1064 4974 1127 5017 sua
1147 4973 1200 5033 op
1247 4951 1356 5033 phano
1382 4956 1535 5035 apparuit
1560 4956 1596 5019 in
1624 4956 1726 5020 alium
1744 4955 1853 5035 finem,
1881 4961 1915 5019 ut
1941 4956 2024 5019 uitae
2050 4952 2234 5018 certitudine

214 5037 411 5117 portunitate
427 5036 517 5121 Deus
537 5059 666 5121 repuum
687 5059 782 5103 suum
803 5040 964 5103 instauret.
1001 5038 1067 5119 Quo
1085 5044 1201 5119 spectat
1253 5040 1529 5105 manuteneres
1555 5041 1687 5106 vinceret
1718 5041 1809 5125 (Act.
1835 5046 1870 5120 7,
1895 5041 1960 5124 55).
2008 5040 2067 5104 Tot
2097 5058 2135 5103 ac
2168 5044 2234 5103 tam

220 5119 280 5184 illa
298 5120 399 5184 Pauli
419 5123 590 5188 cohortatio
611 5124 643 5208 (1
665 5123 740 5189 Cor.
762 5128 811 5204 15,
831 5125 905 5210 23):
922 5125 1088 5207 primitiae
1110 5123 1200 5190 Chri·
1252 5123 1438 5190 autherdicie
1466 5127 1650 5191 testimoniis
1668 5125 1764 5206 fidem
1784 5127 1934 5211 derepere
1954 5146 2015 5190 uon
2037 5123 2233 5206 diffidentiae

220 5210 299 5289 stus,
316 5207 429 5274 deinde
447 5211 504 5291 qui
520 5207 638 5274 Christi
651 5216 740 5289 sunt,
757 5211 888 5293 qumque
904 5230 961 5276 suo
979 5211 1095 5276 ordine.
1125 5208 1201 5278 Oua
1251 5215 1303 5288 est,
1324 5211 1380 5276 sed
1394 5231 1516 5291 praem
1536 5212 1672 5295 adeoque
1690 5212 1831 5294 furiosae
1849 5213 2076 5291 obstinationis
