4672 5842
138 319 200 380 783
780 307 1046 378 INSTITUTIO
1067 308 1172 375 aab.
1196 306 1376 376 CHRIST.
1403 313 1493 375 1559.
1621 302 1633 349 s
1689 358 1695 423 '.
2074 312 2141 375 ⁷84

224 510 251 568 a.
314 504 403 568 Cura
443 523 624 585 pauperum
663 500 807 565 diaconis
846 500 1001 565 mandata
1039 500 1108 563 fuit.
1162 508 1200 563 ut
1222 499 1361 562 sciamus
1384 497 1496 580 quales
1513 507 1547 562 et
1563 499 1703 580 qualiter
1720 510 1753 562 et
1770 520 1789 562 a
1806 499 1925 581 quibus
1942 499 2139 565 instituendi

137 589 335 672 Quanquam
353 589 394 652 ad
412 589 580 652 Romanos
603 586 666 650 dno
688 594 857 669 ponuntur
877 606 999 667 ponera.
1042 583 1110 664 Qui
1162 585 1229 648 sint
1247 585 1396 661 ministri,
1416 592 1450 649 et
1467 603 1531 666 quo
1548 585 1615 648 ritu
1633 605 1740 667 quave
1757 587 1961 650 caeremonia
1974 585 2138 651 initiandi

135 676 289 759 largitur,
318 675 426 756 inquit·
452 673 519 736 illic
540 673 680 748 Paulus,
709 671 742 735 id
770 671 868 736 faciat
895 673 930 734 in
955 671 1110 752 simplici·
1161 670 1214 734 De
1238 674 1364 733 examen
1386 674 1413 733 et
1436 669 1561 734 solenni
1580 670 1747 735 vocatione
1772 671 1893 753 loquor,
1916 691 2000 753 quae
2023 671 2065 734 ad
2078 692 2140 753 pu-

135 770 217 840 tate3
240 761 297 844 qui
315 761 498 833 miseretur,
521 759 556 821 in
575 758 748 821 hilaritate.
784 755 895 836 Quum
914 757 953 820 de
971 756 1110 838 pubhcis
1161 753 1282 820 blicum
1294 755 1448 821 ecclesiae
1459 754 1606 820 ordinem
1617 764 1756 838 speetat;
1775 777 1929 821 arcanam
1939 778 2017 820 vero
2035 756 2138 834 illam,

136 848 291 913 ecclesiae
319 844 509 909 muneribus
538 864 613 907 enm
642 844 729 924 loqui
752 851 878 907 certum
901 844 952 919 sit,
983 850 1110 924 oportet
1161 842 1255 906 cuius
1277 840 1338 905 sibi
1360 843 1495 923 quisque
1518 843 1669 905 minister
1690 863 1799 907 coram
1811 842 1883 906 Deo
1906 844 2056 907 conscius
2078 853 2138 919 est,

137 933 218 998 duos
245 933 343 996 brisso
373 930 495 1012 gradus
522 929 699 994 distinctos.
744 929 817 992 Nisi
845 949 898 992 me
920 927 1005 991 fallit
1025 925 1109 990 iudi·
1161 927 1332 991 ecolesiam
1364 936 1481 991 testem
1515 948 1581 991 non
1615 927 1727 1006 habet,
1762 928 1886 992 omitto.
1931 929 1993 992 Est
2027 938 2140 993 autem

136 1020 233 1093 cium,
256 1018 364 1099 priore
381 1015 526 1079 membro
544 1014 697 1079 diaconos
711 1013 868 1097 designat,
891 1015 948 1095 qui
970 1013 1109 1077 eleemo·
1160 1012 1284 1076 bonum
1307 1011 1411 1077 cordis
1434 1015 1538 1076 nostri
1561 1014 1801 1092 testimonium,
1829 1011 1915 1095 quod
1937 1034 2045 1095 neque
2068 1033 2139 1078 arn·

136 1127 238 1188 synas
262 1101 549 1176 miministrabant,
572 1100 674 1164 altero
697 1108 807 1164 autem
830 1120 885 1162 eos
907 1100 964 1181 qui
986 1119 1109 1181 paupe-
1161 1098 1296 1175 bitione,
1327 1119 1431 1180 neque
1460 1099 1614 1177 avaritia,
1643 1121 1748 1181 neque
1771 1098 1838 1163 ulla
1860 1099 1925 1163 aha
1946 1099 2137 1181 cupiditate,

136 1191 227 1254 ribus
250 1199 283 1252 ct
306 1188 445 1269 aegrotis
462 1184 615 1250 curandis
637 1208 707 1250 sese
730 1185 961 1250 dedicaverant
968 1209 975 1262 ;
997 1184 1109 1266 quales
1161 1184 1218 1248 sed
1237 1186 1362 1248 sincero
1379 1185 1443 1248 Dei
1460 1184 1576 1249 timore
1596 1195 1630 1248 et
1649 1184 1869 1250 aedificandae
1890 1185 2047 1250 ecclesiae
2067 1200 2139 1250 stn-

137 1288 232 1339 erant
259 1274 390 1347 viduae,
424 1293 562 1352 quarum
593 1272 793 1336 mentionem
825 1271 903 1335 facit
930 1269 971 1333 ad
999 1271 1109 1335 Timo-
1161 1268 1214 1333 dio
1236 1269 1380 1333 oblatum
1402 1291 1522 1334 munus
1544 1271 1747 1352 recipiamus.
1792 1269 1832 1334 Id
1853 1270 1986 1352 quidem
2007 1273 2139 1337 unicui·

136 1362 252 1425 theam
271 1359 302 1443 (1
325 1359 406 1421 Tim.
429 1364 456 1433 5,
477 1360 520 1442 9).
565 1357 702 1421 Nullum
727 1358 816 1421 enim
834 1354 923 1421 aliud
941 1356 1109 1438 publicum
1160 1376 1223 1437 que
1245 1364 1407 1434 nostrum,
1431 1364 1470 1419 ut
1487 1354 1570 1435 dixi,
1594 1357 1623 1421 si
1645 1356 1797 1421 volumus
1819 1357 2040 1421 ministerium
2062 1379 2138 1422 noe·

135 1447 278 1510 officium
305 1444 394 1507 obire
420 1442 574 1506 mulieres
596 1450 763 1523 poterant,
791 1463 890 1524 quam
912 1443 939 1505 ei
961 1443 995 1506 in
1017 1442 1110 1506 obse·
1161 1451 1250 1504 trum
1270 1442 1342 1505 Deo
1370 1441 1564 1523 approbare,
1596 1443 1815 1506 necessarium
1837 1450 1895 1506 est.
1940 1441 2062 1507 (loram
2084 1465 2138 1508 ec·

136 1533 251 1615 quium
272 1549 453 1611 pauperum
476 1550 510 1592 se
533 1527 657 1592 darent.
703 1526 740 1593 Si
763 1529 824 1592 hoo
855 1528 1030 1608 recipimus
1057 1526 1110 1609 (ut
1162 1526 1260 1592 clesia
1281 1537 1391 1591 tamen
1414 1529 1475 1591 rite
1498 1527 1600 1591 nihilo
1621 1528 1731 1592 minus
1753 1535 1887 1593 vocatus
1908 1529 2031 1610 estqui
2050 1529 2138 1594 mala

137 1616 270 1681 omnino
296 1614 518 1696 recipiendum
546 1615 620 1697 est),
650 1614 713 1678 duo
736 1622 832 1679 erunt
854 1634 975 1696 genera
1002 1613 1109 1677 diaco·
1161 1614 1360 1677 conscientia
1388 1634 1426 1677 eo
1454 1615 1603 1690 accessit,
1639 1612 1735 1678 modo
1761 1635 1825 1677 non
1854 1614 1898 1678 sit
1923 1625 2038 1697 aperta
2065 1616 2137 1679 eius

136 1723 267 1767 norum:
297 1721 436 1782 quorum
458 1699 553 1763 alteri
574 1700 609 1762 in
632 1701 728 1764 rebus
749 1720 931 1781 pauperum
952 1698 1109 1762 adminis-
1163 1699 1315 1780 nequitia.
1361 1696 1477 1763 Solent
1505 1700 1604 1762 ctiam
1634 1699 1741 1763 dicere
1768 1699 1809 1763 ad
1838 1700 2055 1763 ministerium
2078 1722 2137 1764 vo-

136 1787 272 1863 trandis,
295 1785 390 1850 alteri
412 1787 446 1849 in
468 1785 667 1867 pauperibus
683 1785 764 1868 ipsis
781 1783 934 1849 curandis
956 1784 1109 1848 ecclesiae
1162 1796 1251 1849 catos
1274 1785 1373 1849 etiam
1394 1785 1539 1865 privatos
1562 1785 1719 1862 homines,
1742 1806 1822 1867 quos
1841 1793 1934 1868 aptos
1952 1797 1986 1849 et
2002 1783 2137 1850 idoneos

20 1926 25 1933 .
136 1875 291 1939 servient.
327 1872 471 1935 Tametsi
489 1880 598 1934 autem
615 1892 735 1935 nomen
757 1871 866 1953 ipsum
889 1868 1039 1942 διακονίας
1061 1869 1109 1933 Ιιι-
1135 1867 1138 1929 l
1163 1869 1204 1933 ad
1227 1869 1260 1933 id
1281 1870 1468 1934 obeundum
1490 1870 1617 1948 vident;
1647 1872 1723 1952 quia
1751 1871 1874 1935 seilicet
1895 1871 2036 1934 eruditio
2057 1893 2136 1936 eon·

136 1960 201 2023 tius
223 1966 327 2040 patet,
351 1956 411 2021 hos
434 1956 618 2039 specialiter
640 1966 752 2020 tamen
774 1955 924 2021 diaconos
946 1956 1110 2037 scriptura
1162 1955 1275 2021 iuncta
1296 1977 1372 2020 curn
1392 1955 1512 2037 pietate
1534 1966 1568 2020 et
1589 1956 1721 2038 reliquis
1744 1957 1819 2022 boni
1840 1957 1981 2039 pastoris
2006 1955 2137 2022 dotibus

135 2051 303 2126 nuncupat
328 2063 408 2124 quos
436 2043 654 2125 eleemosynis
682 2040 910 2123 dispensandis
932 2040 1110 2123 gerendae·
1161 2039 1321 2123 quaedam
1339 2042 1382 2105 sit
1399 2039 1441 2104 ad
1459 2043 1566 2124 ipsum
1583 2042 1796 2124 praeparatio.
1825 2041 1918 2123 Quos
1936 2043 2024 2106 enim
2044 2054 2136 2107 tanto

135 2152 198 2213 que
220 2150 400 2211 pauperum
423 2149 519 2193 curae
540 2129 695 2210 praefecit
724 2128 867 2205 ecclesia,
892 2136 926 2191 θῖ
943 2126 1034 2192 velut
1050 2148 1110 2208 pu·
1161 2128 1291 2191 muneri
1314 2126 1491 2192 destinavit
1511 2128 1682 2206 Dominus,
1710 2148 1765 2193 eos
1786 2129 1877 2210 prius
1899 2129 1940 2191 iis
1962 2131 2064 2194 armis
2085 2130 2137 2192 in·

135 2216 212 2281 blici
229 2236 410 2298 pauperum
426 2213 545 2278 aerarii
563 2234 752 2278 oeconomos
768 2214 947 2278 constituit:
971 2233 1110 2295 quorum
1162 2215 1261 2277 struit
1282 2233 1365 2294 quae
1383 2212 1424 2277 ad
1442 2211 1477 2276 id
1493 2212 1696 2296 implendum
1714 2215 1936 2296 requiruntur,
1959 2236 2002 2279 ne
2019 2215 2137 2280 inanes

136 2302 242 2385 origo,
272 2301 432 2364 institutio
460 2320 497 2364 ac
523 2300 647 2364 functio
676 2300 810 2364 aLuca
832 2300 865 2362 in
888 2299 981 2363 Actis
1009 2299 1049 2382 (c.
1075 2299 1109 2381 6)
1162 2304 1196 2363 et
1216 2299 1370 2381 imparati
1392 2300 1536 2364 veniant
1569 2299 1666 2366 Unde
1688 2307 1722 2363 et
1738 2300 1863 2364 Paulus
1884 2299 1928 2363 ad
1945 2298 2137 2365 Corinthios

135 2386 339 2451 describitur.
385 2384 498 2466 Quum
526 2384 615 2449 enim
642 2406 835 2449 murmura
856 2385 993 2450 Graecis
1021 2384 1109 2449 exci-
1163 2383 1195 2466 (l
1221 2383 1295 2449 Cor.
1323 2388 1370 2463 12,
1395 2385 1443 2467 7),
1471 2405 1573 2467 quum
1599 2384 1639 2450 de
1666 2385 1745 2467 ipsis
1766 2387 1881 2451 officiis
1902 2385 2002 2450 vellet
2024 2386 2137 2468 dispu-

135 2480 243 2537 tatum
270 2476 369 2548 esset,
404 2470 490 2553 quod
517 2472 551 2534 in
579 2491 759 2552 pauperum
787 2471 969 2534 ministerio
996 2491 1110 2535 eorum
1162 2479 1243 2548 tare,
1266 2469 1352 2534 dona
1372 2471 1463 2552 prius
1484 2471 1650 2536 recensuit
1670 2470 1787 2553 quibus
1804 2472 1926 2553 pollere
1943 2469 2065 2536 debent
2081 2475 2138 2554 qui

135 2557 254 2623 viduae
282 2556 544 2640 negligerentur,
577 2557 714 2639 apostoli
748 2563 942 2622 excusantes
976 2577 1010 2619 se
1042 2575 1110 2620 non
1162 2556 1275 2620 officiis
1304 2558 1496 2639 brngtmtur.
1541 2553 1609 2620 Sed
1636 2557 1714 2638 quia
1742 2557 1803 2622 hoc
1836 2566 1887 2622 est
1917 2559 2060 2640 primum
2094 2581 2137 2623 ex

134 2664 231 2728 posse
248 2643 397 2708 sufficere
415 2642 546 2724 utrique
563 2643 701 2718 muneri,
721 2650 754 2706 et
771 2641 1003 2724 praedicationi
1018 2642 1110 2706 verbi
1163 2649 1303 2723 quatuor
1324 2640 1484 2725 capitibus
1506 2662 1589 2724 quae
1610 2643 1779 2724 proposui,
1808 2663 1842 2709 ec
1862 2644 1928 2708 iam
1948 2664 2133 2725 pergamus

134 2738 169 2794 et
189 2750 379 2793 mensarum
400 2728 591 2806 ministerio,
614 2729 781 2811 petierunt
802 2749 822 2792 a
842 2726 1051 2791 multitudine
1074 2734 1111 2790 ut
1252 2731 1298 2790 12.
1345 2725 1468 2807 Quales
1499 2727 1621 2810 eligere
1653 2728 1819 2811 episcopos
1852 2729 1972 2804 deceat,
2004 2728 2133 2793 Paulus

134 2816 335 2899 eligerentur
357 2815 421 2879 riri
442 2814 536 2896 probi
557 2822 697 2897 septem,
719 2813 838 2895 quibus
859 2812 893 2877 id
915 2834 1031 2895 operae
1054 2811 1109 2878 de-
1162 2811 1287 2878 duobus
1308 2813 1387 2878 locis
1409 2813 1488 2897 (Tit
1516 2818 1542 2891 1,
1567 2818 1600 2893 7;
1627 2819 1641 2876 l
1667 2814 1750 2878 Tim.
1774 2817 1802 2893 3,
1830 2816 1862 2898 1)
1889 2814 2014 2897 copiose
2035 2835 2133 2878 exse·

134 2901 338 2965 mandarent.
378 2901 431 2964 En
476 2899 566 2964 ucles
588 2898 740 2966 habuerit
761 2898 912 2964 diaconos
934 2898 1110 2980 apostolica
1183 2900 1281 2964 uitur.
1326 2896 1466 2964 Summa
1487 2906 1596 2964 tamen
1619 2900 1684 2964 huc
1705 2899 1805 2979 redit,
1829 2921 1896 2965 non
1916 2920 1985 2964 esse
2007 2898 2134 2984 eligen-

135 2986 287 3064 ecclesia,
309 2986 420 3067 quales
443 2921 485 3050 ab
507 2987 577 3050 eius
599 2984 786 3067 exemplum
809 2985 930 3049 habere
951 3006 1010 3048 nos
1032 3005 1109 3049 con-
1161 2920 1219 3050 dos
1246 2985 1310 3049 nisi
1336 2985 1392 3066 qui
1420 2985 1487 3048 sint
1515 3006 1615 3050 sanae
1642 2983 1808 3051 doctrinae
1830 2993 1864 3051 et
1884 2993 2014 3051 sanetae
2035 2987 2135 3064 vitae,

134 3073 256 3138 veniat.
1160 3092 1221 3136 nec
1239 3071 1347 3154 aliquo
1364 3070 1444 3135 vitio
1466 3071 1626 3136 notabiles
1648 3071 1734 3153 quod
1756 3081 1790 3137 et
1811 3071 1876 3137 illis
1897 3071 2022 3136 adimat
2044 3082 2136 3137 auto·

227 3161 275 3219 10.
319 3156 392 3219 Iam
414 3178 491 3220 vero
513 3177 615 3238 quum
637 3157 751 3222 ordine
772 3158 882 3221 omnia
903 3163 936 3220 et
957 3154 1109 3221 decenter
1160 3156 1293 3220 ritatem
1314 3163 1348 3220 et
1369 3156 1551 3221 ministerio
1573 3158 1790 3239 ignominiam
1813 3158 1938 3222 afferat.
1981 3158 2035 3222 De
2066 3158 2135 3223 dia-

136 3243 171 3307 in
201 3261 293 3307 sacro
321 3249 415 3307 coetu
443 3241 587 3325 gerenda
612 3244 693 3321 sint,
725 3242 810 3306 nihil
838 3251 888 3307 est
915 3243 950 3306 in
977 3263 1040 3324 quo
1074 3241 1109 3306 id
1160 3243 1250 3306 conis
1272 3250 1305 3307 et
1325 3242 1506 3306 senioribus
1527 3241 1642 3306 similis
1664 3264 1796 3324 prorsus
1818 3249 1869 3308 est
1885 3245 1977 3308 ratio.
2010 3244 2136 3311 Viden-

134 3328 260 3395 servari
288 3327 475 3410 diligentius
502 3336 665 3409 oporteat,
694 3349 792 3412 quam
819 3329 855 3392 in
882 3327 1110 3393 constituenda
1161 3327 1240 3391 dum
1251 3348 1380 3408 semper
1401 3348 1443 3392 ne
1465 3327 1507 3391 ad
1529 3341 1621 3405 onus,
1639 3329 1724 3410 quod
1740 3329 1805 3394 illis
1822 3330 2012 3412 imponitur,
2036 3332 2136 3396 susti·

135 3415 388 3498 gubernation03
410 3414 486 3495 quia
502 3435 664 3495 nusquam
680 3414 786 3479 maius
805 3413 987 3497 periculum
1008 3422 1059 3478 cst
1080 3414 1108 3478 ni
1160 3412 1306 3477 nendum
1323 3414 1465 3495 impares
1478 3415 1545 3478 sint
1562 3422 1620 3480 aut
1636 3416 1747 3497 inepti,
1770 3416 1832 3480 hoc
1850 3424 1908 3494 θεῖ,
1929 3424 1966 3480 ιιῖ
1983 3417 2137 3482 instructi

134 3499 215 3583 quid
232 3498 415 3563 inordinate
433 3501 566 3583 geritur.
597 3500 721 3583 Itaque,
741 3522 782 3565 ne
802 3500 951 3565 homines
969 3499 1108 3581 inquieti
1160 3499 1229 3563 sint
1248 3500 1288 3563 iis
1310 3498 1517 3565 facultatibus
1538 3522 1621 3583 quae
1643 3501 1684 3566 ad
1706 3499 1911 3583 implendum
1936 3523 2036 3567 suurn
2064 3525 2136 3567 mu·

134 3605 173 3650 ac
196 3584 377 3649 turbulenti
407 3584 508 3668 (qnod
537 3585 617 3650 alias
638 3587 787 3650 futurum
809 3586 1046 3671 erat)1temere
1074 3607 1108 3650 se
1160 3606 1224 3649 nus
1246 3592 1345 3649 erunt
1365 3586 1574 3651 necessariae.
1616 3585 1672 3652 Sic
1695 3585 1857 3665 Christus,
1881 3608 1984 3670 quum
2005 3605 2136 3671 aposto-

133 3670 177 3736 ad
198 3670 381 3736 docendum
402 3670 456 3735 vel
478 3671 658 3755 regendum
679 3673 884 3755 ingererent,
913 3671 1107 3736 nominatim
1159 3670 1208 3735 loe
1229 3671 1391 3736 missurus
1412 3680 1506 3750 esset,
1529 3694 1584 3737 ecs
1602 3673 1703 3737 armis
1722 3681 1754 3737 et
1770 3674 1999 3739 instrumentis
2016 3675 2134 3756 quibus

132 3767 267 3823 cautum
295 3767 346 3820 est
372 3777 412 3821 ne
435 3758 508 3838 quis
530 3759 600 3822 sine
621 3758 789 3823 vocatione
810 3758 979 3840 publicum
999 3757 1035 3820 in
1056 3778 1108 3822 ec·
1160 3776 1271 3822 carere
1294 3779 1366 3837 non
1382 3766 1534 3840 poterant
1554 3759 1735 3823 exornavit.
1777 3758 1823 3822 Et
1844 3759 1980 3835 Paulus,
2005 3758 2134 3840 depicta

132 3843 233 3908 clesia
260 3864 382 3906 munus
411 3843 473 3907 sibi
501 3852 617 3908 sumat.
662 3844 753 3926 Ergo
774 3850 813 3907 ut
835 3843 908 3925 quis
937 3851 1109 3908 censeatur
1159 3843 1236 3907 boni
1258 3864 1296 3910 ac
1317 3845 1388 3908 veri
1409 3844 1550 3925 episcopi
1572 3844 1724 3928 imagine,
1749 3844 1958 3908 Timotheum
1979 3842 2132 3908 admonet

133 3950 233 3993 verus
251 3928 405 3993 eeclesiae
422 3929 581 4008 minister,
599 3931 705 4011 primo
723 3930 784 3993 rite
802 3936 935 3993 vocatus
953 3929 997 3992 sit
1014 3949 1108 4010 opor·
1159 3950 1202 3992 ne
1231 3950 1329 4011 quem
1357 3929 1398 3993 ab
1426 3949 1465 3992 ea
1490 3929 1636 3994 alienum
1663 3929 1813 4013 eligendo
1835 3951 1870 3993 se
1890 3931 1996 4014 ipsum
2018 3945 2132 3994 conta·

134 4021 196 4091 tet;
220 4013 337 4077 deinde
359 4023 395 4077 ut
417 4037 495 4080 suae
517 4016 677 4079 vocationi
698 4013 907 4097 respondeat,
930 4013 965 4077 id
987 4022 1036 4078 est
1057 4015 1107 4078 in·
1160 4014 1264 4078 minet
1286 4014 1318 4098 (l
1333 4015 1416 4078 Tim
1436 4019 1464 4092 5,
1477 4013 1542 4098 22).
1587 4015 1804 4081 Particulam:
1829 4016 1975 4099 qualiter,
1998 4035 2064 4078 non
2088 4017 2134 4081 ad

133 4099 264 4164 iunctas
298 4099 357 4164 sihi
392 4108 501 4182 partes
535 4102 690 4184 suscipiat
722 4107 756 4165 et
783 4108 989 4182 exsequatur.
1034 4100 1107 4165 Hoc
1159 4100 1262 4163 ritum
1283 4098 1439 4182 eligendi,
1471 4121 1587 4164 verum
1609 4101 1651 4166 ad
1672 4102 1860 4185 religiosum
1882 4103 2043 4179 timorem,
2074 4105 2134 4183 qui

132 4183 222 4268 apud
244 4185 387 4249 Paulum
409 4185 669 4251 animadvertere
690 4186 820 4268 saepius
848 4186 937 4250 licet:
967 4187 1022 4267 qui
1050 4185 1108 4250 ubi
1159 4186 1194 4249 in
1216 4185 1372 4250 electione
1394 4185 1575 4251 servandus
1597 4194 1660 4266 est,
1684 4187 1797 4252 refero.
1843 4188 1930 4253 Hinc
1950 4187 2075 4253 ieiunia
2099 4200 2135 4253 et

131 4292 231 4336 suum
254 4270 469 4354 apostolatum
492 4272 564 4336 vult
585 4274 778 4356 approbare,
802 4293 876 4336 cum
898 4292 957 4335 sua
977 4272 1012 4335 in
1034 4293 1107 4336 mn·
1159 4271 1338 4348 orationes,
1367 4268 1485 4352 quibus
1511 4293 1589 4338 usos
1616 4274 1715 4338 fuisse
1742 4273 1855 4339 fideles
1881 4280 1995 4338 narrat
2021 4273 2135 4341 Lucas

132 4379 211 4422 nere
234 4356 382 4422 obeundo
403 4356 561 4422 fidelitate
582 4360 787 4424 vocationem
809 4379 937 4440 semper
963 4358 1031 4422 iere
1060 4358 1107 4422 al·
1159 4379 1260 4440 quum
1276 4357 1484 4441 presbyteros
1501 4371 1658 4425 crearent
1686 4358 1773 4423 Nam
1791 4381 1894 4441 quum
1910 4358 2137 4443 intelligerent

131 4443 229 4527 legat.
275 4441 313 4508 Si
336 4452 453 4508 ,tantus
481 4441 608 4508 Obristi
633 4445 784 4508 minister
810 4445 1020 4508 autoritatem
1047 4442 1108 4509 sibi
1159 4465 1194 4509 se
1215 4464 1286 4507 rem
1306 4464 1404 4527 agere
1421 4445 1568 4508 omnium
1588 4446 1731 4510 maxime
1748 4445 1876 4524 seriam,
1899 4445 1984 4510 nihil
2006 4453 2136 4513 tentare

132 4550 287 4612 arrogare
314 4545 381 4593 non
409 4528 509 4592 audet
535 4537 573 4592 ut
605 4531 640 4593 in
673 4529 808 4594 ecclesia
841 4528 1009 4608 audiatur,
1044 4529 1108 4594 nisi
1159 4528 1322 4594 audebant
1339 4530 1404 4594 nisi
1420 4550 1495 4594 cum
1513 4552 1642 4596 summa
1659 4532 1844 4596 reverentia
1856 4540 1890 4595 et
1903 4532 2133 4598 sollicitudine.

134 4616 212 4697 quia
233 4623 267 4679 et
287 4614 422 4679 Domini
444 4615 600 4680 mandato
622 4617 656 4678 in
679 4616 740 4680 hoc
761 4623 812 4679 est
833 4616 1044 4693 constitutus,
1075 4622 1109 4679 et
1158 4616 1371 4682 Potissimum
1388 4638 1466 4681 vero
1487 4617 1704 4683 incubuerunt
1725 4618 1759 4680 in
1780 4638 1903 4700 preces,
1925 4619 2043 4700 quibus
2065 4621 2136 4701 epi·

131 4701 273 4766 fidehter
300 4701 429 4784 peragit
455 4701 542 4782 quod
570 4700 630 4765 eibi
658 4703 868 4766 commissum
888 4710 954 4778 est,
983 4708 1107 4783 quante
1159 4702 1260 4766 ritum
1282 4702 1409 4767 consilii
1431 4708 1464 4767 et
1485 4700 1688 4768 discretionis
1710 4723 1730 4765 a
1751 4702 1823 4767 Deo
1844 4711 2001 4784 peterent

131 4786 336 4869 impudentia
357 4787 420 4851 erit
441 4787 469 4850 si
491 4787 653 4870 quispiam
673 4787 871 4866 mortalium,
894 4795 1031 4869 utroque
1054 4786 1108 4851 vel
1249 4791 1295 4851 13.
1331 4789 1477 4852 Tertium
1495 4787 1581 4871 quod
1601 4791 1638 4853 in
1660 4789 1838 4872 partitione
1860 4789 2028 4871 posuimus
2052 4801 2134 4871 erat,

131 4872 235 4936 altero
264 4875 403 4937 istorum
437 4870 627 4952 destitutus,
662 4872 821 4938 eiusmodi
854 4874 1012 4937 honorem
1045 4873 1108 4937 sibi
1160 4895 1180 4937 a
1208 4874 1325 4957 quibus
1352 4873 1495 4957 eligendi
1523 4875 1589 4938 sint
1617 4875 1768 4939 ministri
1813 4874 1923 4939 Huius
1951 4886 2062 4941 autem
2085 4880 2137 4943 rei

131 4957 294 5038 postidet‘l
327 4958 455 5022 Verum
476 4959 553 5040 quia
575 4958 615 5023 de
637 4959 778 5026 obeundi
798 4960 945 5024 muneris
967 4960 1107 5025 necessi-
1159 4967 1248 5025 certa
1274 4959 1389 5043 regula
1416 4981 1458 5024 ex
1484 4980 1504 5022 a
1527 4959 1704 5025 ostolorum
1729 4961 1934 5025 institutione
1965 4965 2033 5044 peti
2067 4986 2135 5029 non

132 5048 201 5105 tate
223 5043 373 5126 superius
395 5043 579 5126 attigimus,
610 5066 700 5110 nunc
721 5044 762 5110 de
783 5045 953 5111 vocatione
975 5051 1107 5110 tantum
1158 5051 1274 5128 potest,
1296 5065 1379 5127 quae
1401 5067 1443 5110 no
1492 5045 1498 5058 '
1528 5045 1535 5059 '
1571 5045 1687 5111 habuit
1707 5067 1726 5109 a
1747 5048 1914 5112 communi
1931 5046 2136 5131 reliquorum

131 5146 277 5209 agamus.
1159 5132 1329 5196 vocatione
1346 5129 1509 5194 dissimile.
1545 5129 1632 5211 Quia
1648 5131 1736 5196 enim
1754 5131 2054 5198 extraordinarium
2072 5139 2136 5201 mi·

222 5217 269 5278 11.
314 5215 397 5280 Eius
419 5223 531 5280 autem
553 5217 703 5280 tractatio
724 5217 761 5297 in
782 5222 921 5300 quatuor
942 5229 1106 5282 versatur:
1158 5216 1331 5282 nisterium
1352 5221 1430 5293 erat,
1454 5224 1492 5279 ut
1511 5215 1620 5299 aliqua
1636 5217 1905 5302 insigniori-nota
1921 5222 2138 5303 conspicuum
