4672 5842
161 283 222 348 aar
818 273 1082 342 mamaeam
1104 275 1209 341 am.
1231 256 1525 342 emersuram.
2114 275 2178 337 asa

167 467 309 543 modum,
333 487 432 549 quum
452 472 693 531 sacramentum
716 465 759 529 sit
787 464 917 540 militis,
941 485 1005 547 quo
1029 487 1064 530 se
1086 486 1145 529 suo
1197 485 1314 530 verum
1347 471 1397 529 est
1425 464 1509 546 quod
1537 465 1577 529 ab
1605 464 1792 547 Augustino
1806 462 1831 546 ¹)
1858 483 1986 546 quoque
2012 459 2179 540 scribitur,

168 552 356 636 imperatori
384 562 495 628 vovet,
520 537 668 617 sceeru'nt
690 551 910 632 imperatoris,
940 572 1003 632 quo
1025 551 1146 615 milites
1197 551 1396 615 invisibilem
1424 551 1714 639 sanctificationem
1742 551 1813 615 sine
1839 548 1961 614 visibili
1990 549 2088 632 signo
2111 569 2181 612 esse

167 641 201 705 ia
223 637 353 702 ordines
376 637 519 719 recipiat.
564 635 728 701 Dominus
751 636 838 700 enim
861 658 919 718 per
941 647 1146 701 sacramenta
1198 658 1307 720 posse,
1337 645 1371 700 et
1400 636 1526 701 visibile
1554 657 1686 700 rursum
1708 637 1838 720 signum
1862 637 1933 700 sine
1955 655 2035 699 vera
2057 635 2181 699 sancti-

167 746 201 791 ω
230 721 322 788 uoltis
352 723 384 786 in
414 723 523 787 Deum
549 723 616 787 iore
635 721 819 804 pollicetur,
851 732 885 786 et
911 745 970 787 nos
993 723 1055 787 sibi
1078 724 1145 786 fore
1198 723 1357 788 ficatione.
1389 722 1537 786 Induunt
1555 723 1643 786 enim
1662 721 1714 804 (ut
1729 723 1800 804 ipse
1818 742 1945 805 quoque
1963 719 2082 804 alibi2)
2101 722 2181 786 sori·

167 811 202 876 irr
247 808 411 891 prqrulum.
471 808 596 872 Verum
641 807 723 873 tales
763 807 910 890 argutias
949 810 1144 872 omittimus:
1198 809 1262 891 bit)
1293 808 1442 873 homines
1471 808 1642 874 Christum
1670 807 1845 889 aliquando
1873 829 1975 889 usque
2005 806 2047 870 ad
2072 828 2181 871 sacra·

189 893 297 959 suado
330 895 409 959 artis
437 895 543 980 planis
572 893 775 977 argumentis
805 893 957 976 probasse
986 894 1067 957 mihi
1096 895 1146 959 vi·

168 916 262 1055 lleor,
292 980 374 1044 nihil
404 978 492 1044 aliud
526 989 704 1062 spectasse,
738 1000 836 1061 quam
864 989 901 1043 ut
923 981 1147 1063 significarent

168 1067 264 1147 siquo
288 1065 368 1130 haee
397 1078 582 1130 sanctarum
616 1072 649 1128 et
678 1065 899 1146 spiritualium
927 1087 1038 1130 rerum
1066 1088 1145 1131 esse.

169 1150 413 1217 Siruilitudirres
446 1173 526 1232 quta
563 1150 708 1215 afferunt
733 1153 770 1216 dc
799 1152 932 1216 cateruis
959 1153 1146 1235 insiqaibaa

170 1237 343 1321 recipimus
368 1236 500 1318 quidem,
532 1235 588 1299 sed
616 1258 681 1300 noa
706 1237 856 1314 fuerimus,
878 1237 963 1318 quod
987 1238 1147 1320 posterius
1172 1274 1174 1287 =

169 1332 220 1389 est
239 1324 271 1387 ia
291 1323 511 1397 sacramentis,
531 1322 571 1386 ab
589 1321 654 1386 illis
672 1323 814 1404 primum
830 1331 926 1406 atque
945 1323 1025 1388 adeo
1044 1346 1146 1388 unum

169 1409 330 1477 constitui.
376 1408 438 1472 list
460 1417 571 1472 autom
595 1407 654 1473 hoo
677 1409 831 1490 primam,
859 1418 895 1472 ut
918 1409 992 1473 fidei
1016 1419 1146 1474 nostrae

170 1494 255 1579 opud
290 1494 396 1558 ileum
431 1495 590 1569 serviant;
624 1494 804 1576 posterius,
845 1505 881 1558 ut
913 1496 1147 1560 confessionem

170 1589 314 1645 nostram
339 1578 425 1660 oprrd
453 1578 602 1643 homiues
630 1588 799 1644 testentur.
846 1579 1038 1645 Secundum
1062 1582 1147 1645 hano

170 1665 382 1749 posteriorem
428 1666 587 1729 rationem
628 1665 739 1730 valent
782 1665 856 1729 illue
907 1666 1146 1731 similitudines.

172 1750 301 1816 Maneat
324 1752 441 1814 iuterca
454 1753 551 1831 prisca
564 1750 660 1815 illud:
681 1752 758 1832 qaia
775 1751 895 1833 alioqui
915 1752 1065 1835 friperent
1084 1773 1148 1833 ary-

169 1837 265 1901 stcria
286 1839 335 1919 (al
352 1837 454 1899 visam
472 1838 541 1917 est),
563 1837 628 1900 uisi
648 1832 722 1918 fidei
744 1842 866 1902 austrae
888 1838 1081 1903 adminiculo
1103 1859 1148 1901 ee·

169 1927 234 1989 terat
251 1923 467 2003 dractrirraeqac
485 1923 670 2004 appendices
687 1924 722 1987 ia
746 1923 876 1988 earrdem
893 1944 985 1987 mum
1006 1930 1034 1988 et
1053 1923 1148 2004 finem

169 2008 346 2076 desiccatae.

261 2098 306 2157 lt.
354 2093 498 2157 Rursum
531 2092 726 2159 admonendi
760 2116 891 2171 sumus,
927 2106 964 2160 ut
995 2095 1050 2160 isti
1080 2097 1148 2159 vim

170 2188 447 2245 srururmcntoram
467 2190 634 2256 cnmvant,
654 2202 814 2263 usumqrro
833 2203 966 2264 prorsus
985 2192 1146 2257 evertunt,

169 2265 215 2330 ita
238 2265 278 2329 ab
301 2264 439 2328 adversa
462 2275 554 2347 parto
582 2273 669 2330 stare
697 2266 776 2332 alios
802 2267 857 2348 qui
879 2289 1015 2332 arcanas
1038 2267 1147 2331 nescio

169 2372 251 2414 (uras
280 2351 417 2414 virtutes
443 2352 655 2417 saomrrrontis
684 2354 849 2434 affingunt
874 2373 957 2435 quae
985 2373 1147 2435 nusquam

171 2435 235 2498 ilis
259 2457 278 2498 a
303 2433 372 2498 lloa
395 2435 510 2499 insitae
534 2435 696 2519 leguntur.
737 2437 812 2519 Quo
835 2459 945 2504 erroro
968 2438 1147 2521 periculose

171 2520 331 2586 bellantur
353 2521 566 2602 simpliciores
586 2534 620 2585 et
643 2524 794 2605 imperiti,
821 2524 898 2588 dum
922 2535 954 2589 et
975 2526 1040 2589 Dei
1062 2524 1149 2589 dona

171 2628 325 2688 qurrmcro
352 2605 509 2670 ‹lurcorrtur
539 2608 592 2673 abi
619 2610 753 2690 reperiri
782 2611 916 2674 minimo
944 2617 1093 2692 possunt,
1116 2620 1148 2674 et

172 2714 191 2756 ιι
220 2690 290 2754 llas
325 2694 444 2756 scursim
474 2692 725 2771 abstrahuntur,
762 2705 800 2759 ut
827 2718 886 2778 pro
913 2697 982 2761 eius
1009 2697 1148 2761 veritate

171 2797 296 2841 usuram
325 2778 552 2860 amplexentur
580 2781 769 2846 vanitatem.
815 2783 938 2866 Magno
961 2784 1049 2847 onim
1071 2803 1147 2847 con·

1199 894 1302 959 menti
1322 895 1574 976 perceptionem,
1597 893 1771 975 aliquando
1793 915 1894 975 usque
1915 893 1957 956 ad
1978 893 2070 956 vitae
2087 914 2181 957 sanc

1199 979 1419 1045 tifieationem.
1456 981 1564 1062 Atque
1586 977 1668 1043 illud
1689 981 1834 1062 primum
1855 987 1888 1042 et
1909 978 2003 1043 honis
2026 988 2062 1042 et
2084 978 2180 1043 malis

1199 1076 1307 1148 potest
1329 1087 1399 1130 esse
1421 1086 1608 1144 eommune;
1632 1065 1693 1131 hoc
1711 1077 1820 1130 autem
1837 1064 1986 1142 alterum,
2008 1064 2179 1147 proprium

1201 1163 1251 1216 est
1272 1153 1430 1217 bonorum
1449 1171 1486 1217 ac
1508 1152 1646 1233 piorum.

1289 1243 1335 1301 15.
1381 1237 1470 1303 Hinc
1492 1238 1558 1315 illa,
1581 1239 1609 1302 si
1633 1237 1694 1301 rite
1716 1237 1934 1320 intelligatur,
1957 1237 2045 1300 inter
2071 1255 2180 1301 sacra-

1199 1333 1348 1388 mentum
1383 1331 1416 1387 ot
1447 1345 1518 1387 rem
1551 1324 1747 1388 sacramenti
1776 1324 1816 1389 ab
1846 1321 1960 1387 eodem
1988 1322 2180 1406 Augustino

1199 1410 1328 1492 saepius
1366 1417 1479 1474 notata
1510 1409 1686 1474 distinctio.
1742 1409 1857 1492 Neque
1890 1409 1978 1472 enim
2012 1408 2180 1491 significat

1199 1495 1375 1573 duntaxat,
1405 1497 1545 1579 figuram
1574 1505 1607 1559 et
1633 1496 1806 1560 veritatem
1827 1494 1894 1559 illic
1915 1494 2094 1572 contineri;
2122 1493 2178 1558 sed

1200 1603 1265 1646 non
1293 1583 1338 1645 ita
1365 1580 1538 1647 cohaerere
1565 1582 1645 1663 quin
1666 1581 1811 1663 seperari
1833 1587 1967 1662 queant,
1991 1599 2028 1643 ac
2052 1580 2088 1643 in
2108 1581 2179 1661 ipsa

1200 1668 1300 1731 etiam
1322 1668 1548 1732 coniunctione
1576 1675 1724 1750 oportere
1751 1687 1880 1749 semper
1902 1665 2044 1730 discerni
2067 1687 2137 1729 rem
2159 1685 2179 1728 a

1200 1753 1307 1836 signo,
1346 1774 1388 1817 ne
1422 1753 1463 1817 ad
1495 1753 1634 1817 alterum
1664 1753 1897 1817 transferamus
1924 1751 2011 1833 quod
2043 1751 2178 1816 alterius

1200 1849 1258 1903 est.
1295 1839 1348 1902 Do
1369 1838 1573 1920 separatione
1596 1838 1738 1921 loquitur
1759 1860 1859 1920 quum
1882 1838 2004 1914 scribit,
2015 1835 2045 1919 8“)
2069 1838 2104 1901 in
2127 1858 2178 1901 so·

1199 1924 1240 1988 lis
1263 1924 1373 1990 electis
1395 1925 1522 1989 efficere
1543 1933 1749 1989 sacramenta
1776 1923 1864 2005 quod
1890 1925 2046 2007 figurant
2091 1922 2178 1987 Item

1200 2009 1256 2075 ubi
1284 2010 1324 2074 de
1351 2010 1481 2075 Iudaeis
1510 2012 1555 2075 sio
1581 2009 1747 2093 scribit:⁴)
1775 2023 1981 2075 sacramenta
2001 2030 2106 2091 quum
2128 2031 2177 2073 es-

1200 2103 1274 2160 sent
1294 2095 1445 2160 omnibus
1467 2097 1662 2174 communia,
1681 2115 1747 2160 uon
1765 2103 1837 2160 orat
1851 2096 2034 2161 communis
2056 2096 2177 2178 gratia3

1199 2203 1282 2263 quae
1310 2182 1415 2246 virtus
1442 2192 1493 2247 est
1519 2190 1811 2247 sacramentorum:
1846 2183 1893 2247 sio
1919 2186 1947 2245 et
1973 2202 2064 2245 nunc
2090 2201 2177 2244 corn-

1199 2290 1299 2332 mune
1317 2277 1367 2332 est
1384 2267 1535 2339 omnbus
1553 2269 1720 2332 lavacrum
1732 2267 2004 2350 regenerationis;
2027 2266 2086 2332 sed
2108 2267 2178 2350 ipsa

1200 2354 1390 2437 gratiaque
1412 2354 1560 2418 membra
1582 2352 1707 2418 Christi
1728 2375 1803 2418 cum
1830 2374 1889 2417 suo
1911 2354 2018 2436 capite
2120 2374 2177 2416 ne-

1200 2448 1327 2515 rantur,
1351 2460 1418 2503 nou
1441 2439 1592 2505 omnibus
1614 2450 1664 2503 est
1682 2441 1872 2503 eommunis.
1909 2374 2177 2520 Rursushhhv)

1200 2524 1240 2588 dc
1267 2545 1369 2590 coena
1390 2524 1541 2589 Domini:
1569 2546 1629 2589 nos
1652 2546 1779 2608 quoque
1801 2524 1965 2590 visibilem
1986 2525 2093 2589 cibum
2116 2525 2177 2588 ho·

1200 2610 1252 2674 die
1285 2612 1474 2693 accipimus;
1507 2610 1564 2675 sed
1596 2609 1687 2675 aliud
1714 2619 1765 2676 est
1791 2619 2046 2683 sacramentum,
2082 2609 2177 2673 aliud

1200 2697 1306 2761 virtus
1340 2699 1550 2762 saoramenti:
1588 2697 1666 2779 quid
1692 2707 1742 2761 est
1771 2695 1858 2779 quod
1884 2695 1978 2760 multi
2006 2695 2045 2758 de
2073 2693 2174 2757 altari

1201 2782 1366 2864 accipiunt
1376 2793 1409 2847 et
1419 2784 1605 2847 moriuntur
1617 2789 1650 2846 et
1667 2781 1854 2864 accipiendo
1871 2778 2072 2846 moriuntur?
2092 2801 2175 2843 nam

172 2883 271 2925 seusu
306 2863 500 2945 sophisticae
527 2864 657 2930 scholae
688 2867 909 2943 tradiderant,
943 2877 1148 2933 sacramenta
1200 2877 1234 2933 et
1255 2868 1401 2934 buccella
1422 2869 1584 2934 dominica
1602 2890 1766 2933 venenum
1787 2868 1851 2932 fuit
1872 2865 1985 2944 Iudae3
2006 2887 2074 2930 non
2096 2864 2178 2948 quia

172 2969 275 3013 novae
305 2948 400 3033 legis,
431 2950 491 3015 lroc
513 2961 578 3025 est,
602 2974 684 3034 quae
713 2976 799 3019 nunc
823 2955 855 3018 in
879 2976 941 3019 usu
963 2964 1040 3019 sunt
1062 2954 1148 3018 chri·
1201 2954 1326 3019 malum
1344 2955 1476 3036 accepit,
1499 2953 1558 3020 sed
1579 2955 1656 3035 quia
1673 2955 1796 3019 bonum
1814 2953 1900 3018 male
1919 2952 2026 3017 mulus
2044 2952 2178 3034 accepit

173 3034 298 3098 stiauao
331 3035 504 3109 ιιιιιιιιιιιιιιι,
545 3038 720 3104 iustificare
753 3049 786 3104 ot
819 3041 964 3104 conferre
998 3040 1147 3123 gratiam,
1200 3040 1306 3105 Paulo
1328 3049 1413 3122 post:
1436 3039 1535 3105 huius
1557 3040 1606 3104 rei
1628 3048 1884 3117 sacramentum,
1912 3038 1947 3102 id
1968 3044 2019 3102 est
2039 3038 2178 3102 unitatis

171 3118 267 3184 modo
291 3140 354 3184 nou
377 3143 536 3203 pourunus
557 3122 681 3188 obicem
704 3127 828 3207 peceati
851 3126 1008 3191 mortalis.
1053 3124 1148 3205 Quae
1201 3127 1345 3208 corporis
1372 3134 1406 3189 et
1432 3126 1603 3210 sanguinis
1626 3125 1768 3204 Christi,
1795 3125 1914 3191 alicubi
1933 3124 2097 3206 quotidie,
2120 3123 2177 3188 ali·

171 3206 334 3270 sonteutia
355 3205 417 3270 diei
441 3230 506 3271 uon
526 3220 632 3291 potest
655 3232 750 3293 quam
770 3213 814 3276 sit
831 3212 973 3277 exitialis
995 3219 1028 3276 ot
1049 3212 1149 3294 pesti·
1201 3213 1276 3279 cubi
1309 3211 1407 3277 certis
1441 3211 1569 3276 dierum
1600 3211 1781 3276 intervallis
1814 3212 1850 3275 in
1876 3230 1992 3275 mensa
2017 3209 2178 3275 dominica

172 3290 252 3364 leus,
275 3312 376 3374 ooque
400 3294 505 3376 ruagis
528 3295 612 3376 quod
636 3297 748 3361 multis
771 3307 847 3363 ante
869 3298 1007 3362 saeculis
1029 3318 1150 3381 magua
1200 3306 1424 3381 praeparatur,
1447 3307 1480 3361 et
1503 3297 1543 3362 de
1565 3319 1604 3362 ea
1626 3298 1767 3361 sumitur
1784 3295 1981 3378 quibusdam
2003 3295 2045 3359 ad
2068 3296 2176 3372 vitam,

172 3378 325 3442 salmoe
345 3379 470 3443 iactura
488 3379 521 3443 iu
540 3381 625 3446 bono
643 3382 729 3447 orbis
748 3394 841 3466 parto
859 3384 1006 3449 obtinuit.
1043 3382 1148 3448 Plane
1193 3382 1396 3467 quibusdam
1418 3382 1459 3448 ad
1481 3384 1634 3459 exitium;
1663 3405 1716 3447 res
1738 3404 1816 3448 vero
1838 3384 1923 3464 ipsa,
1951 3383 2047 3448 ouius
2068 3389 2103 3446 et
2129 3403 2177 3446 sa

170 3474 257 3527 curto
280 3462 439 3528 diabolica
461 3475 518 3528 urst.
561 3466 646 3532 Nam
669 3467 747 3532 duur
770 3470 927 3534 iustitiam
949 3471 1032 3534 citra
1049 3469 1148 3534 fidem
1201 3479 1406 3536 oramentum
1434 3479 1498 3547 est,
1532 3467 1682 3534 omnibhs
1715 3467 1897 3546 advitam,
1927 3468 2013 3532 nulli
2039 3467 2082 3532 ad
2111 3468 2176 3532 exi-

171 3546 350 3646 polliootur.
369 3549 496 3646 animas
514 3551 548 3615 in
566 3553 704 3617 exitium
721 3557 914 3655 praecipites
931 3557 1011 3638 agit3
1031 3555 1149 3620 deinde
1200 3556 1294 3634 tium,
1317 3556 1502 3639 quicunque
1524 3555 1595 3620 eius
1616 3555 1779 3637 particeps
1801 3555 1908 3619 fuerit
1944 3553 1992 3617 Et
2012 3553 2176 3636 aliquanto

173 3652 250 3714 qurs
280 3634 422 3698 rustitrao
450 3657 581 3701 (arrasam
604 3660 623 3701 ιι
645 3651 858 3706 siroramontrs
881 3642 983 3714 ducit,
1012 3642 1149 3706 miseras
1201 3652 1278 3706 aute
1301 3641 1443 3705 dixerat:
1467 3663 1532 3707 non
1552 3641 1724 3718 morietur,
1752 3641 1808 3722 qui
1829 3639 2095 3717 manducaverit,
2123 3637 2177 3703 sed

173 3716 341 3782 bominum
365 3728 500 3798 montes,
525 3723 558 3787 iu
581 3732 702 3790 terram
725 3737 839 3810 suapte
861 3736 976 3810 sponte
998 3728 1072 3811 plus
1097 3749 1148 3791 sa·
1202 3728 1257 3810 qui
1275 3728 1417 3810 pertinet
1434 3726 1476 3791 ad
1493 3728 1650 3792 virtutem
1668 3727 1877 3802 sacramenti,
1896 3746 1963 3789 non
1987 3724 2029 3788 ad
2053 3723 2175 3790 visibile

172 3803 215 3867 tis
238 3802 423 3903 inclinatas,
454 3807 513 3873 hae
537 3811 770 3892 superstitione
791 3813 911 3912 illigat,
942 3815 1459 3896 utinspee·1sacramentum;
1487 3813 1543 3895 qui
1570 3811 1748 3876 manducat
1774 3812 1878 3888 intus,
1905 3833 1973 3876 non
1998 3813 2091 3890 foris;
2123 3810 2176 3893 qui

172 3887 281 3986 broulo
308 3909 355 3952 rer
383 3912 554 3974 corporeae
585 3897 692 3979 potius
720 3919 819 3980 quam
847 3922 883 3964 m
906 3900 977 3963 Deo
1004 3900 1073 3981 ipso
1096 3920 1150 3963 ao·
1201 3897 1377 3964 manducat
1393 3898 1498 3974 eorde,
1521 3920 1587 3962 non
1609 3898 1663 3979 qui
1681 3898 1801 3979 premit
1822 3896 1929 3961 dente.
1969 3897 2038 3962 Hic
2059 3896 2176 3977 ubique

173 3983 348 4054 quieseant
401 3974 494 4055 Quae
528 3978 591 4044 duo
625 3984 753 4048 utinam
781 3984 861 4050 adeo
888 3995 1054 4066 comperta
1082 4004 1149 4048 non
1202 3984 1305 4063 audis,
1334 3993 1574 4048 sacramentum
1602 3984 1649 4049 sie
1677 4004 1778 4049 asua
1799 3983 1938 4047 veritate
1961 3982 2107 4066 separari
2125 3982 2175 4044 in·

174 4056 384 4122 lrubereruus:
410 4070 537 4127 taut-um
560 4067 651 4131 abest
673 4079 711 4133 ut
732 4070 830 4153 longa
851 4071 1043 4154 probatione
1064 4069 1149 4133 indi·
1201 4069 1361 4152 dignitate
1382 4070 1551 4148 sumentis,
1569 4076 1607 4133 ut
1628 4068 1712 4132 nihil
1733 4077 1866 4132 maneat
1892 4079 2026 4151 praeter
2047 4070 2176 4132 inanem

174 4152 281 4227 quovit..
339 4143 428 4243 Quid
469 4169 546 4212 vera
579 4161 629 4215 ost
661 4165 902 4221 srcnmruutum
936 4156 1018 4221 citra
1050 4154 1149 4219 fidem
1201 4166 1235 4219 et
1251 4155 1402 4220 inutilem
1418 4157 1568 4239 figuram.
1603 4155 1652 4222 Ut
1673 4163 1784 4220 autern
1799 4175 1864 4218 nou
1888 4155 2023 4237 signum
2040 4154 2175 4218 veritate

172 4240 351 4327 srrrrrptrrru,
375 4233 437 4294 arsi
456 4235 674 4301 certissimrmr
692 4240 845 4305 ecelesiae
867 4240 1026 4306 exitium?
1062 4241 1149 4305 Nam
1201 4262 1355 4320 vacuum,
1380 4240 1438 4306 sed
1461 4263 1531 4305 rem
1555 4261 1629 4305 eum
1651 4242 1746 4324 signo
1770 4240 1906 4317 habeas,
1933 4239 2075 4306 verbum
2092 4238 2176 4323 quod

171 4337 274 4467 duum
303 4315 387 4381 mhil
409 4316 484 4383 iude
506 4330 600 4384 extra
626 4325 869 4404 promissionem
890 4326 936 4391 sit
956 4337 1149 4409 exspectan·
1173 4292 1177 4427 Ι
1201 4327 1267 4392 illic
1300 4326 1466 4391 inclusum
1493 4335 1559 4404 est,
1593 4324 1658 4392 fide
1685 4326 1911 4408 apprehendas
1934 4334 2073 4410 oportet
2123 4324 2177 4391 Sic

195 4424 265 4500 ιιιιι,
298 4401 471 4486 promissio
497 4414 605 4469 autem
634 4430 699 4472 uon
727 4411 835 4475 minas
861 4413 945 4476 iram
973 4413 1149 4479 incredulis
1172 4432 1176 4513 p
1201 4424 1361 4496 quantum
1394 4414 1429 4476 in
1457 4412 1582 4478 Christi
1617 4413 1908 4478 communicatione
1938 4414 2092 4495 proficies
2122 4433 2177 4495 per

170 4496 440 4589 mrrruturqaarn
462 4488 613 4556 fidelibus
635 4494 776 4575 gratiatur
797 4498 926 4561 offerat:
949 4498 1074 4563 titllitur
1091 4500 1148 4583 qui
1172 4516 1176 4621 q
1200 4507 1414 4575 sacramenta,
1437 4508 1567 4564 tantum
1588 4521 1630 4563 ex
1651 4498 1718 4562 illis
1739 4500 1848 4581 capies
1868 4497 2032 4562 utilitatis

171 4575 248 4658 plus
286 4571 412 4659 ahquid
447 4594 507 4660 per
545 4591 748 4644 sacramento
780 4580 840 4644 sibi
874 4584 1013 4648 conferri
1043 4596 1146 4668 putat,
1290 4590 1337 4649 lt.
1382 4584 1422 4649 Id
1456 4587 1485 4650 si
1518 4593 1569 4650 est
1602 4585 1772 4650 obscurius
1803 4594 1938 4665 propter
1970 4583 2175 4660 brevitatem,

171 4681 269 4812 qprrrm
298 4657 385 4743 quod
411 4659 511 4728 verbo
533 4662 596 4727 Dei
624 4664 767 4730 oblatum
796 4688 874 4732 vero
896 4667 960 4733 fide
981 4673 1145 4754 percipiat
1198 4670 1348 4755 pluribus
1370 4671 1478 4736 verbis
1496 4691 1668 4754 exponam.
1705 4668 1877 4734 Christum
1895 4682 2177 4735 sacramentorum

190 4745 225 4811 *x
254 4767 317 4829 «prro
340 4744 480 4812 alterurn
508 4749 609 4813 etiarn
630 4752 817 4825 conficitur,
847 4775 915 4818 non
941 4756 1083 4838 pendere
1104 4780 1147 4822 ex
1170 4788 1174 4811 ι
1199 4759 1346 4824 οιιιιιιιιιιι
1368 4757 1556 4834 materiam,
1575 4755 1642 4834 vel,
1665 4757 1693 4820 si
1713 4757 1834 4831 mavis,
1863 4755 2087 4820 subfflfiffl
2110 4777 2178 4821 0⁸⁸0

172 4832 368 4897 mouaueuti
390 4833 636 4916 participatione
657 4836 772 4902 sedatis
789 4839 952 4915 fiduciam,
974 4861 1012 4905 ao
1032 4843 1060 4905 si
1080 4844 1148 4909 ius·
1170 4842 1174 4889 ⁵

172 4918 307 4982 auarus
335 4918 398 4979 sita
420 4918 486 4983 illio
509 4920 606 4985 iuret:
630 4943 728 5004 quam
756 4925 792 4987 in
815 4947 879 4991 uno
896 4925 1032 4992 Christo
1055 4950 1147 5012 rupo-
1170 4906 1174 4963 l

173 5003 288 5079 sitarrr,
324 5001 428 5067 nihilo
455 5006 566 5071 minus
591 5007 754 5093 evangelii
780 5011 1022 5094 praedieatione
1048 5014 1174 5095 quami

173 5088 370 5153 saomureuti
392 5087 630 5173 obsignatione,
649 5095 743 5160 nobis
762 5099 997 5163 communicari
1017 5099 1147 5180 scimus,
1170 5064 1174 5139 l

252 5173 259 5186 .
528 5177 534 5190 ,
635 5178 641 5191 ,
1171 5144 1174 5187 ι
1200 5135 1335 5204 Βιριιιιιι
1360 5146 1456 5186 eontra

173 5191 305 5238 somno
328 5172 387 5239 hae
410 5196 561 5259 possem
583 5177 723 5244 sohdum
745 5196 903 5248 constare
937 5182 1050 5266 Usque
1068 5184 1149 5250 adeo
1171 5200 1174 5217 ¹
1198 5203 1294 5257 ιοηῃι
1363 5201 1395 5268 4)
1412 5202 1445 5255 ln
1463 5201 1507 5254 Ps

1202 4932 1247 4939 -ι
1255 4932 1263 4939 -
1272 4931 1402 4939 --—--—-

1268 5065 1298 5133 1)
1314 5063 1474 5119 mbram
1504 5069 1655 5117 uaestret
1673 5069 1736 5117 test.
1754 5063 1833 5133 (Iar.
1850 5062 1905 5127 83)
1951 5060 2079 5145 Distat.
2097 5065 2125 5119 5.
2142 5065 2176 5119 ds

1521 5131 1940 5267 t‘tlirml'tts
2023 5152 2179 5258 ult*
