4672 5842
235 298 299 361 soa
883 258 1276 355 mensunusum.
1300 288 1481 356 onerer.
1508 293 1599 354 isse.
2177 293 2244 354 soa

236 489 391 551 tesimum
420 482 570 564 quodque
599 480 791 546 beneficium
819 480 915 544 hodic
938 480 972 543 in
997 493 1120 561 papatu
1142 479 1212 542 sine
1237 491 1240 557 j
1265 499 1362 543 suum
1380 488 1561 542 exerceant.
1596 479 1650 541 Ex
1669 477 1898 553 sacerdotibus,
1919 479 1975 558 qui
1993 477 2058 542 illic
2077 484 2242 549 creantur,

239 571 376 636 simonia
399 569 547 646 conferri,
571 568 712 649 qualiter
734 568 905 631 simoniam
928 577 1056 629 veteres
1079 565 1213 628 definie-
1237 560 1240 643 l
1265 565 1321 629 alii
1339 574 1417 628 sunt
1434 564 1594 639 monaehi,
1614 564 1669 627 alii
1687 583 1769 645 quos
1786 571 1905 627 vocant
1923 564 2113 629 saeculares.
2146 565 2245 629 Prior

238 671 324 720 runt.
370 654 445 716 Non
468 654 539 718 (lico
558 676 672 718 omnes
694 661 864 717 numerato
883 653 987 735 pretio
1010 672 1132 723 emere,
1156 650 1212 713 sod
1238 676 1240 731 3
1264 650 1318 715 ille
1341 673 1421 732 grex
1444 651 1629 732 incognitus
1652 650 1715 713 fuit
1733 651 1833 712 veteri
1856 650 2017 714 ecelesiae.
2051 651 2097 714 Et
2119 649 2244 715 habere

237 740 316 808 cedo
328 740 410 802 mihi
422 762 524 802 unum
538 762 579 803 cx
590 740 709 822 viginti
720 740 776 820 qui
793 737 882 801 nulla
900 738 1031 818 obliqua
1047 758 1212 802 common·
1238 736 1241 815 ᾖ
1265 737 1364 801 talem
1393 737 1429 799 in
1457 736 1592 800 ecelesia
1620 735 1726 800 locum
1754 735 1835 800 adeo
1862 757 1937 799 cum
1964 737 2145 799 monastica
2166 759 2244 817 pro-

238 826 424 892 dationoad
442 825 661 890 sacerdotium
671 825 849 907 perveniat.
883 824 977 887 Alios
993 823 1142 903 cognatio
1160 822 1213 887 vel
1238 854 1241 892 ;
1264 823 1404 888 sessione
1433 834 1573 905 pugnat,
1602 832 1640 884 ut
1670 843 1770 903 quum
1800 821 1877 884 olim
1906 844 1947 884 ex
1975 823 2184 887 monasteriis
2207 824 2243 887 in

239 914 383 978 affinitas
400 922 579 993 promovet,
600 910 680 975 alios
696 921 869 992 parentum
893 909 1062 979 autoritas,
1086 909 1141 970 alii
1156 908 1213 971 ob·
1238 940 1242 995 3
1265 909 1390 974 clerum
1412 915 1650 990 cooptarentur,
1673 907 1825 970 monachi
1847 929 1917 971 esse
1941 906 2137 972 desinerent.
2179 911 2244 972 At-

154 1035 157 1039 ,
239 999 360 1080 sequiis
388 999 533 1061 favorem
561 996 622 1060 sibi
649 997 831 1060 conciliant.
884 995 1035 1077 Denique
1063 996 1097 1058 in
1127 994 1214 1056 hunc
1239 1000 1241 1095 J
1265 1017 1327 1076 que
1351 995 1431 1058 adeo
1453 995 1643 1077 Gregorius,
1663 998 1688 1076 ¹)
1710 995 1803 1057 cuius
1825 1006 1954 1075 tempus
1976 994 2119 1057 multum
2142 995 2243 1060 faecis

239 1086 341 1149 finem
371 1084 582 1148 conferuntur
609 1082 802 1154 sacerdotia,
836 1103 901 1145 non
932 1093 969 1144 ut
1002 1081 1145 1146 eeclesiis
1172 1079 1215 1142 sit
1239 1127 1241 1177 ,
1268 1081 1396 1149 habuit,
1431 1081 1515 1144 hanc
1544 1088 1654 1144 tamen
1682 1079 1904 1142 confusionem
1931 1080 2004 1144 fieri
2029 1102 2146 1161 passus
2173 1103 2243 1144 non

239 1180 457 1253 prospectum,
481 1169 537 1232 sed
559 1168 598 1231 iis
620 1170 675 1249 qui
698 1168 870 1249 accipiunt.
916 1168 1031 1249 Itaque
1058 1166 1215 1230 beneficia
1239 1203 1242 1240 Ι
1268 1176 1326 1231 est.
1371 1167 1455 1230 Vult
1476 1167 1563 1230 enim
1586 1165 1741 1229 clericatu
1764 1165 1906 1229 abdicari
1929 1168 1983 1246 qui
2008 1165 2143 1231 abbates
2163 1168 2243 1232 facti

241 1256 421 1339 appellant,
452 1277 515 1336 quo
537 1255 669 1317 nomine
696 1254 775 1318 satis
804 1254 972 1319 declarant
1001 1275 1034 1316 se
1063 1274 1129 1315 non
1152 1252 1215 1315 alio
1239 1259 1242 1313 ἱ
1267 1252 1405 1323 fuerint,
1434 1252 1518 1333 quod
1547 1251 1728 1315 monachus
1751 1252 1848 1315 simul
1871 1272 1942 1315 esse
1965 1259 1997 1315 et
2019 1252 2156 1316 clericus
2178 1255 2243 1316 rite

241 1343 311 1407 loco
339 1363 378 1405 ea
405 1340 524 1404 habore
551 1361 649 1421 quam
681 1340 866 1423 principum
894 1339 1064 1415 donativa,
1098 1336 1216 1419 quibus
1267 1360 1364 1402 nemo
1386 1350 1497 1419 queat,
1527 1359 1629 1419 quum
1652 1337 1792 1400 alterum
1815 1336 1911 1400 alteri
1933 1339 1975 1402 sit
1996 1338 2242 1419 impedimento.

239 1427 296 1493 vel
317 1427 492 1492 conciliant
513 1425 659 1490 favorem
681 1426 838 1497 militum,
867 1426 921 1489 vol
948 1447 1060 1489 corum
1090 1425 1216 1488 labores
1268 1425 1364 1488 Nunc
1386 1425 1413 1488 si
1436 1425 1653 1506 interrogem,
1687 1422 1847 1504 quomodo
1880 1445 2000 1487 munus
2033 1446 2128 1487 sunm
2159 1424 2244 1488 bene

243 1520 504 1577 remunerantur.
555 1510 684 1577 Omitto
712 1511 798 1592 quod
826 1513 859 1574 in
887 1519 1052 1587 tonsores,
1087 1530 1214 1589 coquos.
1267 1511 1401 1591 impleat
1424 1531 1522 1590 quem
1543 1530 1683 1574 canones
1706 1530 1771 1572 non
1794 1531 1865 1573 esse
1886 1508 2041 1574 idoneum
2063 1510 2245 1581 declarant,

242 1599 415 1671 muliones,
445 1609 541 1678 atque
567 1598 637 1661 cius
666 1599 764 1661 faecis
791 1597 940 1660 hominos
969 1597 1048 1660 haec
1071 1595 1217 1677 praemia
1240 1674 1242 1679 Ι
1267 1596 1345 1678 quid
1368 1596 1502 1660 obsecro
1523 1596 1710 1676 responsuri
1734 1595 1833 1658 sunt?
1869 1594 2025 1660 Oitabunt
2052 1596 2135 1660 rnihi
2159 1598 2247 1661 scili-

243 1684 463 1749 conferuntur.
517 1683 589 1746 Iam
623 1704 700 1747 vero
733 1681 833 1747 nullis
865 1684 932 1747 fere
964 1682 1077 1746 litibus
1110 1681 1216 1763 magis
1240 1716 1244 1751 r
1269 1691 1320 1746 eet
1352 1683 1502 1745 abortiva
1536 1680 1592 1744 illa
1625 1680 1757 1744 decreta
1789 1681 1976 1745 Innocentii
2010 1696 2043 1744 et
2072 1683 2246 1749 Bonifacii.

242 1768 338 1833 hodio
367 1776 578 1850 perstrepunt
607 1769 726 1832 iudicia
746 1791 845 1851 quam
877 1768 919 1832 ob
947 1767 1144 1832 sacerdotia:
1179 1773 1216 1829 ut
1267 1768 1384 1848 quibus
1412 1768 1562 1831 monachi
1591 1766 1632 1829 ad
1660 1766 1830 1830 sacerdotii
1859 1767 2017 1831 honorem
2044 1779 2077 1831 et
2101 1778 2248 1849 potesta·

242 1853 330 1919 dicas
358 1854 442 1917 nihil
469 1853 558 1917 aliud
585 1865 682 1935 quam
712 1855 867 1937 praedam
897 1875 968 1919 esse
997 1851 1132 1917 canibus
1159 1853 1216 1915 ob·
1268 1863 1337 1917 tem
1355 1856 1400 1917 sie
1424 1854 1634 1935 recipiuntur,
1657 1854 1745 1915 utin
1767 1854 1972 1917 monasteriis
1990 1853 2058 1918 suis
2076 1869 2244 1918 maneant..

242 1941 362 2006 iectam
390 1940 431 2003 ad
457 1941 673 2022 venationem.
719 1943 773 2004 An
796 1940 857 2004 hoc
880 1940 933 2003 vel
960 1939 1074 2003 auditu
1096 1939 1216 2001 tolera·
1269 1937 1337 2005 Sed
1359 1962 1441 2021 quae
1461 1940 1524 2002 ista
1545 1947 1593 2001 est
1617 1939 1714 2013 ratio,
1745 1948 1782 2001 ut
1809 1938 1957 2003 indoctus
1985 1940 2092 2020 quivis
2121 1941 2245 2011 asinus.

241 2026 305 2090 bile
329 2035 387 2097 est,
412 2037 556 2107 pastores
578 2028 686 2090 vocari
714 2028 769 2107 qui
797 2027 832 2089 in
861 2025 1013 2090 eeclesiae
1041 2025 1216 2106 possessio·
1241 2026 1244 2105 l
1269 2026 1366 2115 simul
1389 2046 1426 2089 ae
1448 2046 1620 2089 romanam
1643 2024 1753 2088 sedem
1782 2026 2005 2106 occupaverit,
2032 2038 2136 2089 totam
2160 2028 2246 2089 anti-

241 2133 337 2188 nem,
372 2113 465 2192 quasi
497 2112 532 2175 in
566 2111 684 2176 hostile
716 2112 886 2194 praedium
920 2109 1126 2192 irruperint?
1161 2111 1216 2190 qui
1241 2110 1244 2185 l
1268 2115 1425 2193 quitatem
1454 2110 1588 2175 verbulo
1616 2132 1682 2174 uno
1711 2110 1858 2174 evertat?
1900 2111 2027 2174 Verum
2055 2111 2096 2175 de
2123 2112 2186 2177 hac
2209 2135 2246 2176 re

240 2197 424 2261 forensibus
447 2197 563 2279 iurgiis
585 2198 765 2261 evicerint?
790 2200 844 2279 qui
868 2199 973 2279 pretio
995 2195 1214 2261 redemerint?
1269 2210 1389 2282 postea.
1426 2197 1521 2261 lstud
1543 2219 1631 2261 nunc
1649 2196 1797 2272 sufficiat,
1821 2217 1880 2277 pro
1898 2219 2019 2279 magna
2041 2197 2246 2264 absurditate

241 2284 297 2366 qui
316 2283 455 2346 sordidis
474 2284 634 2364 obsequiis
652 2284 871 2348 emeruerint?
892 2285 946 2365 qui
965 2283 1058 2366 pueri
1079 2281 1217 2346 vixdum
1270 2285 1419 2349 habitum
1437 2305 1507 2347 esse
1525 2283 1561 2345 ιιι
1583 2282 1720 2348 ecelesia
1738 2283 1870 2363 puriori,
1894 2283 1921 2347 si
1939 2284 2119 2348 monachus
2138 2305 2247 2348 saeer-

241 2369 475 2440 balbutientes,
509 2390 596 2443 eam,
622 2370 646 2451 ¹)
680 2392 738 2434 ceu
764 2369 1018 2434 haereditariam
1045 2391 1065 2431 a
1092 2368 1218 2449 patruis
1242 2398 1245 2475 q
1270 2371 1357 2435 detio
1391 2372 1592 2453 fungeretur.
1648 2369 1735 2432 Nam
1767 2368 1993 2451 Hieronymus
2026 2391 2061 2433 se
2102 2371 2246 2435 officium

242 2464 275 2519 et
302 2455 462 2536 cognatis,
492 2454 656 2518 interdum
687 2457 785 2519 etiam
808 2478 828 2520 a
850 2455 997 2539 patribus
1023 2454 1126 2537 spurii
1148 2475 1217 2518 cre-
1242 2480 1245 2593 ι
1270 2455 1447 2522 sacerdotis
1470 2475 1567 2538 agere
1585 2463 1693 2537 negat,
1717 2476 1817 2535 quum
1839 2455 1926 2518 inter
1943 2456 2120 2520 monachos
2139 2456 2246 2539 degit;

243 2541 360 2604 verint.
1271 2563 1367 2625 seque
1396 2563 1498 2605 unum
1526 2563 1567 2605 ex
1594 2539 1688 2622 plebe
1718 2541 1797 2603 facit
1823 2541 1878 2621 qui
1900 2563 1920 2604 a
1948 2541 2169 2606 sacerdotibus
2192 2564 2247 2606 re·

213 2641 219 2647 ·
329 2630 356 2688 7.
387 2627 442 2689 An
460 2647 606 2707 unquam
625 2647 662 2689 eo
679 2646 853 2709 progressa
872 2635 957 2691 esset
975 2627 1096 2709 populi,
1115 2647 1217 2707 quan·
1271 2641 1376 2711 gatur.
1420 2628 1547 2690 Verum
1575 2635 1613 2689 ut
1636 2626 1697 2689 hoe
1724 2625 1789 2690 illis
1811 2625 1941 2704 demus,
1965 2625 2041 2708 quid
2063 2640 2171 2690 tamen
2195 2629 2246 2691 of·

241 2713 363 2775 trimma
386 2714 529 2794 corrupti
553 2721 585 2775 et
607 2712 745 2795 exlegis,
775 2712 926 2776 licentia?
964 2711 1030 2777 Sed
1052 2712 1112 2776 hoe
1138 2732 1218 2793 quo-
1271 2716 1337 2780 fieii
1365 2712 1512 2777 faciunt?
1562 2713 1616 2777 Ex
1644 2711 1904 2776 mendicantibus
1936 2712 2083 2777 nonnulli
2111 2714 2244 2775 concio-

240 2818 302 2947 qqe
331 2799 437 2863 maius
465 2805 656 2880 portentum
685 2806 749 2876 est,
784 2798 869 2879 quod
898 2821 982 2863 unus
1010 2799 1107 2862 homo
1137 2796 1218 2881 (non
1243 2868 1246 2875 ,
1272 2811 1408 2878 ιιιιιιιιιι·;
1444 2799 1560 2880 reliqui
1589 2818 1702 2862 omnes
1729 2798 1883 2862 monachi
1909 2799 1962 2863 vel
1990 2797 2158 2863 cautillant
2188 2798 2248 2861 vel

266 2885 312 2948 'oo
335 2884 457 2965 qualis,
488 2893 576 2948 corte
602 2885 658 2964 qui
681 2905 715 2947 se
737 2885 845 2967 ipsum
872 2906 986 2967 regere
1009 2906 1075 2948 non
1098 2884 1218 2966 potest)
1243 2880 1245 2891 '
1273 2887 1523 2952 demurmurant
1556 2884 1671 2949 missas
1699 2885 1735 2946 in
1765 2884 1833 2948 suis
1866 2884 2019 2948 latibulis.
2068 2881 2172 2962 Quasi
2202 2884 2249 2947 ad

241 2970 386 3052 quinque
414 2980 472 3033 aut
500 2990 559 3034 sex
593 2969 735 3034 ecclesiis
769 2970 990 3053 gubernandis
1020 2969 1217 3052 praeficitur.
1271 2972 1333 3037 hoc
1355 2972 1427 3035 fieri
1449 2972 1656 3054 presbyteros
1673 2984 1730 3033 aut
1748 2969 1901 3034 Christus
1924 2970 2073 3047 voluerit,
2096 2984 2153 3032 aut
2173 2991 2249 3033 mu-

241 3055 363 3118 Videre
382 3064 432 3118 est
449 3054 545 3119 hodie
563 3057 598 3119 in
618 3055 702 3120 aulis
719 3056 905 3139 principum
924 3055 1147 3120 adulescentes
1169 3065 1219 3118 ter
1272 3060 1360 3123 neris
1382 3066 1501 3121 natura
1523 3058 1674 3139 patiatur.
1720 3055 1832 3135 Quum
1860 3057 2022 3139 scriptura
2044 3056 2153 3138 palam
2181 3065 2248 3120 tes·

246 3139 387 3216 abbates,
406 3140 456 3204 bis
476 3142 650 3224 episcopos,
673 3143 773 3206 semel
791 3143 1059 3226 archiepiscopos.
1090 3141 1219 3206 Passim
1272 3152 1373 3222 tetur,
1407 3143 1591 3226 presbyteri
1621 3163 1691 3206 esse
1720 3143 1886 3223 propriam
1919 3143 2087 3207 ecclesiam
2121 3162 2247 3226 regere,

245 3246 323 3291 vero
345 3234 424 3289 sunt
445 3227 601 3302 canonici,
623 3229 776 3309 quinque,
798 3251 865 3308 sex,
887 3238 1012 3310 septem
1031 3227 1219 3293 sacerdotiis
1272 3251 1383 3294 annon
1414 3231 1514 3311 impia
1548 3237 1598 3291 est
1630 3228 1812 3310 profanatio
1845 3228 1908 3292 alio
1941 3229 2140 3306 transferre,
2181 3228 2247 3292 imo

245 3313 369 3391 onusti;
398 3333 538 3393 quorum
564 3312 689 3377 nullam
715 3335 849 3396 prorsus
877 3316 941 3378 nisi
968 3316 1004 3378 ιιι
1034 3312 1219 3396 recipiendo
1270 3318 1402 3399 penitus
1434 3316 1609 3378 immutare
1642 3335 1770 3378 sacrum
1799 3314 1862 3376 Dei
1896 3314 2107 3378 institutum?
2160 3314 2247 3378 Nam

245 3407 406 3479 proventu
424 3419 537 3462 curam
560 3399 690 3463 habent.
724 3400 799 3463 Non
819 3401 976 3477 obiiciam,
1000 3398 1137 3465 verbum
1156 3397 1220 3462 Dei
1271 3423 1372 3484 quum
1395 3401 1603 3476 ordinantur,
1633 3400 1827 3464 nominatim
1854 3407 2009 3465 vetantur
2030 3400 2136 3464 facere
2165 3421 2248 3481 quae

246 3483 366 3563 ubique
388 3483 578 3547 reclamare:
608 3484 692 3566 quod
721 3487 913 3567 iampridem
941 3485 1037 3551 desiit
1055 3485 1141 3569 apud
1165 3505 1219 3549 eos
1272 3489 1364 3552 Deus
1386 3487 1586 3570 presbyteris
1607 3484 1759 3550 omnibus
1787 3485 1938 3568 iniungit
1985 3484 2158 3567 Siquidem
2182 3485 2247 3550 illis

142 3606 145 3611 ,
246 3567 366 3632 habere
395 3570 560 3632 tantillum
587 3573 751 3634 momenti.
803 3573 878 3636 Non
906 3572 1070 3650 obiiciam,
1100 3571 1219 3635 multas
1272 3573 1352 3638 haec
1374 3572 1537 3637 cantilena
1554 3573 1697 3637 canitur:
1720 3571 1909 3650 monachus,
1933 3593 1992 3636 suo
2010 3572 2153 3637 elaustro
2171 3592 2248 3635 con·

245 3655 469 3719 severissimas
498 3658 681 3721 sanctiones
701 3657 736 3720 in
764 3658 912 3741 pluribus
934 3658 1079 3723 conciliis
1105 3667 1219 3722 contra
1272 3665 1391 3737 tentus,
1410 3679 1470 3722 nee
1488 3666 1693 3723 sacramenta
1710 3657 1947 3736 administrare,
1966 3678 2028 3722 nec
2047 3656 2135 3721 aliud
2152 3657 2247 3739 quid-

246 3740 331 3804 hanc
363 3741 608 3823 improbitatem
637 3763 707 3807 esse
738 3746 856 3810 factas:
889 3765 967 3808 nam
999 3745 1060 3808 has
1092 3763 1219 3825 quoque
1270 3746 1360 3828 piam
1388 3745 1509 3827 publici
1537 3745 1684 3809 muneris
1713 3764 1835 3825 gerere·
1856 3760 2055 3825 praesumat.
2104 3744 2244 3825 Negent,

244 3828 371 3908 quoties
394 3827 473 3891 libet
495 3829 623 3893 fortiter
642 3839 863 3895 contemnunt.
909 3827 977 3895 Sed
999 3830 1069 3894 dieo
1091 3837 1218 3892 utrum-
1272 3833 1299 3896 si
1324 3839 1491 3915 poterunt,
1526 3839 1677 3912 apertum
1705 3850 1775 3894 esso
1803 3829 1868 3893 Dei
1895 3830 2087 3905 ludibrium,
2119 3831 2153 3891 in
2181 3828 2245 3891 hoc

245 3933 307 3994 que
329 3934 400 3977 esse
422 3914 643 3996 prodigiosum
664 3918 836 3999 flagitium,
858 3916 945 3998 quod
966 3917 1047 3992 Deo,
1071 3921 1217 3990 naturae,
1271 3917 1413 3998 aliquem
1441 3915 1668 4000 presbyterum
1697 3917 1782 3992 fieri,
1817 3925 1855 3979 ut
1882 3938 1902 3979 a
1928 3937 2007 3980 vero
2035 3929 2067 3980 et
2087 3933 2245 3997 germano

244 4005 278 4060 et
300 3999 516 4064 eeclesiastico
535 4003 685 4085 regimini
704 4023 839 4084 prorsus
857 4002 1057 4077 adversetur,
1076 4010 1114 4063 ut
1133 4022 1218 4064 unus
1243 4070 1245 4081 ,
1271 4004 1375 4067 officio
1397 4002 1568 4078 abstineat,
1592 4011 1624 4065 et
1646 4022 1721 4065 eum
1743 4001 1799 4084 qui
1820 4023 1940 4065 nomen
1958 4001 2064 4078 habet,
2085 4020 2155 4063 rem
2173 4020 2245 4063 non

243 4082 365 4165 praedo
392 4084 539 4165 pluribus
567 4088 662 4151 simul
693 4088 836 4153 ecclesiis
863 4088 1010 4163 incubet;
1043 4095 1080 4151 ut
1106 4095 1219 4168 pastor
1243 4084 1245 4123 ²
1271 4109 1365 4171 posse
1388 4089 1516 4152 habere.

243 4170 441 4244 nominetur,
466 4173 520 4253 qui
543 4174 635 4256 gregi
657 4194 718 4237 suo
741 4174 863 4252 adesse,
892 4175 1019 4237 etiamsi
1042 4172 1136 4249 velit,
1160 4194 1218 4236 ue-
1243 4135 1246 4261 l
1358 4180 1385 4237 9.
1423 4174 1530 4237 Venio
1548 4173 1590 4236 ad
1613 4173 1810 4238 saeculares:
1834 4175 1890 4255 qui
1907 4175 2027 4256 partim
2046 4173 2248 4238 beneficiarii

242 4264 353 4337 queat3
382 4264 561 4335 ettamen,
584 4280 648 4340 qua
669 4268 747 4324 sunt
768 4259 983 4341 impudentia,
1006 4269 1073 4322 tam
1096 4256 1218 4322 abomi·
1243 4274 1246 4345 y
1271 4272 1350 4325 sunt
1372 4261 1425 4342 (ut
1446 4259 1654 4343 loquuntur),
1682 4258 1717 4322 id
1740 4267 1804 4339 est,
1828 4260 1951 4324 habent
1973 4258 2154 4324 sacerdotia
2175 4259 2248 4340 qui·

242 4341 369 4406 nandas
390 4343 561 4408 foeditates
583 4346 735 4409 ecclesiae
758 4347 890 4410 nourine
912 4353 1125 4428 praetexunt,
1156 4366 1219 4427 quo
1243 4398 1245 4403 .
1271 4347 1332 4413 bus
1355 4347 1500 4425 alantur;
1525 4346 1646 4430 partim
1668 4345 1877 4429 quotidianas
1899 4366 2014 4426 operas
2036 4345 2146 4408 locant
2167 4346 2249 4409 mis·

242 4425 284 4491 ab
303 4429 391 4492 omni
410 4431 660 4511 reprehensione
679 4432 833 4495 eximant.
866 4431 954 4511 Quin
974 4433 1082 4501 etiam,
1102 4433 1130 4494 si
1147 4432 1218 4496 Deo
1243 4428 1246 4509 l
1272 4433 1373 4498 sande
1405 4432 1458 4497 vel
1492 4432 1659 4510 canendo,
1696 4442 1730 4496 et
1762 4432 1854 4514 quasi
1887 4431 2021 4495 collecta
2053 4430 2130 4495 inde
2164 4432 2248 4512 stipe

241 4512 362 4595 placet,
392 4515 427 4578 in
451 4517 522 4580 istis
545 4518 699 4598 nequitiis
722 4518 909 4582 continetur
936 4525 1141 4582 sacrosancta
1161 4517 1219 4579 illa
1243 4521 1246 4604 l
1271 4521 1432 4584 victitant.
1469 4519 1637 4584 Beneficia
1650 4517 1679 4599 2)
1701 4527 1761 4583 aut
1778 4539 1891 4582 curam
1908 4518 2095 4581 animarum
2113 4515 2247 4584 habent

241 4601 411 4676 successio,
435 4603 528 4665 cuius
549 4605 666 4667 merito
688 4604 840 4668 effectum
862 4625 933 4668 esse
954 4605 1077 4668 iactant
1103 4624 1145 4668 ne
1165 4624 1217 4667 ec·
1242 4611 1245 4735 ῐ
1270 4613 1308 4668 ut
1329 4607 1534 4689 episcopatus
1556 4613 1590 4670 et
1610 4604 1800 4687 parochiae,
1824 4613 1882 4667 aut
1903 4602 2066 4684 stipendia
2088 4613 2165 4668 sunt
2187 4603 2249 4665 ho-

241 4685 339 4750 olesia
360 4687 490 4768 periret.
1242 4738 1244 4747 ,
1270 4692 1397 4757 minum
1421 4691 1646 4767 delicatorum,
1676 4692 1733 4773 qui
1761 4688 1960 4755 cantillando
1987 4690 2113 4755 victum
2135 4688 2249 4770 aequi-

264 4773 266 4777 ’
328 4777 357 4836 8.
402 4774 499 4839 Nunc
521 4774 619 4859 (quae
637 4776 779 4841 secunda
796 4784 875 4839 nota
893 4783 943 4839 est
962 4776 997 4839 in
1018 4773 1216 4840 aestimando
1241 4750 1244 4842 l
1269 4788 1362 4857 runt,
1392 4787 1430 4842 ut
1456 4777 1677 4861 praebendae,
1706 4777 1935 4854 canonicatus,
1962 4783 2173 4859 personatus,
2210 4797 2248 4840 ae

242 4855 388 4941 legitimo
416 4864 560 4944 pastore)
594 4861 763 4927 videamus
795 4882 894 4943 quam
927 4860 1067 4925 fideliter
1097 4882 1216 4925 munus
1241 4862 1244 4948 ,l
1270 4863 1462 4948 dignitates,
1504 4863 1742 4947 cappellaniae,
1781 4871 1815 4927 et
1853 4862 1979 4927 similia.
2037 4859 2247 4944 Quanquam.

312 5148 339 5205 ll
360 5149 444 5218 Lege:
463 5150 490 5202 in
509 5168 566 5202 eam
612 5152 710 5206 Vitium
729 5153 778 5206 hoc
797 5153 827 5205 ia
844 5168 935 5206 omaus
951 5153 1011 5208 edd.
1024 5155 1133 5222 irrepsit
1152 5153 1216 5207 iside

239 5231 258 5269 a
277 5214 352 5269 loto.
1240 5260 1242 5265 .
1337 5224 1367 5288 1)
1384 5225 1472 5292 Epist.
1492 5223 1532 5274 11.
1551 5225 1613 5274 libr.
1632 5222 1656 5275 3.
1727 5224 1757 5289 2)
1775 5225 1945 5277 Beneficiarii
1965 5222 2146 5279 luca-1837.

1905 5400 1918 5443 t
