<?xml version="1.0" encoding="UTF-8"?>
<!DOCTYPE html PUBLIC "-//W3C//DTD XHTML 1.0 Transitional//EN"
    "http://www.w3.org/TR/xhtml1/DTD/xhtml1-transitional.dtd">
<html xmlns="http://www.w3.org/1999/xhtml" xml:lang="en" lang="en">
 <head>
  <title>
</title>
<meta http-equiv="Content-Type" content="text/html;charset=utf-8" />
  <meta name='ocr-system' content='tesseract 3.04.00' />
  <meta name='ocr-capabilities' content='ocr_page ocr_carea ocr_par ocr_line ocrx_word'/>
</head>
<body>
  <div class='ocr_page' id='page_1' title='image "./ioanniscalvinii00cunigoog_0042.png"; bbox 0 0 4672 5842; ppageno 0'>
   <div class='ocr_carea' id='block_1_1' title="bbox 221 319 2228 390">
    <p class='ocr_par' dir='ltr' id='par_1_1' title="bbox 221 319 2228 390">
     <span class='ocr_line' id='line_1_1' title="bbox 221 319 2228 390; baseline 0.001 -7"><span class='ocrx_word' id='word_1_1' title='bbox 221 321 262 383; x_wconf 77' lang='lat'>61</span> <span class='ocrx_word' id='word_1_2' title='bbox 612 322 702 387; x_wconf 85' lang='lat' dir='ltr'><strong>LIB.</strong></span> <span class='ocrx_word' id='word_1_3' title='bbox 725 322 752 387; x_wconf 91' lang='lat'>1.</span> <span class='ocrx_word' id='word_1_4' title='bbox 796 323 860 387; x_wconf 82' lang='lat' dir='ltr'>DE</span> <span class='ocrx_word' id='word_1_5' title='bbox 884 319 1172 388; x_wconf 73' lang='lat' dir='ltr'>OOGNITIONE</span> <span class='ocrx_word' id='word_1_6' title='bbox 1194 321 1277 386; x_wconf 86' lang='lat' dir='ltr'>DIlI</span> <span class='ocrx_word' id='word_1_7' title='bbox 1299 322 1573 390; x_wconf 72' lang='lat' dir='ltr'>cannuca-Is.</span> <span class='ocrx_word' id='word_1_8' title='bbox 1619 322 1718 388; x_wconf 81' lang='lat' dir='ltr'><strong>OAP.</strong></span> <span class='ocrx_word' id='word_1_9' title='bbox 1741 323 1837 388; x_wconf 74' lang='lat' dir='ltr'>Vm</span> <span class='ocrx_word' id='word_1_10' title='bbox 2188 324 2228 387; x_wconf 80' lang='lat'>62</span> 
     </span>
    </p>
   </div>
   <div class='ocr_carea' id='block_1_2' title="bbox 217 508 2252 1711">
    <p class='ocr_par' dir='ltr' id='par_1_2' title="bbox 217 508 2252 1367">
     <span class='ocr_line' id='line_1_2' title="bbox 223 508 2229 594; baseline 0.002 -22"><span class='ocrx_word' id='word_1_11' title='bbox 223 508 315 590; x_wconf 78' lang='lat' dir='ltr'>mrtpo</span> <span class='ocrx_word' id='word_1_12' title='bbox 336 509 474 572; x_wconf 77' lang='lat' dir='ltr'>cernitar</span> <span class='ocrx_word' id='word_1_13' title='bbox 494 513 581 573; x_wconf 82' lang='lat' dir='ltr'>tarta</span> <span class='ocrx_word' id='word_1_14' title='bbox 601 510 726 573; x_wconf 79' lang='lat' dir='ltr'>inscitia</span> <span class='ocrx_word' id='word_1_15' title='bbox 748 515 776 574; x_wconf 90' lang='lat' dir='ltr'>et</span> <span class='ocrx_word' id='word_1_16' title='bbox 796 511 972 592; x_wconf 69' lang='lat' dir='ltr'>stupiditas.</span> <span class='ocrx_word' id='word_1_17' title='bbox 1013 510 1133 593; x_wconf 81' lang='lat' dir='ltr'>Valpas</span> <span class='ocrx_word' id='word_1_18' title='bbox 1150 530 1202 575; x_wconf 86' lang='lat' dir='ltr'>rre-</span> <span class='ocrx_word' id='word_1_19' title='bbox 1254 511 1422 594; x_wconf 81' lang='lat' dir='ltr'>Siquidem</span> <span class='ocrx_word' id='word_1_20' title='bbox 1456 512 1497 576; x_wconf 90' lang='lat' dir='ltr'>ab</span> <span class='ocrx_word' id='word_1_21' title='bbox 1525 513 1614 576; x_wconf 90' lang='lat' dir='ltr'>omni</span> <span class='ocrx_word' id='word_1_22' title='bbox 1649 512 1850 578; x_wconf 74' lang='lat' dir='ltr'>dubitatione</span> <span class='ocrx_word' id='word_1_23' title='bbox 1883 513 2068 577; x_wconf 86' lang='lat' dir='ltr'>vindicatur</span> <span class='ocrx_word' id='word_1_24' title='bbox 2096 514 2229 590; x_wconf 85' lang='lat' dir='ltr'>veritas,</span> 
     </span>
     <span class='ocr_line' id='line_1_3' title="bbox 224 595 2230 681; baseline 0.001 -23"><span class='ocrx_word' id='word_1_25' title='bbox 224 595 309 659; x_wconf 83' lang='lat' dir='ltr'>mirra</span> <span class='ocrx_word' id='word_1_26' title='bbox 325 596 513 676; x_wconf 79' lang='lat' dir='ltr'>praeapacs</span> <span class='ocrx_word' id='word_1_27' title='bbox 535 596 630 661; x_wconf 83' lang='lat' dir='ltr'>etiam</span> <span class='ocrx_word' id='word_1_28' title='bbox 651 616 792 677; x_wconf 77' lang='lat' dir='ltr'>quosque,</span> <span class='ocrx_word' id='word_1_29' title='bbox 815 599 906 661; x_wconf 86' lang='lat' dir='ltr'>donec</span> <span class='ocrx_word' id='word_1_30' title='bbox 927 598 962 660; x_wconf 84' lang='lat' dir='ltr'>ia</span> <span class='ocrx_word' id='word_1_31' title='bbox 980 598 1122 661; x_wconf 86' lang='lat' dir='ltr'>ecclesiae</span> <span class='ocrx_word' id='word_1_32' title='bbox 1139 617 1202 659; x_wconf 88' lang='lat' dir='ltr'>cor-</span> <span class='ocrx_word' id='word_1_33' title='bbox 1253 600 1308 663; x_wconf 91' lang='lat' dir='ltr'>ubi</span> <span class='ocrx_word' id='word_1_34' title='bbox 1331 619 1397 662; x_wconf 94' lang='lat' dir='ltr'>non</span> <span class='ocrx_word' id='word_1_35' title='bbox 1419 598 1533 662; x_wconf 90' lang='lat' dir='ltr'>alienis</span> <span class='ocrx_word' id='word_1_36' title='bbox 1555 598 1690 662; x_wconf 83' lang='lat' dir='ltr'>suffiilta</span> <span class='ocrx_word' id='word_1_37' title='bbox 1710 597 1896 681; x_wconf 89' lang='lat' dir='ltr'>praesidiis,</span> <span class='ocrx_word' id='word_1_38' title='bbox 1920 599 1988 663; x_wconf 89' lang='lat' dir='ltr'>sola</span> <span class='ocrx_word' id='word_1_39' title='bbox 2009 600 2081 681; x_wconf 89' lang='lat' dir='ltr'>ipsa</span> <span class='ocrx_word' id='word_1_40' title='bbox 2103 599 2164 662; x_wconf 91' lang='lat' dir='ltr'>sibi</span> <span class='ocrx_word' id='word_1_41' title='bbox 2188 597 2230 663; x_wconf 89' lang='lat' dir='ltr'>ad</span> 
     </span>
     <span class='ocr_line' id='line_1_4' title="bbox 217 681 2229 766; baseline 0.002 -22"><span class='ocrx_word' id='word_1_42' title='bbox 217 701 287 763; x_wconf 85' lang='lat' dir='ltr'>pas</span> <span class='ocrx_word' id='word_1_43' title='bbox 318 681 410 744; x_wconf 79' lang='lat' dir='ltr'>insiti</span> <span class='ocrx_word' id='word_1_44' title='bbox 440 682 567 762; x_wconf 75' lang='lat' dir='ltr'>saerirt</span> <span class='ocrx_word' id='word_1_45' title='bbox 611 681 703 746; x_wconf 82' lang='lat' dir='ltr'>Adde</span> <span class='ocrx_word' id='word_1_46' title='bbox 732 684 812 763; x_wconf 84' lang='lat' dir='ltr'>qaod</span> <span class='ocrx_word' id='word_1_47' title='bbox 841 682 966 747; x_wconf 85' lang='lat' dir='ltr'>Iesaias</span> <span class='ocrx_word' id='word_1_48' title='bbox 995 686 1061 766; x_wconf 78' lang='lat'>(53,</span> <span class='ocrx_word' id='word_1_49' title='bbox 1084 685 1116 765; x_wconf 85' lang='lat'>1)</span> <span class='ocrx_word' id='word_1_50' title='bbox 1142 702 1202 745; x_wconf 85' lang='lat' dir='ltr'>noa</span> <span class='ocrx_word' id='word_1_51' title='bbox 1253 707 1288 750; x_wconf 90' lang='lat' dir='ltr'>sc</span> <span class='ocrx_word' id='word_1_52' title='bbox 1317 684 1541 749; x_wconf 83' lang='lat' dir='ltr'>sustinendam</span> <span class='ocrx_word' id='word_1_53' title='bbox 1570 685 1697 749; x_wconf 89' lang='lat' dir='ltr'>sufficit.</span> <span class='ocrx_word' id='word_1_54' title='bbox 1750 685 1842 748; x_wconf 90' lang='lat' dir='ltr'>Haec</span> <span class='ocrx_word' id='word_1_55' title='bbox 1871 692 1982 747; x_wconf 88' lang='lat' dir='ltr'>autem</span> <span class='ocrx_word' id='word_1_56' title='bbox 2005 686 2109 749; x_wconf 83' lang='lat' dir='ltr'>virtus</span> <span class='ocrx_word' id='word_1_57' title='bbox 2130 705 2229 766; x_wconf 88' lang='lat' dir='ltr'>quam</span> 
     </span>
     <span class='ocr_line' id='line_1_5' title="bbox 226 767 2229 852; baseline 0.001 -22"><span class='ocrx_word' id='word_1_58' title='bbox 226 768 381 831; x_wconf 72' lang='lat' dir='ltr'>acrama</span> <span class='ocrx_word' id='word_1_59' title='bbox 402 767 504 846; x_wconf 80' lang='lat' dir='ltr'>prodo,</span> <span class='ocrx_word' id='word_1_60' title='bbox 532 768 587 831; x_wconf 90' lang='lat' dir='ltr'>sed</span> <span class='ocrx_word' id='word_1_61' title='bbox 610 767 741 832; x_wconf 82' lang='lat' dir='ltr'>Iudaeis</span> <span class='ocrx_word' id='word_1_62' title='bbox 768 770 861 832; x_wconf 84' lang='lat' dir='ltr'>etiam</span> <span class='ocrx_word' id='word_1_63' title='bbox 883 768 938 849; x_wconf 84' lang='lat' dir='ltr'>qai</span> <span class='ocrx_word' id='word_1_64' title='bbox 959 770 1115 834; x_wconf 81' lang='lat' dir='ltr'>domestici</span> <span class='ocrx_word' id='word_1_65' title='bbox 1137 789 1202 832; x_wconf 86' lang='lat' dir='ltr'>ceu·</span> <span class='ocrx_word' id='word_1_66' title='bbox 1252 771 1384 852; x_wconf 88' lang='lat' dir='ltr'>propria</span> <span class='ocrx_word' id='word_1_67' title='bbox 1412 772 1454 833; x_wconf 88' lang='lat' dir='ltr'>sit</span> <span class='ocrx_word' id='word_1_68' title='bbox 1484 771 1680 851; x_wconf 76' lang='lat' dir='ltr'>scripturae,</span> <span class='ocrx_word' id='word_1_69' title='bbox 1704 770 1780 834; x_wconf 92' lang='lat' dir='ltr'>inde</span> <span class='ocrx_word' id='word_1_70' title='bbox 1802 770 1918 851; x_wconf 88' lang='lat' dir='ltr'>liquet,</span> <span class='ocrx_word' id='word_1_71' title='bbox 1941 770 2027 852; x_wconf 91' lang='lat' dir='ltr'>quod</span> <span class='ocrx_word' id='word_1_72' title='bbox 2049 792 2090 835; x_wconf 80' lang='lat' dir='ltr'>ex</span> <span class='ocrx_word' id='word_1_73' title='bbox 2112 770 2229 833; x_wconf 88' lang='lat' dir='ltr'>hnma-</span> 
     </span>
     <span class='ocr_line' id='line_1_6' title="bbox 228 851 2229 937; baseline 0 -20"><span class='ocrx_word' id='word_1_74' title='bbox 228 853 291 917; x_wconf 82' lang='lat' dir='ltr'>seri</span> <span class='ocrx_word' id='word_1_75' title='bbox 312 851 461 931; x_wconf 77' lang='lat' dir='ltr'>edebant,</span> <span class='ocrx_word' id='word_1_76' title='bbox 479 852 692 935; x_wconf 77' lang='lat' dir='ltr'>propheticam</span> <span class='ocrx_word' id='word_1_77' title='bbox 714 855 885 919; x_wconf 78' lang='lat' dir='ltr'><strong><em>doctrinam</em></strong></span> <span class='ocrx_word' id='word_1_78' title='bbox 907 855 1116 919; x_wconf 80' lang='lat' dir='ltr'>incredibilem</span> <span class='ocrx_word' id='word_1_79' title='bbox 1136 855 1202 934; x_wconf 78' lang='lat' dir='ltr'>fere</span> <span class='ocrx_word' id='word_1_80' title='bbox 1254 859 1306 919; x_wconf 92' lang='lat' dir='ltr'>nis</span> <span class='ocrx_word' id='word_1_81' title='bbox 1329 857 1457 936; x_wconf 88' lang='lat' dir='ltr'>scriptis</span> <span class='ocrx_word' id='word_1_82' title='bbox 1491 856 1669 937; x_wconf 83' lang='lat' dir='ltr'>quamlibet</span> <span class='ocrx_word' id='word_1_83' title='bbox 1698 856 1870 920; x_wconf 86' lang='lat' dir='ltr'>artificiose</span> <span class='ocrx_word' id='word_1_84' title='bbox 1902 856 2065 936; x_wconf 81' lang='lat' dir='ltr'>expolitis,</span> <span class='ocrx_word' id='word_1_85' title='bbox 2100 856 2229 920; x_wconf 89' lang='lat' dir='ltr'>nullum</span> 
     </span>
     <span class='ocr_line' id='line_1_7' title="bbox 228 939 2252 1025; baseline 0.001 -22"><span class='ocrx_word' id='word_1_86' title='bbox 228 939 410 1016; x_wconf 70' lang='lat' dir='ltr'>amaras,</span> <span class='ocrx_word' id='word_1_87' title='bbox 438 940 535 1003; x_wconf 83' lang='lat' dir='ltr'>simul</span> <span class='ocrx_word' id='word_1_88' title='bbox 562 959 690 1003; x_wconf 70' lang='lat' dir='ltr'>sarisam</span> <span class='ocrx_word' id='word_1_89' title='bbox 716 941 818 1018; x_wconf 84' lang='lat' dir='ltr'>addit,</span> <span class='ocrx_word' id='word_1_90' title='bbox 845 942 922 1021; x_wconf 85' lang='lat' dir='ltr'>qaia</span> <span class='ocrx_word' id='word_1_91' title='bbox 941 962 1001 1004; x_wconf 77' lang='lat' dir='ltr'>racc</span> <span class='ocrx_word' id='word_1_92' title='bbox 1020 939 1203 1004; x_wconf 77' lang='lat' dir='ltr'>revelabitur</span> <span class='ocrx_word' id='word_1_93' title='bbox 1255 943 1386 1005; x_wconf 92' lang='lat' dir='ltr'>omnino</span> <span class='ocrx_word' id='word_1_94' title='bbox 1408 939 1543 1023; x_wconf 78' lang='lat' dir='ltr'>perinde</span> <span class='ocrx_word' id='word_1_95' title='bbox 1566 940 1607 1004; x_wconf 88' lang='lat' dir='ltr'>ad</span> <span class='ocrx_word' id='word_1_96' title='bbox 1630 962 1689 1005; x_wconf 91' lang='lat' dir='ltr'>nos</span> <span class='ocrx_word' id='word_1_97' title='bbox 1712 941 1898 1006; x_wconf 88' lang='lat' dir='ltr'>afficiendos</span> <span class='ocrx_word' id='word_1_98' title='bbox 1921 941 2016 1005; x_wconf 85' lang='lat' dir='ltr'>valet</span> <span class='ocrx_word' id='word_1_99' title='bbox 2052 943 2143 1025; x_wconf 85' lang='lat' dir='ltr'>Lege</span> <span class='ocrx_word' id='word_1_100' title='bbox 2161 940 2252 1006; x_wconf 74' lang='lat' dir='ltr'>De-&#39;</span> 
     </span>
     <span class='ocr_line' id='line_1_8' title="bbox 227 1023 2230 1110; baseline 0.001 -22"><span class='ocrx_word' id='word_1_101' title='bbox 227 1023 368 1088; x_wconf 77' lang='lat' dir='ltr'>omuibus</span> <span class='ocrx_word' id='word_1_102' title='bbox 397 1023 558 1088; x_wconf 81' lang='lat' dir='ltr'>braclrium</span> <span class='ocrx_word' id='word_1_103' title='bbox 586 1023 657 1088; x_wconf 84' lang='lat' dir='ltr'>Dei.</span> <span class='ocrx_word' id='word_1_104' title='bbox 715 1027 838 1107; x_wconf 72' lang='lat' dir='ltr'>eroties</span> <span class='ocrx_word' id='word_1_105' title='bbox 870 1046 939 1109; x_wconf 82' lang='lat' dir='ltr'>erpo</span> <span class='ocrx_word' id='word_1_106' title='bbox 966 1047 1021 1090; x_wconf 85' lang='lat' dir='ltr'>aas</span> <span class='ocrx_word' id='word_1_107' title='bbox 1048 1025 1203 1090; x_wconf 76' lang='lat' dir='ltr'>conturbat</span> <span class='ocrx_word' id='word_1_108' title='bbox 1254 1027 1469 1106; x_wconf 88' lang='lat' dir='ltr'>mosthenem,</span> <span class='ocrx_word' id='word_1_109' title='bbox 1494 1036 1551 1090; x_wconf 89' lang='lat' dir='ltr'>aut</span> <span class='ocrx_word' id='word_1_110' title='bbox 1573 1027 1778 1099; x_wconf 62' lang='lat' dir='ltr'>Ciceronem</span> <span class='ocrx_word' id='word_1_111' title='bbox 1804 1027 1875 1110; x_wconf 90' lang='lat' dir='ltr'>lege</span> <span class='ocrx_word' id='word_1_112' title='bbox 1897 1027 2077 1106; x_wconf 88' lang='lat' dir='ltr'>Platonem,</span> <span class='ocrx_word' id='word_1_113' title='bbox 2102 1028 2230 1091; x_wconf 82' lang='lat' dir='ltr'>Aristo·</span> 
     </span>
     <span class='ocr_line' id='line_1_9' title="bbox 228 1111 2229 1195; baseline 0.001 -21"><span class='ocrx_word' id='word_1_114' title='bbox 228 1111 415 1175; x_wconf 70' lang='lat' dir='ltr'>medentium</span> <span class='ocrx_word' id='word_1_115' title='bbox 441 1112 602 1191; x_wconf 78' lang='lat' dir='ltr'>paucitas,</span> <span class='ocrx_word' id='word_1_116' title='bbox 635 1131 673 1174; x_wconf 81' lang='lat' dir='ltr'>ec</span> <span class='ocrx_word' id='word_1_117' title='bbox 705 1115 840 1193; x_wconf 85' lang='lat' dir='ltr'>opposito</span> <span class='ocrx_word' id='word_1_118' title='bbox 868 1114 971 1176; x_wconf 84' lang='lat' dir='ltr'>ueniat</span> <span class='ocrx_word' id='word_1_119' title='bbox 999 1113 1032 1175; x_wconf 84' lang='lat' dir='ltr'>iu</span> <span class='ocrx_word' id='word_1_120' title='bbox 1064 1117 1202 1189; x_wconf 85' lang='lat' dir='ltr'>mentem,</span> <span class='ocrx_word' id='word_1_121' title='bbox 1254 1114 1366 1190; x_wconf 91' lang='lat' dir='ltr'>telem,</span> <span class='ocrx_word' id='word_1_122' title='bbox 1396 1121 1452 1176; x_wconf 91' lang='lat' dir='ltr'>aut</span> <span class='ocrx_word' id='word_1_123' title='bbox 1474 1113 1553 1177; x_wconf 89' lang='lat' dir='ltr'>alios</span> <span class='ocrx_word' id='word_1_124' title='bbox 1575 1115 1705 1195; x_wconf 84' lang='lat' dir='ltr'>quosvis</span> <span class='ocrx_word' id='word_1_125' title='bbox 1733 1136 1774 1176; x_wconf 80' lang='lat' dir='ltr'>cn</span> <span class='ocrx_word' id='word_1_126' title='bbox 1801 1113 1858 1176; x_wconf 91' lang='lat' dir='ltr'>illa</span> <span class='ocrx_word' id='word_1_127' title='bbox 1880 1113 2025 1178; x_wconf 89' lang='lat' dir='ltr'>cohorte:</span> <span class='ocrx_word' id='word_1_128' title='bbox 2053 1114 2174 1176; x_wconf 92' lang='lat' dir='ltr'>mirum</span> <span class='ocrx_word' id='word_1_129' title='bbox 2195 1114 2229 1178; x_wconf 89' lang='lat' dir='ltr'>in</span> 
     </span>
     <span class='ocr_line' id='line_1_10' title="bbox 227 1195 2229 1281; baseline 0.001 -21"><span class='ocrx_word' id='word_1_130' title='bbox 227 1216 288 1260; x_wconf 80' lang='lat' dir='ltr'>acu</span> <span class='ocrx_word' id='word_1_131' title='bbox 308 1197 391 1261; x_wconf 80' lang='lat' dir='ltr'>atros</span> <span class='ocrx_word' id='word_1_132' title='bbox 411 1196 658 1278; x_wconf 77' lang='lat' dir='ltr'>comprehendere</span> <span class='ocrx_word' id='word_1_133' title='bbox 675 1195 740 1262; x_wconf 88' lang='lat' dir='ltr'>Dei</span> <span class='ocrx_word' id='word_1_134' title='bbox 762 1200 907 1281; x_wconf 76' lang='lat' dir='ltr'>mysteria</span> <span class='ocrx_word' id='word_1_135' title='bbox 929 1201 994 1262; x_wconf 83' lang='lat' dir='ltr'>uisi</span> <span class='ocrx_word' id='word_1_136' title='bbox 1015 1198 1127 1278; x_wconf 84' lang='lat' dir='ltr'>qrribas</span> <span class='ocrx_word' id='word_1_137' title='bbox 1148 1199 1203 1262; x_wconf 83' lang='lat' dir='ltr'>rta-</span> <span class='ocrx_word' id='word_1_138' title='bbox 1254 1198 1396 1275; x_wconf 91' lang='lat' dir='ltr'>modum,</span> <span class='ocrx_word' id='word_1_139' title='bbox 1419 1200 1530 1275; x_wconf 76' lang='lat' dir='ltr'>fatcor,</span> <span class='ocrx_word' id='word_1_140' title='bbox 1553 1207 1584 1262; x_wconf 90' lang='lat' dir='ltr'>te</span> <span class='ocrx_word' id='word_1_141' title='bbox 1612 1199 1764 1274; x_wconf 82' lang='lat' dir='ltr'>alliciant,</span> <span class='ocrx_word' id='word_1_142' title='bbox 1792 1198 2014 1277; x_wconf 85' lang='lat' dir='ltr'>oblectabant,</span> <span class='ocrx_word' id='word_1_143' title='bbox 2044 1200 2229 1278; x_wconf 85' lang='lat' dir='ltr'>movebunt,</span> 
     </span>
     <span class='ocr_line' id='line_1_11' title="bbox 227 1284 2230 1367; baseline 0.001 -22"><span class='ocrx_word' id='word_1_144' title='bbox 227 1287 293 1346; x_wconf 84' lang='lat' dir='ltr'>tam</span> <span class='ocrx_word' id='word_1_145' title='bbox 317 1287 369 1346; x_wconf 87' lang='lat' dir='ltr'>est.</span> <span class='ocrx_word' id='word_1_146' title='bbox 1255 1287 1398 1367; x_wconf 89' lang='lat' dir='ltr'>rapient;</span> <span class='ocrx_word' id='word_1_147' title='bbox 1427 1306 1541 1349; x_wconf 83' lang='lat' dir='ltr'>verum</span> <span class='ocrx_word' id='word_1_148' title='bbox 1571 1284 1646 1348; x_wconf 88' lang='lat' dir='ltr'>inde</span> <span class='ocrx_word' id='word_1_149' title='bbox 1669 1286 1696 1348; x_wconf 90' lang='lat' dir='ltr'>si</span> <span class='ocrx_word' id='word_1_150' title='bbox 1725 1284 1766 1348; x_wconf 92' lang='lat' dir='ltr'>ad</span> <span class='ocrx_word' id='word_1_151' title='bbox 1788 1306 1915 1348; x_wconf 86' lang='lat' dir='ltr'>sacram</span> <span class='ocrx_word' id='word_1_152' title='bbox 1937 1286 2035 1348; x_wconf 88' lang='lat' dir='ltr'>istam</span> <span class='ocrx_word' id='word_1_153' title='bbox 2059 1285 2230 1349; x_wconf 88' lang='lat' dir='ltr'>lectionem</span> 
     </span>
    </p>

    <p class='ocr_par' dir='ltr' id='par_1_3' title="bbox 1208 1369 2231 1538">
     <span class='ocr_line' id='line_1_12' title="bbox 1255 1369 2231 1449; baseline 0 -15"><span class='ocrx_word' id='word_1_154' title='bbox 1255 1379 1287 1434; x_wconf 89' lang='lat' dir='ltr'>te</span> <span class='ocrx_word' id='word_1_155' title='bbox 1309 1371 1465 1448; x_wconf 87' lang='lat' dir='ltr'>conferas,</span> <span class='ocrx_word' id='word_1_156' title='bbox 1489 1371 1570 1435; x_wconf 89' lang='lat' dir='ltr'>velis</span> <span class='ocrx_word' id='word_1_157' title='bbox 1592 1371 1675 1434; x_wconf 89' lang='lat' dir='ltr'>nolis</span> <span class='ocrx_word' id='word_1_158' title='bbox 1697 1371 1744 1433; x_wconf 90' lang='lat' dir='ltr'>ita</span> <span class='ocrx_word' id='word_1_159' title='bbox 1765 1369 1874 1434; x_wconf 83' lang='lat' dir='ltr'>vivide</span> <span class='ocrx_word' id='word_1_160' title='bbox 1896 1380 1929 1433; x_wconf 89' lang='lat' dir='ltr'>te</span> <span class='ocrx_word' id='word_1_161' title='bbox 1952 1372 2084 1449; x_wconf 84' lang='lat' dir='ltr'>afficiet,</span> <span class='ocrx_word' id='word_1_162' title='bbox 2107 1372 2154 1434; x_wconf 89' lang='lat' dir='ltr'>ita</span> <span class='ocrx_word' id='word_1_163' title='bbox 2176 1391 2231 1434; x_wconf 87' lang='lat' dir='ltr'>cor</span> 
     </span>
     <span class='ocr_line' id='line_1_13' title="bbox 1208 1455 2230 1538; baseline 0.002 -18"><span class='ocrx_word' id='word_1_164' title='bbox 1208 1478 1230 1501; x_wconf 56' lang='grc' dir='ltr'>ι·</span> <span class='ocrx_word' id='word_1_165' title='bbox 1255 1467 1348 1520; x_wconf 87' lang='lat' dir='ltr'>tuum</span> <span class='ocrx_word' id='word_1_166' title='bbox 1364 1457 1555 1537; x_wconf 79' lang='lat' dir='ltr'>penetrabit,</span> <span class='ocrx_word' id='word_1_167' title='bbox 1575 1457 1620 1519; x_wconf 90' lang='lat' dir='ltr'>ita</span> <span class='ocrx_word' id='word_1_168' title='bbox 1638 1455 1789 1520; x_wconf 88' lang='lat' dir='ltr'>medullis</span> <span class='ocrx_word' id='word_1_169' title='bbox 1806 1455 1968 1532; x_wconf 70' lang='lat' dir='ltr'>inridebit,</span> <span class='ocrx_word' id='word_1_170' title='bbox 1987 1464 2025 1519; x_wconf 90' lang='lat' dir='ltr'>ut</span> <span class='ocrx_word' id='word_1_171' title='bbox 2041 1478 2119 1538; x_wconf 88' lang='lat' dir='ltr'>prae</span> <span class='ocrx_word' id='word_1_172' title='bbox 2137 1458 2230 1522; x_wconf 86' lang='lat' dir='ltr'>istius</span> 
     </span>
    </p>

    <p class='ocr_par' dir='ltr' id='par_1_4' title="bbox 1256 1542 2230 1624">
     <span class='ocr_line' id='line_1_14' title="bbox 1256 1542 2230 1624; baseline 0.001 -18"><span class='ocrx_word' id='word_1_173' title='bbox 1256 1565 1370 1606; x_wconf 85' lang='lat' dir='ltr'>sensus</span> <span class='ocrx_word' id='word_1_174' title='bbox 1393 1543 1545 1618; x_wconf 85' lang='lat' dir='ltr'>cilicacia,</span> <span class='ocrx_word' id='word_1_175' title='bbox 1568 1543 1618 1606; x_wconf 88' lang='lat' dir='ltr'>vis</span> <span class='ocrx_word' id='word_1_176' title='bbox 1640 1542 1697 1604; x_wconf 89' lang='lat' dir='ltr'>illa</span> <span class='ocrx_word' id='word_1_177' title='bbox 1719 1542 1886 1605; x_wconf 84' lang='lat' dir='ltr'>rhetorum</span> <span class='ocrx_word' id='word_1_178' title='bbox 1908 1562 1945 1606; x_wconf 88' lang='lat' dir='ltr'>ac</span> <span class='ocrx_word' id='word_1_179' title='bbox 1963 1542 2230 1624; x_wconf 85' lang='lat' dir='ltr'>philosophorum</span> 
     </span>
    </p>

    <p class='ocr_par' dir='ltr' id='par_1_5' title="bbox 1255 1628 2231 1711">
     <span class='ocr_line' id='line_1_15' title="bbox 1255 1628 2231 1711; baseline 0 -20"><span class='ocrx_word' id='word_1_180' title='bbox 1255 1650 1355 1711; x_wconf 90' lang='lat' dir='ltr'>prope</span> <span class='ocrx_word' id='word_1_181' title='bbox 1377 1636 1559 1693; x_wconf 85' lang='lat' dir='ltr'>evanescat.</span> <span class='ocrx_word' id='word_1_182' title='bbox 1604 1628 1652 1693; x_wconf 88' lang='lat' dir='ltr'>Ut</span> <span class='ocrx_word' id='word_1_183' title='bbox 1672 1634 1859 1710; x_wconf 89' lang='lat' dir='ltr'>promptum</span> <span class='ocrx_word' id='word_1_184' title='bbox 1881 1628 1923 1691; x_wconf 89' lang='lat' dir='ltr'>sit</span> <span class='ocrx_word' id='word_1_185' title='bbox 1944 1629 2125 1709; x_wconf 81' lang='lat' dir='ltr'>perspicere</span> <span class='ocrx_word' id='word_1_186' title='bbox 2148 1628 2231 1693; x_wconf 88' lang='lat' dir='ltr'>divi·</span> 
     </span>
    </p>
   </div>
   <div class='ocr_carea' id='block_1_3' title="bbox 225 1591 2231 1882">
    <p class='ocr_par' dir='ltr' id='par_1_6' title="bbox 225 1591 2231 1882">
     <span class='ocr_line' id='line_1_16' title="bbox 557 1591 866 1678; baseline 0 -21"><span class='ocrx_word' id='word_1_187' title='bbox 557 1591 708 1658; x_wconf 82' lang='lat' dir='ltr'>CAPUT</span> <span class='ocrx_word' id='word_1_188' title='bbox 731 1593 827 1657; x_wconf 89' lang='lat' dir='ltr'><strong>VHI.</strong></span> <span class='ocrx_word' id='word_1_189' title='bbox 843 1593 866 1678; x_wconf 88' lang='lat'>¹)</span> 
     </span>
     <span class='ocr_line' id='line_1_17' title="bbox 225 1713 2231 1818; baseline 0 -40"><span class='ocrx_word' id='word_1_190' title='bbox 225 1734 507 1817; x_wconf 64' lang='lat' dir='ltr'>probationes</span> <span class='ocrx_word' id='word_1_191' title='bbox 594 1747 775 1817; x_wconf 62' lang='lat' dir='ltr'><strong>uatenus</strong></span> <span class='ocrx_word' id='word_1_192' title='bbox 807 1737 891 1817; x_wconf 55' lang='lat' dir='ltr'><strong>fert</strong></span> <span class='ocrx_word' id='word_1_193' title='bbox 920 1736 1106 1818; x_wconf 68' lang='lat' dir='ltr'>humana</span> <span class='ocrx_word' id='word_1_194' title='bbox 1134 1765 1203 1817; x_wconf 51' lang='lat' dir='ltr'>ra·</span> <span class='ocrx_word' id='word_1_195' title='bbox 1256 1736 1336 1776; x_wconf 90' lang='lat' dir='ltr'>num</span> <span class='ocrx_word' id='word_1_196' title='bbox 1358 1713 1511 1796; x_wconf 85' lang='lat' dir='ltr'>quiddam</span> <span class='ocrx_word' id='word_1_197' title='bbox 1534 1714 1658 1796; x_wconf 81' lang='lat' dir='ltr'>spirare</span> <span class='ocrx_word' id='word_1_198' title='bbox 1680 1735 1789 1777; x_wconf 85' lang='lat' dir='ltr'>sacras</span> <span class='ocrx_word' id='word_1_199' title='bbox 1809 1714 1995 1794; x_wconf 87' lang='lat' dir='ltr'>scripturas,</span> <span class='ocrx_word' id='word_1_200' title='bbox 2018 1735 2100 1795; x_wconf 89' lang='lat' dir='ltr'>quae</span> <span class='ocrx_word' id='word_1_201' title='bbox 2118 1735 2231 1778; x_wconf 90' lang='lat' dir='ltr'>omnes</span> 
     </span>
     <span class='ocr_line' id='line_1_18' title="bbox 516 1764 2230 1882; baseline -0.002 -17"><span class='ocrx_word' id='word_1_202' title='bbox 516 1798 527 1840; x_wconf 83' lang='lat'>&#39;</span> <span class='ocrx_word' id='word_1_203' title='bbox 566 1764 593 1844; x_wconf 81' lang='lat' dir='ltr'>q</span> <span class='ocrx_word' id='word_1_204' title='bbox 1255 1801 1420 1864; x_wconf 80' lang='lat' dir='ltr'>hrunanae</span> <span class='ocrx_word' id='word_1_205' title='bbox 1441 1799 1621 1863; x_wconf 77' lang='lat' dir='ltr'>industriae</span> <span class='ocrx_word' id='word_1_206' title='bbox 1640 1798 1731 1863; x_wconf 89' lang='lat' dir='ltr'>dotes</span> <span class='ocrx_word' id='word_1_207' title='bbox 1751 1820 1788 1864; x_wconf 87' lang='lat' dir='ltr'>ac</span> <span class='ocrx_word' id='word_1_208' title='bbox 1807 1800 1928 1882; x_wconf 71' lang='lat' dir='ltr'>gratas</span> <span class='ocrx_word' id='word_1_209' title='bbox 1947 1807 2040 1862; x_wconf 90' lang='lat' dir='ltr'>tanto</span> <span class='ocrx_word' id='word_1_210' title='bbox 2057 1800 2230 1863; x_wconf 83' lang='lat' dir='ltr'>intervallo</span> 
     </span>
    </p>
   </div>
   <div class='ocr_carea' id='block_1_4' title="bbox 226 1855 1419 1968">
    <p class='ocr_par' dir='ltr' id='par_1_7' title="bbox 226 1855 1419 1968">
     <span class='ocr_line' id='line_1_19' title="bbox 226 1855 1419 1968; baseline 0.003 -32"><span class='ocrx_word' id='word_1_211' title='bbox 226 1856 300 1959; x_wconf 85' lang='lat' dir='ltr'>tio,</span> <span class='ocrx_word' id='word_1_212' title='bbox 333 1855 436 1936; x_wconf 87' lang='lat' dir='ltr'>satis</span> <span class='ocrx_word' id='word_1_213' title='bbox 467 1856 609 1936; x_wconf 89' lang='lat' dir='ltr'>firmas</span> <span class='ocrx_word' id='word_1_214' title='bbox 642 1867 867 1967; x_wconf 85' lang='lat' dir='ltr'>suppetere</span> <span class='ocrx_word' id='word_1_215' title='bbox 900 1856 954 1937; x_wconf 92' lang='lat' dir='ltr'>ad</span> <span class='ocrx_word' id='word_1_216' title='bbox 986 1856 1203 1937; x_wconf 89' lang='lat' dir='ltr'>stabilien-</span> <span class='ocrx_word' id='word_1_217' title='bbox 1256 1896 1419 1968; x_wconf 75' lang='lat' dir='ltr'>superent.</span> 
     </span>
    </p>
   </div>
   <div class='ocr_carea' id='block_1_5' title="bbox 447 1970 2233 2138">
    <p class='ocr_par' dir='ltr' id='par_1_8' title="bbox 447 1970 2233 2138">
     <span class='ocr_line' id='line_1_20' title="bbox 447 1970 2233 2086; baseline -0.007 -40"><span class='ocrx_word' id='word_1_218' title='bbox 447 1976 543 2056; x_wconf 83' lang='lat' dir='ltr'>dam</span> <span class='ocrx_word' id='word_1_219' title='bbox 576 1976 808 2086; x_wconf 68' lang='lat' dir='ltr'>scripturae</span> <span class='ocrx_word' id='word_1_220' title='bbox 840 1977 977 2058; x_wconf 61' lang='lat' dir='ltr'>fidem,</span> <span class='ocrx_word' id='word_1_221' title='bbox 1343 1976 1370 2034; x_wconf 79' lang='lat'>2.</span> <span class='ocrx_word' id='word_1_222' title='bbox 1417 1970 1532 2034; x_wconf 83' lang='lat' dir='ltr'>Fateor</span> <span class='ocrx_word' id='word_1_223' title='bbox 1553 1971 1676 2050; x_wconf 83' lang='lat' dir='ltr'>quidem</span> <span class='ocrx_word' id='word_1_224' title='bbox 1698 1970 1860 2051; x_wconf 75' lang='lat' dir='ltr'>prophetis</span> <span class='ocrx_word' id='word_1_225' title='bbox 1881 1970 2040 2034; x_wconf 78' lang='lat' dir='ltr'>rtoaaaltis</span> <span class='ocrx_word' id='word_1_226' title='bbox 2061 1970 2183 2053; x_wconf 78' lang='lat' dir='ltr'>elepaas</span> <span class='ocrx_word' id='word_1_227' title='bbox 2205 1976 2233 2034; x_wconf 90' lang='lat' dir='ltr'>et</span> 
     </span>
     <span class='ocr_line' id='line_1_21' title="bbox 1255 2057 2232 2138; baseline -0.001 -19"><span class='ocrx_word' id='word_1_228' title='bbox 1255 2058 1398 2131; x_wconf 80' lang='lat' dir='ltr'>nitidam,</span> <span class='ocrx_word' id='word_1_229' title='bbox 1422 2060 1483 2119; x_wconf 86' lang='lat' dir='ltr'>ime</span> <span class='ocrx_word' id='word_1_230' title='bbox 1505 2059 1598 2120; x_wconf 86' lang='lat' dir='ltr'>etiam</span> <span class='ocrx_word' id='word_1_231' title='bbox 1620 2057 1818 2136; x_wconf 86' lang='lat' dir='ltr'>spteadidam</span> <span class='ocrx_word' id='word_1_232' title='bbox 1840 2075 1905 2119; x_wconf 88' lang='lat' dir='ltr'>esse</span> <span class='ocrx_word' id='word_1_233' title='bbox 1927 2057 2049 2121; x_wconf 80' lang='lat' dir='ltr'>dicendi</span> <span class='ocrx_word' id='word_1_234' title='bbox 2068 2077 2174 2138; x_wconf 84' lang='lat' dir='ltr'>penas,</span> <span class='ocrx_word' id='word_1_235' title='bbox 2197 2061 2232 2119; x_wconf 88' lang='lat' dir='ltr'>at</span> 
     </span>
    </p>
   </div>
   <div class='ocr_carea' id='block_1_6' title="bbox 157 2141 2316 5319">
    <p class='ocr_par' dir='ltr' id='par_1_9' title="bbox 157 2141 2316 5060">
     <span class='ocr_line' id='line_1_22' title="bbox 317 2141 2232 2225; baseline 0.001 -20"><span class='ocrx_word' id='word_1_236' title='bbox 317 2146 342 2206; x_wconf 91' lang='lat'>1.</span> <span class='ocrx_word' id='word_1_237' title='bbox 387 2142 480 2207; x_wconf 90' lang='lat' dir='ltr'>Haec</span> <span class='ocrx_word' id='word_1_238' title='bbox 507 2143 571 2205; x_wconf 90' lang='lat' dir='ltr'>nisi</span> <span class='ocrx_word' id='word_1_239' title='bbox 599 2141 759 2207; x_wconf 79' lang='lat' dir='ltr'>certitudo</span> <span class='ocrx_word' id='word_1_240' title='bbox 782 2142 867 2207; x_wconf 87' lang='lat' dir='ltr'>adsit</span> <span class='ocrx_word' id='word_1_241' title='bbox 893 2143 1037 2225; x_wconf 89' lang='lat' dir='ltr'>quolibet</span> <span class='ocrx_word' id='word_1_242' title='bbox 1059 2144 1203 2209; x_wconf 90' lang='lat' dir='ltr'>hnmano</span> <span class='ocrx_word' id='word_1_243' title='bbox 1251 2143 1397 2224; x_wconf 80' lang='lat' dir='ltr'>prata-ais</span> <span class='ocrx_word' id='word_1_244' title='bbox 1425 2143 1627 2221; x_wconf 76' lang='lat' dir='ltr'>scriptoribas</span> <span class='ocrx_word' id='word_1_245' title='bbox 1653 2163 1715 2205; x_wconf 84' lang='lat' dir='ltr'>aaa</span> <span class='ocrx_word' id='word_1_246' title='bbox 1741 2143 1826 2206; x_wconf 89' lang='lat' dir='ltr'>cedat</span> <span class='ocrx_word' id='word_1_247' title='bbox 1854 2162 1959 2205; x_wconf 85' lang='lat' dir='ltr'>eoram</span> <span class='ocrx_word' id='word_1_248' title='bbox 1979 2142 2138 2222; x_wconf 79' lang='lat' dir='ltr'>facundia.</span> <span class='ocrx_word' id='word_1_249' title='bbox 2182 2143 2232 2206; x_wconf 88' lang='lat' dir='ltr'>Ac</span> 
     </span>
     <span class='ocr_line' id='line_1_23' title="bbox 225 2220 2231 2312; baseline -0.001 -19"><span class='ocrx_word' id='word_1_250' title='bbox 225 2228 346 2293; x_wconf 90' lang='lat' dir='ltr'>iudicio</span> <span class='ocrx_word' id='word_1_251' title='bbox 379 2235 412 2291; x_wconf 91' lang='lat' dir='ltr'>et</span> <span class='ocrx_word' id='word_1_252' title='bbox 445 2229 592 2310; x_wconf 79' lang='lat' dir='ltr'>superior</span> <span class='ocrx_word' id='word_1_253' title='bbox 621 2237 654 2292; x_wconf 90' lang='lat' dir='ltr'>et</span> <span class='ocrx_word' id='word_1_254' title='bbox 687 2228 841 2305; x_wconf 84' lang='lat' dir='ltr'>validior,</span> <span class='ocrx_word' id='word_1_255' title='bbox 875 2229 995 2292; x_wconf 86' lang='lat' dir='ltr'>frustra</span> <span class='ocrx_word' id='word_1_256' title='bbox 1024 2231 1204 2312; x_wconf 79' lang='lat' dir='ltr'>scripturae</span> <span class='ocrx_word' id='word_1_257' title='bbox 1256 2229 1371 2294; x_wconf 84' lang='lat' dir='ltr'>tutibus</span> <span class='ocrx_word' id='word_1_258' title='bbox 1397 2229 1545 2309; x_wconf 77' lang='lat' dir='ltr'>eranptts</span> <span class='ocrx_word' id='word_1_259' title='bbox 1571 2220 1667 2291; x_wconf 77' lang='lat' dir='ltr'>riola-it</span> <span class='ocrx_word' id='word_1_260' title='bbox 1688 2228 1841 2291; x_wconf 67' lang='lat' dir='ltr'>scandere</span> <span class='ocrx_word' id='word_1_261' title='bbox 1867 2229 2003 2308; x_wconf 80' lang='lat' dir='ltr'>spiritus</span> <span class='ocrx_word' id='word_1_262' title='bbox 2023 2233 2149 2291; x_wconf 78' lang='lat' dir='ltr'>suadas</span> <span class='ocrx_word' id='word_1_263' title='bbox 2169 2248 2231 2291; x_wconf 84' lang='lat' dir='ltr'>aon</span> 
     </span>
     <span class='ocr_line' id='line_1_24' title="bbox 226 2313 2233 2397; baseline -0.001 -19"><span class='ocrx_word' id='word_1_264' title='bbox 226 2313 382 2381; x_wconf 85' lang='lat' dir='ltr'>autoritas</span> <span class='ocrx_word' id='word_1_265' title='bbox 400 2314 453 2378; x_wconf 84' lang='lat' dir='ltr'>vel</span> <span class='ocrx_word' id='word_1_266' title='bbox 473 2315 675 2397; x_wconf 82' lang='lat' dir='ltr'>argumentis</span> <span class='ocrx_word' id='word_1_267' title='bbox 692 2315 866 2392; x_wconf 90' lang='lat' dir='ltr'>munietur,</span> <span class='ocrx_word' id='word_1_268' title='bbox 887 2315 937 2378; x_wconf 87' lang='lat' dir='ltr'>vel</span> <span class='ocrx_word' id='word_1_269' title='bbox 956 2315 1108 2380; x_wconf 87' lang='lat' dir='ltr'>ecclcsiae</span> <span class='ocrx_word' id='word_1_270' title='bbox 1126 2337 1203 2379; x_wconf 91' lang='lat' dir='ltr'>con·</span> <span class='ocrx_word' id='word_1_271' title='bbox 1253 2315 1314 2379; x_wconf 70' lang='lat' dir='ltr'>siti·</span> <span class='ocrx_word' id='word_1_272' title='bbox 1327 2314 1463 2394; x_wconf 76' lang='lat' dir='ltr'>defuisse</span> <span class='ocrx_word' id='word_1_273' title='bbox 1478 2315 1694 2393; x_wconf 75' lang='lat' dir='ltr'>eloquentiam,</span> <span class='ocrx_word' id='word_1_274' title='bbox 1715 2316 1791 2378; x_wconf 85' lang='lat' dir='ltr'>dam</span> <span class='ocrx_word' id='word_1_275' title='bbox 1808 2314 1881 2376; x_wconf 84' lang='lat' dir='ltr'>radi</span> <span class='ocrx_word' id='word_1_276' title='bbox 1900 2318 1927 2376; x_wconf 92' lang='lat' dir='ltr'>et</span> <span class='ocrx_word' id='word_1_277' title='bbox 1943 2334 2049 2377; x_wconf 86' lang='lat' dir='ltr'>crasso</span> <span class='ocrx_word' id='word_1_278' title='bbox 2066 2314 2136 2378; x_wconf 86' lang='lat' dir='ltr'>stite</span> <span class='ocrx_word' id='word_1_279' title='bbox 2155 2313 2233 2378; x_wconf 77' lang='lat' dir='ltr'>alibi</span> 
     </span>
     <span class='ocr_line' id='line_1_25' title="bbox 227 2398 2232 2483; baseline -0.001 -18"><span class='ocrx_word' id='word_1_280' title='bbox 227 2422 325 2465; x_wconf 87' lang='lat' dir='ltr'>sensu</span> <span class='ocrx_word' id='word_1_281' title='bbox 353 2400 550 2479; x_wconf 85' lang='lat' dir='ltr'>stabilietur,</span> <span class='ocrx_word' id='word_1_282' title='bbox 579 2400 632 2464; x_wconf 79' lang='lat' dir='ltr'>vel</span> <span class='ocrx_word' id='word_1_283' title='bbox 656 2400 728 2464; x_wconf 88' lang='lat' dir='ltr'>aliis</span> <span class='ocrx_word' id='word_1_284' title='bbox 750 2398 920 2483; x_wconf 86' lang='lat' dir='ltr'>praesidiis</span> <span class='ocrx_word' id='word_1_285' title='bbox 942 2402 1203 2481; x_wconf 87' lang='lat' dir='ltr'>confinnabitur;</span> <span class='ocrx_word' id='word_1_286' title='bbox 1256 2422 1333 2466; x_wconf 84' lang='lat' dir='ltr'>usas</span> <span class='ocrx_word' id='word_1_287' title='bbox 1355 2406 1406 2464; x_wconf 84' lang='lat' dir='ltr'>est.</span> <span class='ocrx_word' id='word_1_288' title='bbox 1452 2398 1612 2463; x_wconf 83' lang='lat' dir='ltr'>Caeterum</span> <span class='ocrx_word' id='word_1_289' title='bbox 1631 2403 1696 2464; x_wconf 87' lang='lat' dir='ltr'>siue</span> <span class='ocrx_word' id='word_1_290' title='bbox 1717 2399 1882 2477; x_wconf 74' lang='lat' dir='ltr'>tractare,</span> <span class='ocrx_word' id='word_1_291' title='bbox 1907 2398 2047 2462; x_wconf 83' lang='lat' dir='ltr'>lesaiam</span> <span class='ocrx_word' id='word_1_292' title='bbox 2068 2405 2095 2462; x_wconf 88' lang='lat' dir='ltr'>ct</span> <span class='ocrx_word' id='word_1_293' title='bbox 2112 2399 2232 2463; x_wconf 83' lang='lat' dir='ltr'>similes</span> 
     </span>
     <span class='ocr_line' id='line_1_26' title="bbox 227 2483 2234 2569; baseline -0 -18"><span class='ocrx_word' id='word_1_294' title='bbox 227 2483 402 2569; x_wconf 87' lang='lat' dir='ltr'>siquidem,</span> <span class='ocrx_word' id='word_1_295' title='bbox 425 2486 495 2550; x_wconf 86' lang='lat' dir='ltr'>nisi</span> <span class='ocrx_word' id='word_1_296' title='bbox 515 2487 574 2551; x_wconf 90' lang='lat' dir='ltr'>hoc</span> <span class='ocrx_word' id='word_1_297' title='bbox 597 2486 680 2551; x_wconf 90' lang='lat' dir='ltr'>iacto</span> <span class='ocrx_word' id='word_1_298' title='bbox 703 2485 916 2566; x_wconf 86' lang='lat' dir='ltr'>fundamento</span> <span class='ocrx_word' id='word_1_299' title='bbox 938 2508 1095 2568; x_wconf 88' lang='lat' dir='ltr'>suspensa</span> <span class='ocrx_word' id='word_1_300' title='bbox 1118 2509 1202 2551; x_wconf 92' lang='lat' dir='ltr'>scm·</span> <span class='ocrx_word' id='word_1_301' title='bbox 1256 2488 1347 2569; x_wconf 77' lang='lat' dir='ltr'>lepos,</span> <span class='ocrx_word' id='word_1_302' title='bbox 1367 2486 1479 2567; x_wconf 81' lang='lat' dir='ltr'>quibas</span> <span class='ocrx_word' id='word_1_303' title='bbox 1496 2487 1605 2549; x_wconf 60' lang='lat' dir='ltr'>scortis</span> <span class='ocrx_word' id='word_1_304' title='bbox 1626 2492 1653 2550; x_wconf 93' lang='lat' dir='ltr'>et</span> <span class='ocrx_word' id='word_1_305' title='bbox 1674 2487 1811 2550; x_wconf 51' lang='lat' dir='ltr'>&#39;iucunda</span> <span class='ocrx_word' id='word_1_306' title='bbox 1830 2485 1903 2565; x_wconf 75' lang='lat' dir='ltr'>fluit</span> <span class='ocrx_word' id='word_1_307' title='bbox 1923 2486 2029 2563; x_wconf 90' lang='lat' dir='ltr'>oratio,</span> <span class='ocrx_word' id='word_1_308' title='bbox 2052 2486 2117 2549; x_wconf 86' lang='lat' dir='ltr'>sice</span> <span class='ocrx_word' id='word_1_309' title='bbox 2135 2487 2234 2550; x_wconf 83' lang='lat' dir='ltr'>Amos</span> 
     </span>
     <span class='ocr_line' id='line_1_27' title="bbox 223 2570 2233 2658; baseline -0.001 -21"><span class='ocrx_word' id='word_1_310' title='bbox 223 2586 421 2656; x_wconf 87' lang='lat' dir='ltr'>permanet.</span> <span class='ocrx_word' id='word_1_311' title='bbox 458 2571 563 2637; x_wconf 85' lang='lat' dir='ltr'>Sicuti</span> <span class='ocrx_word' id='word_1_312' title='bbox 586 2584 709 2648; x_wconf 90' lang='lat' dir='ltr'>contra,</span> <span class='ocrx_word' id='word_1_313' title='bbox 731 2571 786 2637; x_wconf 89' lang='lat' dir='ltr'>nbi</span> <span class='ocrx_word' id='word_1_314' title='bbox 809 2572 908 2636; x_wconf 90' lang='lat' dir='ltr'>semel</span> <span class='ocrx_word' id='word_1_315' title='bbox 932 2574 1096 2637; x_wconf 90' lang='lat' dir='ltr'>communi</span> <span class='ocrx_word' id='word_1_316' title='bbox 1116 2580 1202 2637; x_wconf 88' lang='lat' dir='ltr'>sorte</span> <span class='ocrx_word' id='word_1_317' title='bbox 1256 2574 1409 2637; x_wconf 79' lang='lat' dir='ltr'>trcraiacru</span> <span class='ocrx_word' id='word_1_318' title='bbox 1425 2572 1619 2652; x_wconf 84' lang='lat' dir='ltr'>pecaariara,</span> <span class='ocrx_word' id='word_1_319' title='bbox 1643 2572 1809 2636; x_wconf 80' lang='lat' dir='ltr'>Ieremiara</span> <span class='ocrx_word' id='word_1_320' title='bbox 1831 2575 1858 2635; x_wconf 93' lang='lat' dir='ltr'>et</span> <span class='ocrx_word' id='word_1_321' title='bbox 1880 2570 2080 2648; x_wconf 81' lang='lat' dir='ltr'>Zaetrariara,</span> <span class='ocrx_word' id='word_1_322' title='bbox 2100 2591 2233 2658; x_wconf 84' lang='lat' dir='ltr'>qrroram</span> 
     </span>
     <span class='ocr_line' id='line_1_28' title="bbox 223 2656 2233 2741; baseline -0.001 -19"><span class='ocrx_word' id='word_1_323' title='bbox 223 2666 413 2741; x_wconf 84' lang='lat' dir='ltr'>exemptam</span> <span class='ocrx_word' id='word_1_324' title='bbox 445 2658 595 2741; x_wconf 76' lang='lat' dir='ltr'>religiose</span> <span class='ocrx_word' id='word_1_325' title='bbox 628 2679 665 2723; x_wconf 88' lang='lat' dir='ltr'>ac</span> <span class='ocrx_word' id='word_1_326' title='bbox 693 2679 751 2740; x_wconf 88' lang='lat' dir='ltr'>pro</span> <span class='ocrx_word' id='word_1_327' title='bbox 785 2657 943 2741; x_wconf 80' lang='lat' dir='ltr'>dignitate</span> <span class='ocrx_word' id='word_1_328' title='bbox 977 2658 1119 2740; x_wconf 77' lang='lat' dir='ltr'>amplexi</span> <span class='ocrx_word' id='word_1_329' title='bbox 1148 2681 1202 2723; x_wconf 90' lang='lat' dir='ltr'>su·</span> <span class='ocrx_word' id='word_1_330' title='bbox 1255 2661 1397 2741; x_wconf 85' lang='lat' dir='ltr'>asperior</span> <span class='ocrx_word' id='word_1_331' title='bbox 1429 2678 1528 2723; x_wconf 78' lang='lat' dir='ltr'>serato</span> <span class='ocrx_word' id='word_1_332' title='bbox 1556 2659 1756 2721; x_wconf 73' lang='lat' dir='ltr'>malicitatera</span> <span class='ocrx_word' id='word_1_333' title='bbox 1790 2658 1887 2738; x_wconf 85' lang='lat' dir='ltr'>sopit,</span> <span class='ocrx_word' id='word_1_334' title='bbox 1922 2656 2034 2737; x_wconf 82' lang='lat' dir='ltr'>abique</span> <span class='ocrx_word' id='word_1_335' title='bbox 2066 2659 2233 2738; x_wconf 80' lang='lat' dir='ltr'>conspicua</span> 
     </span>
     <span class='ocr_line' id='line_1_29' title="bbox 223 2736 2231 2827; baseline -0.001 -18"><span class='ocrx_word' id='word_1_336' title='bbox 223 2766 314 2822; x_wconf 88' lang='lat' dir='ltr'>mus,</span> <span class='ocrx_word' id='word_1_337' title='bbox 342 2765 425 2827; x_wconf 85' lang='lat' dir='ltr'>quae</span> <span class='ocrx_word' id='word_1_338' title='bbox 452 2742 495 2806; x_wconf 88' lang='lat' dir='ltr'>ad</span> <span class='ocrx_word' id='word_1_339' title='bbox 522 2745 591 2808; x_wconf 89' lang='lat' dir='ltr'>eius</span> <span class='ocrx_word' id='word_1_340' title='bbox 613 2742 842 2808; x_wconf 87' lang='lat' dir='ltr'>certitudinem</span> <span class='ocrx_word' id='word_1_341' title='bbox 865 2736 1129 2809; x_wconf 79' lang='lat' dir='ltr'>animisnostris</span> <span class='ocrx_word' id='word_1_342' title='bbox 1151 2747 1202 2807; x_wconf 91' lang='lat' dir='ltr'>in·</span> <span class='ocrx_word' id='word_1_343' title='bbox 1255 2747 1313 2808; x_wconf 85' lang='lat' dir='ltr'>erit</span> <span class='ocrx_word' id='word_1_344' title='bbox 1339 2744 1395 2807; x_wconf 81' lang='lat' dir='ltr'>illa</span> <span class='ocrx_word' id='word_1_345' title='bbox 1421 2764 1516 2825; x_wconf 87' lang='lat' dir='ltr'>qaam</span> <span class='ocrx_word' id='word_1_346' title='bbox 1537 2745 1606 2808; x_wconf 78' lang='lat' dir='ltr'>diei</span> <span class='ocrx_word' id='word_1_347' title='bbox 1634 2744 1766 2826; x_wconf 85' lang='lat' dir='ltr'>spiritus</span> <span class='ocrx_word' id='word_1_348' title='bbox 1787 2744 1942 2806; x_wconf 82' lang='lat' dir='ltr'>maiestas.</span> <span class='ocrx_word' id='word_1_349' title='bbox 1990 2743 2054 2806; x_wconf 89' lang='lat' dir='ltr'>Nee</span> <span class='ocrx_word' id='word_1_350' title='bbox 2080 2763 2129 2806; x_wconf 88' lang='lat' dir='ltr'>me</span> <span class='ocrx_word' id='word_1_351' title='bbox 2151 2744 2231 2820; x_wconf 88' lang='lat' dir='ltr'>tatet,</span> 
     </span>
     <span class='ocr_line' id='line_1_30' title="bbox 222 2828 2232 2910; baseline -0.001 -15"><span class='ocrx_word' id='word_1_352' title='bbox 222 2829 396 2896; x_wconf 84' lang='lat' dir='ltr'>serendam</span> <span class='ocrx_word' id='word_1_353' title='bbox 429 2839 462 2894; x_wconf 92' lang='lat' dir='ltr'>et</span> <span class='ocrx_word' id='word_1_354' title='bbox 494 2830 552 2894; x_wconf 87' lang='lat' dir='ltr'>infi</span> <span class='ocrx_word' id='word_1_355' title='bbox 577 2830 695 2894; x_wconf 89' lang='lat' dir='ltr'>endam</span> <span class='ocrx_word' id='word_1_356' title='bbox 722 2851 790 2893; x_wconf 90' lang='lat' dir='ltr'>non</span> <span class='ocrx_word' id='word_1_357' title='bbox 819 2829 899 2894; x_wconf 88' lang='lat' dir='ltr'>adeo</span> <span class='ocrx_word' id='word_1_358' title='bbox 924 2828 1092 2908; x_wconf 79' lang='lat' dir='ltr'>valebant,</span> <span class='ocrx_word' id='word_1_359' title='bbox 1125 2840 1203 2896; x_wconf 88' lang='lat' dir='ltr'>tunc</span> <span class='ocrx_word' id='word_1_360' title='bbox 1254 2837 1289 2894; x_wconf 87' lang='lat' dir='ltr'>at</span> <span class='ocrx_word' id='word_1_361' title='bbox 1307 2835 1398 2894; x_wconf 83' lang='lat' dir='ltr'>satan</span> <span class='ocrx_word' id='word_1_362' title='bbox 1419 2831 1454 2893; x_wconf 85' lang='lat' dir='ltr'>ia</span> <span class='ocrx_word' id='word_1_363' title='bbox 1474 2829 1582 2893; x_wconf 83' lang='lat' dir='ltr'>maltis</span> <span class='ocrx_word' id='word_1_364' title='bbox 1603 2835 1647 2894; x_wconf 90' lang='lat' dir='ltr'>est</span> <span class='ocrx_word' id='word_1_365' title='bbox 1668 2829 1731 2894; x_wconf 86' lang='lat' dir='ltr'>Dei</span> <span class='ocrx_word' id='word_1_366' title='bbox 1752 2829 1902 2903; x_wconf 84' lang='lat' dir='ltr'>aemulas,</span> <span class='ocrx_word' id='word_1_367' title='bbox 1924 2848 1982 2908; x_wconf 83' lang='lat' dir='ltr'>qao</span> <span class='ocrx_word' id='word_1_368' title='bbox 2002 2849 2035 2892; x_wconf 91' lang='lat' dir='ltr'>se</span> <span class='ocrx_word' id='word_1_369' title='bbox 2055 2828 2165 2910; x_wconf 75' lang='lat' dir='ltr'>[attari</span> <span class='ocrx_word' id='word_1_370' title='bbox 2188 2829 2232 2893; x_wconf 66' lang='lat' dir='ltr'>st</span> 
     </span>
     <span class='ocr_line' id='line_1_31' title="bbox 222 2914 2316 3000; baseline -0.002 -18"><span class='ocrx_word' id='word_1_371' title='bbox 222 2918 394 3000; x_wconf 82' lang='lat' dir='ltr'>aptissima</span> <span class='ocrx_word' id='word_1_372' title='bbox 420 2923 498 2981; x_wconf 89' lang='lat' dir='ltr'>sunt</span> <span class='ocrx_word' id='word_1_373' title='bbox 524 2937 543 2979; x_wconf 89' lang='lat' dir='ltr'>a</span> <span class='ocrx_word' id='word_1_374' title='bbox 566 2914 730 2980; x_wconf 90' lang='lat' dir='ltr'>minicula.</span> <span class='ocrx_word' id='word_1_375' title='bbox 781 2916 906 2980; x_wconf 84' lang='lat' dir='ltr'>Mirum</span> <span class='ocrx_word' id='word_1_376' title='bbox 933 2917 1022 2979; x_wconf 91' lang='lat' dir='ltr'>enim</span> <span class='ocrx_word' id='word_1_377' title='bbox 1043 2925 1203 2998; x_wconf 88' lang='lat' dir='ltr'>quantum</span> <span class='ocrx_word' id='word_1_378' title='bbox 1254 2916 1432 2981; x_wconf 83' lang='lat' dir='ltr'>militudiue</span> <span class='ocrx_word' id='word_1_379' title='bbox 1460 2917 1574 2980; x_wconf 76' lang='lat' dir='ltr'>aeetias</span> <span class='ocrx_word' id='word_1_380' title='bbox 1595 2917 1732 2980; x_wconf 81' lang='lat' dir='ltr'>insirraet</span> <span class='ocrx_word' id='word_1_381' title='bbox 1750 2916 1784 2978; x_wconf 87' lang='lat' dir='ltr'>ia</span> <span class='ocrx_word' id='word_1_382' title='bbox 1806 2916 1927 2978; x_wconf 78' lang='lat' dir='ltr'>animos</span> <span class='ocrx_word' id='word_1_383' title='bbox 1954 2914 2159 2996; x_wconf 84' lang='lat' dir='ltr'>simpliciam,</span> <span class='ocrx_word' id='word_1_384' title='bbox 2182 2915 2229 2978; x_wconf 85' lang='lat' dir='ltr'>ita</span> <span class='ocrx_word' id='word_1_385' title='bbox 2312 2929 2316 2936; x_wconf 83' lang='lat'>&#39;</span> 
     </span>
     <span class='ocr_line' id='line_1_32' title="bbox 223 2999 2230 3083; baseline -0.002 -15"><span class='ocrx_word' id='word_1_386' title='bbox 223 3003 481 3068; x_wconf 84' lang='lat' dir='ltr'>confirmationis</span> <span class='ocrx_word' id='word_1_387' title='bbox 501 3023 543 3066; x_wconf 85' lang='lat' dir='ltr'>ex</span> <span class='ocrx_word' id='word_1_388' title='bbox 564 3023 603 3066; x_wconf 91' lang='lat' dir='ltr'>eo</span> <span class='ocrx_word' id='word_1_389' title='bbox 625 3000 771 3079; x_wconf 86' lang='lat' dir='ltr'>accedat,</span> <span class='ocrx_word' id='word_1_390' title='bbox 798 2999 876 3065; x_wconf 91' lang='lat' dir='ltr'>dum</span> <span class='ocrx_word' id='word_1_391' title='bbox 898 3002 1073 3066; x_wconf 87' lang='lat' dir='ltr'>intentiore</span> <span class='ocrx_word' id='word_1_392' title='bbox 1095 3001 1203 3067; x_wconf 91' lang='lat' dir='ltr'>studio</span> <span class='ocrx_word' id='word_1_393' title='bbox 1254 3004 1367 3083; x_wconf 84' lang='lat' dir='ltr'>impios</span> <span class='ocrx_word' id='word_1_394' title='bbox 1388 3021 1508 3066; x_wconf 82' lang='lat' dir='ltr'>errores</span> <span class='ocrx_word' id='word_1_395' title='bbox 1529 3002 1641 3081; x_wconf 69' lang='lat' dir='ltr'>predas</span> <span class='ocrx_word' id='word_1_396' title='bbox 1661 3003 1791 3064; x_wconf 88' lang='lat' dir='ltr'>miseros</span> <span class='ocrx_word' id='word_1_397' title='bbox 1811 3000 1947 3064; x_wconf 82' lang='lat' dir='ltr'>bamirres</span> <span class='ocrx_word' id='word_1_398' title='bbox 1966 3000 2106 3080; x_wconf 67' lang='lat' dir='ltr'>saltabat,</span> <span class='ocrx_word' id='word_1_399' title='bbox 2130 3005 2230 3063; x_wconf 86' lang='lat' dir='ltr'>astate</span> 
     </span>
     <span class='ocr_line' id='line_1_33' title="bbox 157 3085 2233 3172; baseline -0.001 -19"><span class='ocrx_word' id='word_1_400' title='bbox 157 3114 176 3135; x_wconf 90' lang='lat'><strong>·</strong></span> <span class='ocrx_word' id='word_1_401' title='bbox 221 3096 431 3172; x_wconf 87' lang='lat' dir='ltr'>reputamus,</span> <span class='ocrx_word' id='word_1_402' title='bbox 465 3109 563 3170; x_wconf 92' lang='lat' dir='ltr'>quam</span> <span class='ocrx_word' id='word_1_403' title='bbox 591 3087 742 3152; x_wconf 87' lang='lat' dir='ltr'>ordinata</span> <span class='ocrx_word' id='word_1_404' title='bbox 769 3095 802 3151; x_wconf 86' lang='lat' dir='ltr'>et</span> <span class='ocrx_word' id='word_1_405' title='bbox 828 3087 985 3170; x_wconf 88' lang='lat' dir='ltr'>disposita</span> <span class='ocrx_word' id='word_1_406' title='bbox 1013 3088 1080 3153; x_wconf 90' lang='lat' dir='ltr'>illic</span> <span class='ocrx_word' id='word_1_407' title='bbox 1103 3108 1203 3171; x_wconf 89' lang='lat' dir='ltr'>appa-</span> <span class='ocrx_word' id='word_1_408' title='bbox 1254 3089 1409 3169; x_wconf 83' lang='lat' dir='ltr'>sparsisse</span> <span class='ocrx_word' id='word_1_409' title='bbox 1430 3088 1541 3151; x_wconf 58' lang='lat' dir='ltr'>«trata</span> <span class='ocrx_word' id='word_1_410' title='bbox 1562 3107 1699 3151; x_wconf 73' lang='lat' dir='ltr'>sermore</span> <span class='ocrx_word' id='word_1_411' title='bbox 1721 3092 1748 3150; x_wconf 88' lang='lat' dir='ltr'>et</span> <span class='ocrx_word' id='word_1_412' title='bbox 1767 3088 1832 3167; x_wconf 75' lang='lat' dir='ltr'>fere</span> <span class='ocrx_word' id='word_1_413' title='bbox 1854 3085 2002 3163; x_wconf 85' lang='lat' dir='ltr'>barbare,</span> <span class='ocrx_word' id='word_1_414' title='bbox 2025 3091 2053 3150; x_wconf 88' lang='lat' dir='ltr'>et</span> <span class='ocrx_word' id='word_1_415' title='bbox 2074 3107 2163 3167; x_wconf 84' lang='lat' dir='ltr'>saepe</span> <span class='ocrx_word' id='word_1_416' title='bbox 2185 3085 2233 3150; x_wconf 90' lang='lat' dir='ltr'>ob-</span> 
     </span>
     <span class='ocr_line' id='line_1_34' title="bbox 220 3171 2231 3256; baseline -0.002 -17"><span class='ocrx_word' id='word_1_417' title='bbox 220 3184 295 3240; x_wconf 83' lang='lat' dir='ltr'>reat</span> <span class='ocrx_word' id='word_1_418' title='bbox 323 3174 454 3238; x_wconf 88' lang='lat' dir='ltr'>divinae</span> <span class='ocrx_word' id='word_1_419' title='bbox 482 3175 659 3256; x_wconf 85' lang='lat' dir='ltr'>sapientiae</span> <span class='ocrx_word' id='word_1_420' title='bbox 686 3172 900 3256; x_wconf 87' lang='lat' dir='ltr'>dispensatio,</span> <span class='ocrx_word' id='word_1_421' title='bbox 929 3194 1027 3255; x_wconf 90' lang='lat' dir='ltr'>quam</span> <span class='ocrx_word' id='word_1_422' title='bbox 1055 3174 1203 3239; x_wconf 89' lang='lat' dir='ltr'>coelestis</span> <span class='ocrx_word' id='word_1_423' title='bbox 1254 3175 1357 3239; x_wconf 84' lang='lat' dir='ltr'>soletis</span> <span class='ocrx_word' id='word_1_424' title='bbox 1383 3174 1525 3254; x_wconf 84' lang='lat' dir='ltr'>toqaeadi</span> <span class='ocrx_word' id='word_1_425' title='bbox 1551 3174 1663 3254; x_wconf 76' lang='lat' dir='ltr'>formis</span> <span class='ocrx_word' id='word_1_426' title='bbox 1689 3194 1782 3236; x_wconf 76' lang='lat' dir='ltr'>asiam</span> <span class='ocrx_word' id='word_1_427' title='bbox 1809 3193 1887 3250; x_wconf 85' lang='lat' dir='ltr'>esse,</span> <span class='ocrx_word' id='word_1_428' title='bbox 1915 3176 1950 3235; x_wconf 86' lang='lat' dir='ltr'>at</span> <span class='ocrx_word' id='word_1_429' title='bbox 1976 3171 2032 3235; x_wconf 87' lang='lat' dir='ltr'>sab</span> <span class='ocrx_word' id='word_1_430' title='bbox 2060 3172 2118 3236; x_wconf 83' lang='lat' dir='ltr'>tac</span> <span class='ocrx_word' id='word_1_431' title='bbox 2140 3173 2231 3237; x_wconf 83' lang='lat' dir='ltr'>torva</span> 
     </span>
     <span class='ocr_line' id='line_1_35' title="bbox 179 3258 2234 3343; baseline -0.002 -17"><span class='ocrx_word' id='word_1_432' title='bbox 179 3258 182 3265; x_wconf 78' lang='grc'><strong>’</strong></span> <span class='ocrx_word' id='word_1_433' title='bbox 221 3261 343 3343; x_wconf 88' lang='lat' dir='ltr'>ubique</span> <span class='ocrx_word' id='word_1_434' title='bbox 372 3268 406 3324; x_wconf 86' lang='lat' dir='ltr'>et</span> <span class='ocrx_word' id='word_1_435' title='bbox 431 3260 515 3324; x_wconf 89' lang='lat' dir='ltr'>nihil</span> <span class='ocrx_word' id='word_1_436' title='bbox 542 3267 712 3325; x_wconf 89' lang='lat' dir='ltr'>terrenum</span> <span class='ocrx_word' id='word_1_437' title='bbox 740 3259 891 3323; x_wconf 91' lang='lat' dir='ltr'>redolens</span> <span class='ocrx_word' id='word_1_438' title='bbox 919 3258 1081 3338; x_wconf 88' lang='lat' dir='ltr'>doctrina,</span> <span class='ocrx_word' id='word_1_439' title='bbox 1103 3281 1204 3342; x_wconf 91' lang='lat' dir='ltr'>quam</span> <span class='ocrx_word' id='word_1_440' title='bbox 1255 3265 1360 3343; x_wconf 82' lang='lat' dir='ltr'>teperet</span> <span class='ocrx_word' id='word_1_441' title='bbox 1376 3280 1453 3324; x_wconf 86' lang='lat' dir='ltr'>suas</span> <span class='ocrx_word' id='word_1_442' title='bbox 1469 3261 1666 3340; x_wconf 82' lang='lat' dir='ltr'>imposturas.</span> <span class='ocrx_word' id='word_1_443' title='bbox 1698 3258 1760 3323; x_wconf 83' lang='lat' dir='ltr'>Sed</span> <span class='ocrx_word' id='word_1_444' title='bbox 1776 3278 1871 3339; x_wconf 86' lang='lat' dir='ltr'>qaam</span> <span class='ocrx_word' id='word_1_445' title='bbox 1887 3259 1994 3321; x_wconf 82' lang='lat' dir='ltr'>irraais</span> <span class='ocrx_word' id='word_1_446' title='bbox 2012 3263 2040 3322; x_wconf 88' lang='lat' dir='ltr'>et</span> <span class='ocrx_word' id='word_1_447' title='bbox 2058 3259 2173 3339; x_wconf 82' lang='lat' dir='ltr'>putida</span> <span class='ocrx_word' id='word_1_448' title='bbox 2190 3259 2234 3322; x_wconf 86' lang='lat' dir='ltr'>sit</span> 
     </span>
     <span class='ocr_line' id='line_1_36' title="bbox 220 3340 2232 3430; baseline -0.002 -20"><span class='ocrx_word' id='word_1_449' title='bbox 220 3347 364 3430; x_wconf 88' lang='lat' dir='ltr'>pulchra</span> <span class='ocrx_word' id='word_1_450' title='bbox 394 3346 536 3427; x_wconf 87' lang='lat' dir='ltr'>partium</span> <span class='ocrx_word' id='word_1_451' title='bbox 569 3347 716 3410; x_wconf 88' lang='lat' dir='ltr'>omnium</span> <span class='ocrx_word' id='word_1_452' title='bbox 753 3347 841 3409; x_wconf 89' lang='lat' dir='ltr'>inter</span> <span class='ocrx_word' id='word_1_453' title='bbox 878 3367 913 3410; x_wconf 89' lang='lat' dir='ltr'>se</span> <span class='ocrx_word' id='word_1_454' title='bbox 946 3346 1131 3421; x_wconf 89' lang='lat' dir='ltr'>consensio,</span> <span class='ocrx_word' id='word_1_455' title='bbox 1170 3353 1204 3410; x_wconf 87' lang='lat' dir='ltr'>et</span> <span class='ocrx_word' id='word_1_456' title='bbox 1255 3346 1413 3427; x_wconf 75' lang='lat' dir='ltr'>affectatio,</span> <span class='ocrx_word' id='word_1_457' title='bbox 1436 3346 1537 3410; x_wconf 72' lang='lat' dir='ltr'>oritart</span> <span class='ocrx_word' id='word_1_458' title='bbox 1559 3365 1662 3409; x_wconf 78' lang='lat' dir='ltr'>manes</span> <span class='ocrx_word' id='word_1_459' title='bbox 1678 3345 1826 3409; x_wconf 87' lang='lat' dir='ltr'>mediocri</span> <span class='ocrx_word' id='word_1_460' title='bbox 1842 3364 1935 3407; x_wconf 71' lang='lat' dir='ltr'>sassa</span> <span class='ocrx_word' id='word_1_461' title='bbox 1949 3344 2094 3424; x_wconf 74' lang='lat' dir='ltr'>praediti.</span> <span class='ocrx_word' id='word_1_462' title='bbox 2127 3340 2232 3424; x_wconf 77' lang='lat' dir='ltr'>Quari-</span> 
     </span>
     <span class='ocr_line' id='line_1_37' title="bbox 220 3429 2231 3515; baseline -0.001 -17"><span class='ocrx_word' id='word_1_463' title='bbox 220 3431 386 3498; x_wconf 87' lang='lat' dir='ltr'>eiusmodi</span> <span class='ocrx_word' id='word_1_464' title='bbox 407 3431 532 3513; x_wconf 90' lang='lat' dir='ltr'>reliqua</span> <span class='ocrx_word' id='word_1_465' title='bbox 551 3453 634 3515; x_wconf 89' lang='lat' dir='ltr'>quae</span> <span class='ocrx_word' id='word_1_466' title='bbox 657 3431 699 3496; x_wconf 92' lang='lat' dir='ltr'>ad</span> <span class='ocrx_word' id='word_1_467' title='bbox 721 3431 959 3496; x_wconf 89' lang='lat' dir='ltr'>conciliandam</span> <span class='ocrx_word' id='word_1_468' title='bbox 982 3433 1110 3513; x_wconf 83' lang='lat' dir='ltr'>scriptis</span> <span class='ocrx_word' id='word_1_469' title='bbox 1132 3453 1202 3496; x_wconf 91' lang='lat' dir='ltr'>ma·</span> <span class='ocrx_word' id='word_1_470' title='bbox 1254 3438 1321 3495; x_wconf 86' lang='lat' dir='ltr'>tara</span> <span class='ocrx_word' id='word_1_471' title='bbox 1342 3453 1411 3496; x_wconf 88' lang='lat' dir='ltr'>uero</span> <span class='ocrx_word' id='word_1_472' title='bbox 1433 3432 1475 3495; x_wconf 87' lang='lat' dir='ltr'>ad</span> <span class='ocrx_word' id='word_1_473' title='bbox 1489 3451 1613 3496; x_wconf 71' lang='lat' dir='ltr'>sacam</span> <span class='ocrx_word' id='word_1_474' title='bbox 1630 3432 1818 3511; x_wconf 86' lang='lat' dir='ltr'>scripturam</span> <span class='ocrx_word' id='word_1_475' title='bbox 1835 3431 1949 3508; x_wconf 79' lang='lat' dir='ltr'>attinet,</span> <span class='ocrx_word' id='word_1_476' title='bbox 1971 3431 2114 3510; x_wconf 82' lang='lat' dir='ltr'>qauuwis</span> <span class='ocrx_word' id='word_1_477' title='bbox 2131 3429 2231 3495; x_wconf 86' lang='lat' dir='ltr'>matta</span> 
     </span>
     <span class='ocr_line' id='line_1_38' title="bbox 218 3515 2298 3598; baseline -0.001 -15"><span class='ocrx_word' id='word_1_478' title='bbox 218 3519 376 3583; x_wconf 85' lang='lat' dir='ltr'>iestatem</span> <span class='ocrx_word' id='word_1_479' title='bbox 398 3518 601 3581; x_wconf 80' lang='lat' dir='ltr'>conveniunt.</span> <span class='ocrx_word' id='word_1_480' title='bbox 637 3519 721 3582; x_wconf 79' lang='lat' dir='ltr'>Tum</span> <span class='ocrx_word' id='word_1_481' title='bbox 744 3538 822 3582; x_wconf 85' lang='lat' dir='ltr'>vero</span> <span class='ocrx_word' id='word_1_482' title='bbox 844 3516 978 3581; x_wconf 89' lang='lat' dir='ltr'>solidius</span> <span class='ocrx_word' id='word_1_483' title='bbox 1001 3515 1107 3583; x_wconf 91' lang='lat' dir='ltr'>adhuc</span> <span class='ocrx_word' id='word_1_484' title='bbox 1126 3539 1203 3582; x_wconf 92' lang='lat' dir='ltr'>con·</span> <span class='ocrx_word' id='word_1_485' title='bbox 1255 3519 1398 3582; x_wconf 86' lang='lat' dir='ltr'>arrodere</span> <span class='ocrx_word' id='word_1_486' title='bbox 1420 3521 1562 3581; x_wconf 70' lang='lat' dir='ltr'>concam</span> <span class='ocrx_word' id='word_1_487' title='bbox 1578 3518 1716 3598; x_wconf 79' lang='lat' dir='ltr'>protervi</span> <span class='ocrx_word' id='word_1_488' title='bbox 1738 3516 1883 3594; x_wconf 76' lang='lat' dir='ltr'>hemines,</span> <span class='ocrx_word' id='word_1_489' title='bbox 1905 3520 2021 3579; x_wconf 86' lang='lat' dir='ltr'>coastat</span> <span class='ocrx_word' id='word_1_490' title='bbox 2041 3519 2143 3580; x_wconf 87' lang='lat' dir='ltr'>tamea</span> <span class='ocrx_word' id='word_1_491' title='bbox 2164 3535 2232 3580; x_wconf 81' lang='lat' dir='ltr'>serc-</span> <span class='ocrx_word' id='word_1_492' title='bbox 2297 3584 2298 3588; x_wconf 52' lang='lat'>,</span> 
     </span>
     <span class='ocr_line' id='line_1_39' title="bbox 219 3599 2232 3686; baseline -0.003 -16"><span class='ocrx_word' id='word_1_493' title='bbox 219 3606 403 3670; x_wconf 80' lang='lat' dir='ltr'>firmantur</span> <span class='ocrx_word' id='word_1_494' title='bbox 424 3599 522 3665; x_wconf 91' lang='lat' dir='ltr'>corda</span> <span class='ocrx_word' id='word_1_495' title='bbox 542 3611 661 3681; x_wconf 85' lang='lat' dir='ltr'>nostra,</span> <span class='ocrx_word' id='word_1_496' title='bbox 685 3603 763 3668; x_wconf 91' lang='lat' dir='ltr'>dum</span> <span class='ocrx_word' id='word_1_497' title='bbox 786 3603 975 3686; x_wconf 84' lang='lat' dir='ltr'>cogitamus,</span> <span class='ocrx_word' id='word_1_498' title='bbox 999 3624 1108 3666; x_wconf 92' lang='lat' dir='ltr'>rerum</span> <span class='ocrx_word' id='word_1_499' title='bbox 1132 3626 1202 3667; x_wconf 90' lang='lat' dir='ltr'>ma·</span> <span class='ocrx_word' id='word_1_500' title='bbox 1255 3604 1358 3668; x_wconf 82' lang='lat' dir='ltr'>tentiis</span> <span class='ocrx_word' id='word_1_501' title='bbox 1384 3603 1530 3684; x_wconf 72' lang='lat' dir='ltr'>refertam</span> <span class='ocrx_word' id='word_1_502' title='bbox 1558 3623 1622 3666; x_wconf 89' lang='lat' dir='ltr'>esse</span> <span class='ocrx_word' id='word_1_503' title='bbox 1648 3623 1726 3682; x_wconf 86' lang='lat' dir='ltr'>qaae</span> <span class='ocrx_word' id='word_1_504' title='bbox 1752 3601 1934 3666; x_wconf 82' lang='lat' dir='ltr'>tramaaitas</span> <span class='ocrx_word' id='word_1_505' title='bbox 1955 3601 2072 3682; x_wconf 73' lang='lat' dir='ltr'>canapi</span> <span class='ocrx_word' id='word_1_506' title='bbox 2098 3622 2156 3664; x_wconf 86' lang='lat' dir='ltr'>acu</span> <span class='ocrx_word' id='word_1_507' title='bbox 2174 3622 2232 3683; x_wconf 91' lang='lat' dir='ltr'>po·</span> 
     </span>
     <span class='ocr_line' id='line_1_40' title="bbox 220 3686 2231 3775; baseline -0.002 -21"><span class='ocrx_word' id='word_1_508' title='bbox 220 3690 274 3775; x_wconf 86' lang='lat' dir='ltr'>gis</span> <span class='ocrx_word' id='word_1_509' title='bbox 305 3686 467 3771; x_wconf 83' lang='lat' dir='ltr'>dignitate</span> <span class='ocrx_word' id='word_1_510' title='bbox 489 3707 584 3768; x_wconf 90' lang='lat' dir='ltr'>quam</span> <span class='ocrx_word' id='word_1_511' title='bbox 612 3691 786 3754; x_wconf 87' lang='lat' dir='ltr'>verborum</span> <span class='ocrx_word' id='word_1_512' title='bbox 815 3690 921 3772; x_wconf 57' lang='lat' dir='ltr'>matie</span> <span class='ocrx_word' id='word_1_513' title='bbox 947 3690 983 3752; x_wconf 93' lang='lat' dir='ltr'>in</span> <span class='ocrx_word' id='word_1_514' title='bbox 1006 3690 1076 3754; x_wconf 88' lang='lat' dir='ltr'>eius</span> <span class='ocrx_word' id='word_1_515' title='bbox 1099 3688 1202 3753; x_wconf 90' lang='lat' dir='ltr'>admi·</span> <span class='ocrx_word' id='word_1_516' title='bbox 1256 3690 1376 3753; x_wconf 80' lang='lat' dir='ltr'>tuerint.</span> <span class='ocrx_word' id='word_1_517' title='bbox 1423 3688 1638 3769; x_wconf 79' lang='lat' dir='ltr'>Irrspiciautar</span> <span class='ocrx_word' id='word_1_518' title='bbox 1658 3688 1775 3770; x_wconf 81' lang='lat' dir='ltr'>sirpali</span> <span class='ocrx_word' id='word_1_519' title='bbox 1789 3687 1974 3769; x_wconf 74' lang='lat' dir='ltr'>prophetae:</span> <span class='ocrx_word' id='word_1_520' title='bbox 1995 3708 2081 3751; x_wconf 87' lang='lat' dir='ltr'>aemo</span> <span class='ocrx_word' id='word_1_521' title='bbox 2101 3688 2231 3767; x_wconf 85' lang='lat' dir='ltr'>reperie-</span> 
     </span>
     <span class='ocr_line' id='line_1_41' title="bbox 220 3773 2231 3856; baseline -0.001 -17"><span class='ocrx_word' id='word_1_522' title='bbox 220 3776 385 3839; x_wconf 88' lang='lat' dir='ltr'>ratiouem</span> <span class='ocrx_word' id='word_1_523' title='bbox 416 3793 476 3836; x_wconf 89' lang='lat' dir='ltr'>nos</span> <span class='ocrx_word' id='word_1_524' title='bbox 501 3774 581 3854; x_wconf 89' lang='lat' dir='ltr'>rapi.</span> <span class='ocrx_word' id='word_1_525' title='bbox 630 3774 715 3839; x_wconf 88' lang='lat' dir='ltr'>Nam</span> <span class='ocrx_word' id='word_1_526' title='bbox 743 3784 776 3840; x_wconf 91' lang='lat' dir='ltr'>et</span> <span class='ocrx_word' id='word_1_527' title='bbox 803 3776 864 3839; x_wconf 92' lang='lat' dir='ltr'>hoc</span> <span class='ocrx_word' id='word_1_528' title='bbox 892 3797 959 3839; x_wconf 90' lang='lat' dir='ltr'>non</span> <span class='ocrx_word' id='word_1_529' title='bbox 982 3776 1052 3839; x_wconf 90' lang='lat' dir='ltr'>sine</span> <span class='ocrx_word' id='word_1_530' title='bbox 1081 3776 1203 3840; x_wconf 79' lang='lat' dir='ltr'>eximia</span> <span class='ocrx_word' id='word_1_531' title='bbox 1254 3781 1306 3839; x_wconf 87' lang='lat' dir='ltr'>tar</span> <span class='ocrx_word' id='word_1_532' title='bbox 1337 3776 1392 3855; x_wconf 82' lang='lat' dir='ltr'>qai</span> <span class='ocrx_word' id='word_1_533' title='bbox 1423 3795 1482 3838; x_wconf 78' lang='lat' dir='ltr'>recu</span> <span class='ocrx_word' id='word_1_534' title='bbox 1511 3775 1596 3856; x_wconf 80' lang='lat' dir='ltr'>torpe</span> <span class='ocrx_word' id='word_1_535' title='bbox 1623 3775 1782 3838; x_wconf 74' lang='lat' dir='ltr'>excesserit</span> <span class='ocrx_word' id='word_1_536' title='bbox 1822 3773 1992 3836; x_wconf 77' lang='lat' dir='ltr'>barranum</span> <span class='ocrx_word' id='word_1_537' title='bbox 2023 3773 2164 3850; x_wconf 68' lang='lat' dir='ltr'>moerim,-</span> <span class='ocrx_word' id='word_1_538' title='bbox 2195 3776 2231 3836; x_wconf 83' lang='lat' dir='ltr'>at</span> 
     </span>
     <span class='ocr_line' id='line_1_42' title="bbox 219 3857 2231 3944; baseline -0.002 -18"><span class='ocrx_word' id='word_1_539' title='bbox 219 3862 287 3926; x_wconf 92' lang='lat' dir='ltr'>Dei</span> <span class='ocrx_word' id='word_1_540' title='bbox 314 3857 523 3942; x_wconf 86' lang='lat' dir='ltr'>providentia</span> <span class='ocrx_word' id='word_1_541' title='bbox 550 3858 672 3923; x_wconf 81' lang='lat' dir='ltr'>factum</span> <span class='ocrx_word' id='word_1_542' title='bbox 692 3869 755 3938; x_wconf 88' lang='lat' dir='ltr'>est,</span> <span class='ocrx_word' id='word_1_543' title='bbox 780 3868 818 3924; x_wconf 90' lang='lat' dir='ltr'>ut</span> <span class='ocrx_word' id='word_1_544' title='bbox 840 3861 993 3925; x_wconf 90' lang='lat' dir='ltr'>sublimia</span> <span class='ocrx_word' id='word_1_545' title='bbox 1014 3862 1108 3944; x_wconf 89' lang='lat' dir='ltr'>regni</span> <span class='ocrx_word' id='word_1_546' title='bbox 1130 3883 1202 3926; x_wconf 90' lang='lat' dir='ltr'>coe·</span> <span class='ocrx_word' id='word_1_547' title='bbox 1248 3862 1358 3943; x_wconf 86' lang='lat' dir='ltr'>palate</span> <span class='ocrx_word' id='word_1_548' title='bbox 1386 3881 1521 3941; x_wconf 85' lang='lat' dir='ltr'>prorsas</span> <span class='ocrx_word' id='word_1_549' title='bbox 1546 3881 1650 3925; x_wconf 88' lang='lat' dir='ltr'>carere</span> <span class='ocrx_word' id='word_1_550' title='bbox 1680 3860 1822 3923; x_wconf 85' lang='lat' dir='ltr'>eeascudi</span> <span class='ocrx_word' id='word_1_551' title='bbox 1849 3860 1914 3922; x_wconf 85' lang='lat' dir='ltr'>siat</span> <span class='ocrx_word' id='word_1_552' title='bbox 1944 3858 2056 3939; x_wconf 83' lang='lat' dir='ltr'>quibrcs</span> <span class='ocrx_word' id='word_1_553' title='bbox 2089 3859 2231 3941; x_wconf 81' lang='lat' dir='ltr'>insipida</span> 
     </span>
     <span class='ocr_line' id='line_1_43' title="bbox 220 3945 1590 4030; baseline -0.001 -19"><span class='ocrx_word' id='word_1_554' title='bbox 220 3947 314 4011; x_wconf 87' lang='lat' dir='ltr'>lestis</span> <span class='ocrx_word' id='word_1_555' title='bbox 341 3945 500 4030; x_wconf 85' lang='lat' dir='ltr'>mysteria</span> <span class='ocrx_word' id='word_1_556' title='bbox 528 3945 588 4009; x_wconf 89' lang='lat' dir='ltr'>sub</span> <span class='ocrx_word' id='word_1_557' title='bbox 610 3947 844 4028; x_wconf 87' lang='lat' dir='ltr'>contemptibili</span> <span class='ocrx_word' id='word_1_558' title='bbox 866 3946 1041 4013; x_wconf 85' lang='lat' dir='ltr'>verborum</span> <span class='ocrx_word' id='word_1_559' title='bbox 1068 3947 1201 4010; x_wconf 92' lang='lat' dir='ltr'>humili·</span> <span class='ocrx_word' id='word_1_560' title='bbox 1254 3952 1297 4012; x_wconf 87' lang='lat' dir='ltr'>est</span> <span class='ocrx_word' id='word_1_561' title='bbox 1318 3967 1423 4010; x_wconf 86' lang='lat' dir='ltr'>eoram</span> <span class='ocrx_word' id='word_1_562' title='bbox 1444 3947 1590 4012; x_wconf 85' lang='lat' dir='ltr'>doctriua.</span> 
     </span>
     <span class='ocr_line' id='line_1_44' title="bbox 220 4031 2228 4115; baseline -0.001 -18"><span class='ocrx_word' id='word_1_563' title='bbox 220 4039 290 4098; x_wconf 84' lang='lat' dir='ltr'>tate</span> <span class='ocrx_word' id='word_1_564' title='bbox 316 4031 402 4096; x_wconf 90' lang='lat' dir='ltr'>bona</span> <span class='ocrx_word' id='word_1_565' title='bbox 430 4052 472 4095; x_wconf 85' lang='lat' dir='ltr'>ex</span> <span class='ocrx_word' id='word_1_566' title='bbox 499 4037 594 4113; x_wconf 89' lang='lat' dir='ltr'>parte</span> <span class='ocrx_word' id='word_1_567' title='bbox 619 4031 839 4110; x_wconf 87' lang='lat' dir='ltr'>traderentur;</span> <span class='ocrx_word' id='word_1_568' title='bbox 866 4055 909 4097; x_wconf 92' lang='lat' dir='ltr'>ne</span> <span class='ocrx_word' id='word_1_569' title='bbox 932 4034 960 4097; x_wconf 88' lang='lat' dir='ltr'>si</span> <span class='ocrx_word' id='word_1_570' title='bbox 985 4031 1201 4115; x_wconf 85' lang='lat' dir='ltr'>splendidiore</span> <span class='ocrx_word' id='word_1_571' title='bbox 1340 4037 1368 4096; x_wconf 90' lang='lat'>3.</span> <span class='ocrx_word' id='word_1_572' title='bbox 1421 4034 1619 4098; x_wconf 79' lang='lat' dir='ltr'>Tractarunt</span> <span class='ocrx_word' id='word_1_573' title='bbox 1647 4032 1702 4097; x_wconf 84' lang='lat' dir='ltr'>alii</span> <span class='ocrx_word' id='word_1_574' title='bbox 1730 4031 1791 4095; x_wconf 89' lang='lat' dir='ltr'>hoc</span> <span class='ocrx_word' id='word_1_575' title='bbox 1826 4038 2057 4113; x_wconf 87' lang='lat' dir='ltr'>argumentum</span> <span class='ocrx_word' id='word_1_576' title='bbox 2087 4032 2228 4113; x_wconf 89' lang='lat' dir='ltr'>copiose:</span> 
     </span>
     <span class='ocr_line' id='line_1_45' title="bbox 221 4116 2230 4201; baseline -0 -19"><span class='ocrx_word' id='word_1_577' title='bbox 221 4117 408 4200; x_wconf 88' lang='lat' dir='ltr'>eloquentia</span> <span class='ocrx_word' id='word_1_578' title='bbox 428 4117 594 4181; x_wconf 86' lang='lat' dir='ltr'>illustrata</span> <span class='ocrx_word' id='word_1_579' title='bbox 616 4116 737 4196; x_wconf 81' lang='lat' dir='ltr'>forent,</span> <span class='ocrx_word' id='word_1_580' title='bbox 765 4119 997 4184; x_wconf 87' lang='lat' dir='ltr'>cavillarentnr</span> <span class='ocrx_word' id='word_1_581' title='bbox 1018 4120 1125 4200; x_wconf 90' lang='lat' dir='ltr'>impii,</span> <span class='ocrx_word' id='word_1_582' title='bbox 1149 4139 1200 4183; x_wconf 91' lang='lat' dir='ltr'>so·</span> <span class='ocrx_word' id='word_1_583' title='bbox 1252 4140 1316 4201; x_wconf 93' lang='lat' dir='ltr'>quo</span> <span class='ocrx_word' id='word_1_584' title='bbox 1336 4120 1375 4183; x_wconf 90' lang='lat' dir='ltr'>fit</span> <span class='ocrx_word' id='word_1_585' title='bbox 1396 4126 1433 4182; x_wconf 89' lang='lat' dir='ltr'>ut</span> <span class='ocrx_word' id='word_1_586' title='bbox 1454 4140 1557 4201; x_wconf 90' lang='lat' dir='ltr'>pauca</span> <span class='ocrx_word' id='word_1_587' title='bbox 1580 4129 1709 4182; x_wconf 85' lang='lat' dir='ltr'>tant-nm</span> <span class='ocrx_word' id='word_1_588' title='bbox 1731 4116 1872 4181; x_wconf 87' lang='lat' dir='ltr'>delibare</span> <span class='ocrx_word' id='word_1_589' title='bbox 1901 4118 1935 4180; x_wconf 94' lang='lat' dir='ltr'>in</span> <span class='ocrx_word' id='word_1_590' title='bbox 1963 4138 2117 4198; x_wconf 89' lang='lat' dir='ltr'>praesens</span> <span class='ocrx_word' id='word_1_591' title='bbox 2140 4118 2230 4181; x_wconf 88' lang='lat' dir='ltr'>suffi-</span> 
     </span>
     <span class='ocr_line' id='line_1_46' title="bbox 221 4203 2228 4287; baseline -0.002 -19"><span class='ocrx_word' id='word_1_592' title='bbox 221 4204 290 4268; x_wconf 87' lang='lat' dir='ltr'>lam</span> <span class='ocrx_word' id='word_1_593' title='bbox 313 4204 383 4267; x_wconf 90' lang='lat' dir='ltr'>eius</span> <span class='ocrx_word' id='word_1_594' title='bbox 404 4205 473 4269; x_wconf 81' lang='lat' dir='ltr'>vim</span> <span class='ocrx_word' id='word_1_595' title='bbox 496 4203 550 4268; x_wconf 92' lang='lat' dir='ltr'>hic</span> <span class='ocrx_word' id='word_1_596' title='bbox 572 4223 719 4286; x_wconf 89' lang='lat' dir='ltr'>regnare.</span> <span class='ocrx_word' id='word_1_597' title='bbox 758 4203 853 4268; x_wconf 90' lang='lat' dir='ltr'>Nunc</span> <span class='ocrx_word' id='word_1_598' title='bbox 875 4226 975 4287; x_wconf 90' lang='lat' dir='ltr'>quum</span> <span class='ocrx_word' id='word_1_599' title='bbox 997 4204 1123 4270; x_wconf 88' lang='lat' dir='ltr'>inculta</span> <span class='ocrx_word' id='word_1_600' title='bbox 1143 4205 1201 4269; x_wconf 88' lang='lat' dir='ltr'>illa</span> <span class='ocrx_word' id='word_1_601' title='bbox 1252 4207 1326 4283; x_wconf 89' lang='lat' dir='ltr'>ciat,</span> <span class='ocrx_word' id='word_1_602' title='bbox 1348 4226 1431 4287; x_wconf 91' lang='lat' dir='ltr'>quae</span> <span class='ocrx_word' id='word_1_603' title='bbox 1451 4204 1492 4268; x_wconf 88' lang='lat' dir='ltr'>ad</span> <span class='ocrx_word' id='word_1_604' title='bbox 1505 4226 1666 4268; x_wconf 89' lang='lat' dir='ltr'>summam</span> <span class='ocrx_word' id='word_1_605' title='bbox 1685 4204 1783 4268; x_wconf 86' lang='lat' dir='ltr'>totius</span> <span class='ocrx_word' id='word_1_606' title='bbox 1801 4224 1918 4268; x_wconf 90' lang='lat' dir='ltr'>causae</span> <span class='ocrx_word' id='word_1_607' title='bbox 1936 4205 2079 4267; x_wconf 85' lang='lat' dir='ltr'>maxime</span> <span class='ocrx_word' id='word_1_608' title='bbox 2096 4203 2228 4267; x_wconf 90' lang='lat' dir='ltr'>faciunt.</span> 
     </span>
     <span class='ocr_line' id='line_1_47' title="bbox 221 4287 2226 4373; baseline -0.002 -18"><span class='ocrx_word' id='word_1_609' title='bbox 221 4298 258 4355; x_wconf 88' lang='lat' dir='ltr'>et</span> <span class='ocrx_word' id='word_1_610' title='bbox 278 4296 407 4354; x_wconf 81' lang='lat' dir='ltr'>tantmn</span> <span class='ocrx_word' id='word_1_611' title='bbox 429 4310 497 4353; x_wconf 91' lang='lat' dir='ltr'>non</span> <span class='ocrx_word' id='word_1_612' title='bbox 519 4289 610 4354; x_wconf 89' lang='lat' dir='ltr'>rudis</span> <span class='ocrx_word' id='word_1_613' title='bbox 638 4287 828 4370; x_wconf 71' lang='lat' dir='ltr'>simplicims</span> <span class='ocrx_word' id='word_1_614' title='bbox 855 4292 1011 4355; x_wconf 89' lang='lat' dir='ltr'>maiorem</span> <span class='ocrx_word' id='word_1_615' title='bbox 1034 4291 1086 4354; x_wconf 90' lang='lat' dir='ltr'>sui</span> <span class='ocrx_word' id='word_1_616' title='bbox 1107 4312 1200 4355; x_wconf 87' lang='lat' dir='ltr'>reve·</span> <span class='ocrx_word' id='word_1_617' title='bbox 1252 4290 1390 4369; x_wconf 80' lang='lat' dir='ltr'>Praeter</span> <span class='ocrx_word' id='word_1_618' title='bbox 1411 4312 1449 4355; x_wconf 89' lang='lat' dir='ltr'>ea</span> <span class='ocrx_word' id='word_1_619' title='bbox 1470 4311 1552 4373; x_wconf 90' lang='lat' dir='ltr'>quae</span> <span class='ocrx_word' id='word_1_620' title='bbox 1579 4290 1645 4354; x_wconf 91' lang='lat' dir='ltr'>iam</span> <span class='ocrx_word' id='word_1_621' title='bbox 1668 4290 1776 4372; x_wconf 87' lang='lat' dir='ltr'>attigi,</span> <span class='ocrx_word' id='word_1_622' title='bbox 1800 4311 1865 4353; x_wconf 93' lang='lat' dir='ltr'>non</span> <span class='ocrx_word' id='word_1_623' title='bbox 1887 4310 2004 4371; x_wconf 91' lang='lat' dir='ltr'>parum</span> <span class='ocrx_word' id='word_1_624' title='bbox 2027 4288 2126 4353; x_wconf 90' lang='lat' dir='ltr'>habet</span> <span class='ocrx_word' id='word_1_625' title='bbox 2147 4309 2226 4369; x_wconf 93' lang='lat' dir='ltr'>pon-</span> 
     </span>
     <span class='ocr_line' id='line_1_48' title="bbox 221 4374 2228 4459; baseline -0.002 -19"><span class='ocrx_word' id='word_1_626' title='bbox 221 4377 364 4440; x_wconf 87' lang='lat' dir='ltr'>rentiam</span> <span class='ocrx_word' id='word_1_627' title='bbox 387 4376 507 4440; x_wconf 82' lang='lat' dir='ltr'>excitet</span> <span class='ocrx_word' id='word_1_628' title='bbox 528 4395 627 4457; x_wconf 89' lang='lat' dir='ltr'>quam</span> <span class='ocrx_word' id='word_1_629' title='bbox 648 4374 718 4438; x_wconf 91' lang='lat' dir='ltr'>ulla</span> <span class='ocrx_word' id='word_1_630' title='bbox 738 4374 904 4438; x_wconf 88' lang='lat' dir='ltr'>rhetorum</span> <span class='ocrx_word' id='word_1_631' title='bbox 928 4375 1095 4454; x_wconf 84' lang='lat' dir='ltr'>facundia,</span> <span class='ocrx_word' id='word_1_632' title='bbox 1122 4376 1200 4459; x_wconf 89' lang='lat' dir='ltr'>quid</span> <span class='ocrx_word' id='word_1_633' title='bbox 1253 4376 1339 4440; x_wconf 89' lang='lat' dir='ltr'>deris</span> <span class='ocrx_word' id='word_1_634' title='bbox 1379 4378 1451 4458; x_wconf 90' lang='lat' dir='ltr'>ipsa</span> <span class='ocrx_word' id='word_1_635' title='bbox 1486 4377 1666 4458; x_wconf 87' lang='lat' dir='ltr'>scripturae</span> <span class='ocrx_word' id='word_1_636' title='bbox 1706 4376 1889 4457; x_wconf 84' lang='lat' dir='ltr'>antiquitas.</span> <span class='ocrx_word' id='word_1_637' title='bbox 1944 4375 2031 4438; x_wconf 88' lang='lat' dir='ltr'>Nam</span> <span class='ocrx_word' id='word_1_638' title='bbox 2064 4381 2228 4453; x_wconf 88' lang='lat' dir='ltr'>utcunque</span> 
     </span>
     <span class='ocr_line' id='line_1_49' title="bbox 220 4457 2227 4546; baseline -0.002 -20"><span class='ocrx_word' id='word_1_639' title='bbox 220 4461 368 4526; x_wconf 90' lang='lat' dir='ltr'>iudicare</span> <span class='ocrx_word' id='word_1_640' title='bbox 390 4461 466 4526; x_wconf 90' lang='lat' dir='ltr'>licet</span> <span class='ocrx_word' id='word_1_641' title='bbox 487 4461 552 4526; x_wconf 90' lang='lat' dir='ltr'>nisi</span> <span class='ocrx_word' id='word_1_642' title='bbox 568 4461 786 4543; x_wconf 87' lang='lat' dir='ltr'>potentiorem</span> <span class='ocrx_word' id='word_1_643' title='bbox 806 4461 983 4543; x_wconf 88' lang='lat' dir='ltr'>scripturae</span> <span class='ocrx_word' id='word_1_644' title='bbox 1002 4483 1112 4527; x_wconf 88' lang='lat' dir='ltr'>sacrae</span> <span class='ocrx_word' id='word_1_645' title='bbox 1132 4464 1201 4527; x_wconf 82' lang='lat' dir='ltr'>vim</span> <span class='ocrx_word' id='word_1_646' title='bbox 1254 4463 1362 4545; x_wconf 87' lang='lat' dir='ltr'>graeci</span> <span class='ocrx_word' id='word_1_647' title='bbox 1385 4464 1557 4544; x_wconf 91' lang='lat' dir='ltr'>scriptores</span> <span class='ocrx_word' id='word_1_648' title='bbox 1580 4462 1619 4526; x_wconf 91' lang='lat' dir='ltr'>de</span> <span class='ocrx_word' id='word_1_649' title='bbox 1642 4462 1835 4546; x_wconf 80' lang='lat' dir='ltr'>aegyptiaca</span> <span class='ocrx_word' id='word_1_650' title='bbox 1863 4460 2025 4541; x_wconf 87' lang='lat' dir='ltr'>theologia</span> <span class='ocrx_word' id='word_1_651' title='bbox 2050 4457 2154 4522; x_wconf 87' lang='lat' dir='ltr'>multa</span> <span class='ocrx_word' id='word_1_652' title='bbox 2178 4459 2227 4522; x_wconf 89' lang='lat' dir='ltr'>fa·</span> 
     </span>
     <span class='ocr_line' id='line_1_50' title="bbox 220 4544 2227 4631; baseline -0.002 -19"><span class='ocrx_word' id='word_1_653' title='bbox 220 4547 372 4613; x_wconf 81' lang='lat' dir='ltr'>veritatis</span> <span class='ocrx_word' id='word_1_654' title='bbox 394 4554 552 4626; x_wconf 87' lang='lat' dir='ltr'>constare,</span> <span class='ocrx_word' id='word_1_655' title='bbox 574 4568 672 4629; x_wconf 90' lang='lat' dir='ltr'>quam</span> <span class='ocrx_word' id='word_1_656' title='bbox 694 4555 732 4612; x_wconf 88' lang='lat' dir='ltr'>ut</span> <span class='ocrx_word' id='word_1_657' title='bbox 748 4545 923 4611; x_wconf 82' lang='lat' dir='ltr'>verborum</span> <span class='ocrx_word' id='word_1_658' title='bbox 945 4555 1014 4611; x_wconf 88' lang='lat' dir='ltr'>arte</span> <span class='ocrx_word' id='word_1_659' title='bbox 1031 4547 1199 4631; x_wconf 81' lang='lat' dir='ltr'>indigeat?</span> <span class='ocrx_word' id='word_1_660' title='bbox 1254 4548 1415 4626; x_wconf 86' lang='lat' dir='ltr'>bulentnr,</span> <span class='ocrx_word' id='word_1_661' title='bbox 1438 4548 1566 4612; x_wconf 91' lang='lat' dir='ltr'>nullum</span> <span class='ocrx_word' id='word_1_662' title='bbox 1588 4558 1699 4612; x_wconf 78' lang='lat' dir='ltr'>tamen</span> <span class='ocrx_word' id='word_1_663' title='bbox 1720 4548 1910 4628; x_wconf 90' lang='lat' dir='ltr'>cuiusquam</span> <span class='ocrx_word' id='word_1_664' title='bbox 1929 4544 2093 4627; x_wconf 90' lang='lat' dir='ltr'>religionis</span> <span class='ocrx_word' id='word_1_665' title='bbox 2110 4564 2227 4608; x_wconf 90' lang='lat' dir='ltr'>monu-</span> 
     </span>
     <span class='ocr_line' id='line_1_51' title="bbox 221 4629 2227 4780; baseline -0.002 -82"><span class='ocrx_word' id='word_1_666' title='bbox 221 4632 297 4698; x_wconf 87' lang='lat' dir='ltr'>Non</span> <span class='ocrx_word' id='word_1_667' title='bbox 318 4654 397 4717; x_wconf 89' lang='lat' dir='ltr'>ergo</span> <span class='ocrx_word' id='word_1_668' title='bbox 420 4633 541 4715; x_wconf 91' lang='lat' dir='ltr'>absque</span> <span class='ocrx_word' id='word_1_669' title='bbox 562 4633 689 4698; x_wconf 88' lang='lat' dir='ltr'>ratione</span> <span class='ocrx_word' id='word_1_670' title='bbox 708 4631 872 4715; x_wconf 90' lang='lat' dir='ltr'>apostolus</span> <span class='ocrx_word' id='word_1_671' title='bbox 884 4632 922 4780; x_wconf 47' lang='lat' dir='ltr'>§l</span> <span class='ocrx_word' id='word_1_672' title='bbox 938 4631 1011 4697; x_wconf 84' lang='lat' dir='ltr'>Cor.</span> <span class='ocrx_word' id='word_1_673' title='bbox 1033 4637 1061 4710; x_wconf 79' lang='lat'>2,</span> <span class='ocrx_word' id='word_1_674' title='bbox 1081 4634 1116 4716; x_wconf 78' lang='lat'>4)</span> <span class='ocrx_word' id='word_1_675' title='bbox 1136 4634 1201 4698; x_wconf 87' lang='lat' dir='ltr'>Dei</span> <span class='ocrx_word' id='word_1_676' title='bbox 1252 4641 1401 4697; x_wconf 90' lang='lat' dir='ltr'>mentum</span> <span class='ocrx_word' id='word_1_677' title='bbox 1429 4642 1537 4698; x_wconf 82' lang='lat' dir='ltr'>exstat</span> <span class='ocrx_word' id='word_1_678' title='bbox 1569 4632 1654 4715; x_wconf 91' lang='lat' dir='ltr'>quod</span> <span class='ocrx_word' id='word_1_679' title='bbox 1685 4654 1751 4695; x_wconf 91' lang='lat' dir='ltr'>non</span> <span class='ocrx_word' id='word_1_680' title='bbox 1778 4633 1821 4696; x_wconf 90' lang='lat' dir='ltr'>sit</span> <span class='ocrx_word' id='word_1_681' title='bbox 1841 4631 1943 4695; x_wconf 87' lang='lat' dir='ltr'>Mosis</span> <span class='ocrx_word' id='word_1_682' title='bbox 1973 4629 2101 4694; x_wconf 88' lang='lat' dir='ltr'>saeculo</span> <span class='ocrx_word' id='word_1_683' title='bbox 2128 4629 2227 4713; x_wconf 84' lang='lat' dir='ltr'>longe</span> 
     </span>
     <span class='ocr_line' id='line_1_52' title="bbox 222 4717 2227 4802; baseline -0 -19"><span class='ocrx_word' id='word_1_684' title='bbox 222 4720 356 4796; x_wconf 82' lang='lat' dir='ltr'>virtute,</span> <span class='ocrx_word' id='word_1_685' title='bbox 378 4738 445 4782; x_wconf 90' lang='lat' dir='ltr'>non</span> <span class='ocrx_word' id='word_1_686' title='bbox 466 4718 611 4783; x_wconf 88' lang='lat' dir='ltr'>humana</span> <span class='ocrx_word' id='word_1_687' title='bbox 632 4720 809 4802; x_wconf 90' lang='lat' dir='ltr'>sapientia,</span> <span class='ocrx_word' id='word_1_688' title='bbox 824 4719 881 4783; x_wconf 81' lang='lat' dir='ltr'>fun</span> <span class='ocrx_word' id='word_1_689' title='bbox 906 4726 994 4782; x_wconf 85' lang='lat' dir='ltr'>atam</span> <span class='ocrx_word' id='word_1_690' title='bbox 1015 4739 1085 4782; x_wconf 87' lang='lat' dir='ltr'>esse</span> <span class='ocrx_word' id='word_1_691' title='bbox 1102 4718 1199 4782; x_wconf 88' lang='lat' dir='ltr'>fidem</span> <span class='ocrx_word' id='word_1_692' title='bbox 1251 4720 1397 4784; x_wconf 89' lang='lat' dir='ltr'>inferius.</span> <span class='ocrx_word' id='word_1_693' title='bbox 1448 4720 1561 4802; x_wconf 90' lang='lat' dir='ltr'>Neque</span> <span class='ocrx_word' id='word_1_694' title='bbox 1583 4720 1693 4783; x_wconf 84' lang='lat' dir='ltr'>Moses</span> <span class='ocrx_word' id='word_1_695' title='bbox 1721 4738 1841 4781; x_wconf 80' lang='lat' dir='ltr'>novum</span> <span class='ocrx_word' id='word_1_696' title='bbox 1870 4717 1980 4780; x_wconf 91' lang='lat' dir='ltr'>Deum</span> <span class='ocrx_word' id='word_1_697' title='bbox 2009 4717 2227 4782; x_wconf 88' lang='lat' dir='ltr'>comminisci·</span> 
     </span>
     <span class='ocr_line' id='line_1_53' title="bbox 223 4801 2226 4888; baseline -0.001 -19"><span class='ocrx_word' id='word_1_698' title='bbox 223 4803 470 4869; x_wconf 77' lang='lat' dir='ltr'>Corinthiorum</span> <span class='ocrx_word' id='word_1_699' title='bbox 500 4806 622 4888; x_wconf 88' lang='lat' dir='ltr'>arguit,</span> <span class='ocrx_word' id='word_1_700' title='bbox 652 4804 737 4888; x_wconf 89' lang='lat' dir='ltr'>quod</span> <span class='ocrx_word' id='word_1_701' title='bbox 759 4826 819 4869; x_wconf 87' lang='lat' dir='ltr'>sua</span> <span class='ocrx_word' id='word_1_702' title='bbox 845 4805 933 4869; x_wconf 89' lang='lat' dir='ltr'>inter</span> <span class='ocrx_word' id='word_1_703' title='bbox 956 4825 1010 4869; x_wconf 90' lang='lat' dir='ltr'>eos</span> <span class='ocrx_word' id='word_1_704' title='bbox 1032 4802 1200 4886; x_wconf 89' lang='lat' dir='ltr'>praedica·</span> <span class='ocrx_word' id='word_1_705' title='bbox 1252 4816 1321 4885; x_wconf 90' lang='lat' dir='ltr'>tur;</span> <span class='ocrx_word' id='word_1_706' title='bbox 1350 4805 1408 4870; x_wconf 91' lang='lat' dir='ltr'>sed</span> <span class='ocrx_word' id='word_1_707' title='bbox 1430 4805 1515 4887; x_wconf 89' lang='lat' dir='ltr'>quod</span> <span class='ocrx_word' id='word_1_708' title='bbox 1537 4804 1576 4869; x_wconf 91' lang='lat' dir='ltr'>dc</span> <span class='ocrx_word' id='word_1_709' title='bbox 1597 4812 1729 4869; x_wconf 88' lang='lat' dir='ltr'>aeterno</span> <span class='ocrx_word' id='word_1_710' title='bbox 1751 4801 1822 4866; x_wconf 93' lang='lat' dir='ltr'>Deo</span> <span class='ocrx_word' id='word_1_711' title='bbox 1850 4802 1947 4884; x_wconf 89' lang='lat' dir='ltr'>longa</span> <span class='ocrx_word' id='word_1_712' title='bbox 1969 4811 2153 4884; x_wconf 88' lang='lat' dir='ltr'>temporum</span> <span class='ocrx_word' id='word_1_713' title='bbox 2176 4825 2226 4867; x_wconf 91' lang='lat' dir='ltr'>se-</span> 
     </span>
     <span class='ocr_line' id='line_1_54' title="bbox 223 4887 2227 4974; baseline 0 -21"><span class='ocrx_word' id='word_1_714' title='bbox 223 4891 276 4969; x_wconf 88' lang='lat' dir='ltr'>tio,</span> <span class='ocrx_word' id='word_1_715' title='bbox 300 4912 369 4955; x_wconf 91' lang='lat' dir='ltr'>non</span> <span class='ocrx_word' id='word_1_716' title='bbox 390 4891 604 4973; x_wconf 89' lang='lat' dir='ltr'>persuasoriis</span> <span class='ocrx_word' id='word_1_717' title='bbox 625 4890 788 4956; x_wconf 89' lang='lat' dir='ltr'>humanae</span> <span class='ocrx_word' id='word_1_718' title='bbox 806 4891 985 4973; x_wconf 87' lang='lat' dir='ltr'>sapientiae</span> <span class='ocrx_word' id='word_1_719' title='bbox 1002 4890 1119 4969; x_wconf 79' lang='lat' dir='ltr'>verbis,</span> <span class='ocrx_word' id='word_1_720' title='bbox 1143 4890 1200 4956; x_wconf 90' lang='lat' dir='ltr'>sed</span> <span class='ocrx_word' id='word_1_721' title='bbox 1251 4893 1299 4956; x_wconf 91' lang='lat' dir='ltr'>rie</span> <span class='ocrx_word' id='word_1_722' title='bbox 1320 4914 1339 4955; x_wconf 92' lang='lat' dir='ltr'>a</span> <span class='ocrx_word' id='word_1_723' title='bbox 1361 4891 1507 4973; x_wconf 90' lang='lat' dir='ltr'>patribus</span> <span class='ocrx_word' id='word_1_724' title='bbox 1530 4891 1622 4974; x_wconf 85' lang='lat' dir='ltr'>quasi</span> <span class='ocrx_word' id='word_1_725' title='bbox 1644 4912 1704 4972; x_wconf 89' lang='lat' dir='ltr'>per</span> <span class='ocrx_word' id='word_1_726' title='bbox 1724 4910 1841 4954; x_wconf 81' lang='lat' dir='ltr'>uranus</span> <span class='ocrx_word' id='word_1_727' title='bbox 1860 4887 2016 4953; x_wconf 87' lang='lat' dir='ltr'>traditum</span> <span class='ocrx_word' id='word_1_728' title='bbox 2034 4896 2227 4971; x_wconf 87' lang='lat' dir='ltr'>acceperant</span> 
     </span>
     <span class='ocr_line' id='line_1_55' title="bbox 224 4972 2225 5060; baseline 0 -21"><span class='ocrx_word' id='word_1_729' title='bbox 224 4979 407 5042; x_wconf 87' lang='lat' dir='ltr'>ostensione</span> <span class='ocrx_word' id='word_1_730' title='bbox 419 4977 554 5058; x_wconf 90' lang='lat' dir='ltr'>spiritus</span> <span class='ocrx_word' id='word_1_731' title='bbox 573 4983 607 5041; x_wconf 89' lang='lat' dir='ltr'>et</span> <span class='ocrx_word' id='word_1_732' title='bbox 622 4977 787 5060; x_wconf 87' lang='lat' dir='ltr'>potentiae</span> <span class='ocrx_word' id='word_1_733' title='bbox 799 4975 1065 5044; x_wconf 90' lang='lat' dir='ltr'>commendabilis</span> <span class='ocrx_word' id='word_1_734' title='bbox 1076 4977 1197 5042; x_wconf 79' lang='lat' dir='ltr'>fuisset</span> <span class='ocrx_word' id='word_1_735' title='bbox 1251 4977 1433 5056; x_wconf 87' lang='lat' dir='ltr'>Israelitae,</span> <span class='ocrx_word' id='word_1_736' title='bbox 1466 4978 1626 5060; x_wconf 88' lang='lat' dir='ltr'>proponit.</span> <span class='ocrx_word' id='word_1_737' title='bbox 1677 4972 1765 5054; x_wconf 79' lang='lat' dir='ltr'>Quid</span> <span class='ocrx_word' id='word_1_738' title='bbox 1792 4975 1879 5039; x_wconf 91' lang='lat' dir='ltr'>enim</span> <span class='ocrx_word' id='word_1_739' title='bbox 1910 4975 1998 5039; x_wconf 90' lang='lat' dir='ltr'>aliud</span> <span class='ocrx_word' id='word_1_740' title='bbox 2021 4976 2103 5058; x_wconf 85' lang='lat' dir='ltr'>agit,</span> <span class='ocrx_word' id='word_1_741' title='bbox 2126 4996 2225 5057; x_wconf 89' lang='lat' dir='ltr'>quam</span> 
     </span>
    </p>

    <p class='ocr_par' dir='ltr' id='par_1_10' title="bbox 293 5058 2224 5319">
     <span class='ocr_line' id='line_1_56' title="bbox 1251 5058 2222 5146; baseline -0.004 -20"><span class='ocrx_word' id='word_1_742' title='bbox 1251 5073 1288 5126; x_wconf 91' lang='lat' dir='ltr'>ut</span> <span class='ocrx_word' id='word_1_743' title='bbox 1308 5063 1350 5127; x_wconf 91' lang='lat' dir='ltr'>ad</span> <span class='ocrx_word' id='word_1_744' title='bbox 1370 5062 1484 5127; x_wconf 85' lang='lat' dir='ltr'>foedus</span> <span class='ocrx_word' id='word_1_745' title='bbox 1512 5064 1600 5146; x_wconf 91' lang='lat' dir='ltr'>ipsos</span> <span class='ocrx_word' id='word_1_746' title='bbox 1621 5069 1751 5126; x_wconf 79' lang='lat' dir='ltr'>revocet</span> <span class='ocrx_word' id='word_1_747' title='bbox 1771 5082 1847 5126; x_wconf 93' lang='lat' dir='ltr'>cum</span> <span class='ocrx_word' id='word_1_748' title='bbox 1869 5061 2059 5126; x_wconf 82' lang='lat' dir='ltr'>Abrahamo</span> <span class='ocrx_word' id='word_1_749' title='bbox 2079 5058 2222 5124; x_wconf 82' lang='lat' dir='ltr'>initum?</span> 
     </span>
     <span class='ocr_line' id='line_1_57' title="bbox 893 5146 2224 5228; baseline -0.001 -16"><span class='ocrx_word' id='word_1_750' title='bbox 893 5204 900 5212; x_wconf 93' lang='lat'>.</span> <span class='ocrx_word' id='word_1_751' title='bbox 1251 5146 1348 5228; x_wconf 80' lang='lat' dir='ltr'>Quod</span> <span class='ocrx_word' id='word_1_752' title='bbox 1375 5150 1403 5213; x_wconf 90' lang='lat' dir='ltr'>si</span> <span class='ocrx_word' id='word_1_753' title='bbox 1431 5171 1501 5212; x_wconf 91' lang='lat' dir='ltr'>rem</span> <span class='ocrx_word' id='word_1_754' title='bbox 1528 5148 1711 5213; x_wconf 87' lang='lat' dir='ltr'>inauditam</span> <span class='ocrx_word' id='word_1_755' title='bbox 1740 5147 1917 5224; x_wconf 85' lang='lat' dir='ltr'>attulisset,</span> <span class='ocrx_word' id='word_1_756' title='bbox 1947 5147 2057 5211; x_wconf 89' lang='lat' dir='ltr'>nullus</span> <span class='ocrx_word' id='word_1_757' title='bbox 2080 5154 2151 5210; x_wconf 89' lang='lat' dir='ltr'>erat</span> <span class='ocrx_word' id='word_1_758' title='bbox 2171 5167 2224 5211; x_wconf 87' lang='lat' dir='ltr'>ac·</span> 
     </span>
     <span class='ocr_line' id='line_1_58' title="bbox 293 5232 2224 5319; baseline -0.004 -17"><span class='ocrx_word' id='word_1_759' title='bbox 293 5250 323 5316; x_wconf 84' lang='lat'>1)</span> <span class='ocrx_word' id='word_1_760' title='bbox 344 5247 445 5316; x_wconf 73' lang='lat' dir='ltr'>Gruter</span> <span class='ocrx_word' id='word_1_761' title='bbox 457 5249 648 5318; x_wconf 63' lang='lat' dir='ltr'>precamus</span> <span class='ocrx_word' id='word_1_762' title='bbox 664 5251 792 5304; x_wconf 72' lang='lat' dir='ltr'>carrariis</span> <span class='ocrx_word' id='word_1_763' title='bbox 813 5252 877 5319; x_wconf 78' lang='lat' dir='ltr'>Gap.</span> <span class='ocrx_word' id='word_1_764' title='bbox 897 5251 921 5304; x_wconf 82' lang='lat'>1.</span> <span class='ocrx_word' id='word_1_765' title='bbox 942 5254 964 5317; x_wconf 70' lang='grc' dir='ltr'>ς.</span> <span class='ocrx_word' id='word_1_766' title='bbox 981 5250 1103 5305; x_wconf 72' lang='lat' dir='ltr'>atr-33.</span> <span class='ocrx_word' id='word_1_767' title='bbox 1251 5254 1375 5312; x_wconf 90' lang='lat' dir='ltr'>cessus;</span> <span class='ocrx_word' id='word_1_768' title='bbox 1397 5234 1454 5299; x_wconf 91' lang='lat' dir='ltr'>sed</span> <span class='ocrx_word' id='word_1_769' title='bbox 1476 5235 1619 5317; x_wconf 87' lang='lat' dir='ltr'>oportuit</span> <span class='ocrx_word' id='word_1_770' title='bbox 1639 5234 1863 5299; x_wconf 88' lang='lat' dir='ltr'>liberationem</span> <span class='ocrx_word' id='word_1_771' title='bbox 1885 5253 1905 5295; x_wconf 91' lang='lat' dir='ltr'>a</span> <span class='ocrx_word' id='word_1_772' title='bbox 1922 5234 2087 5309; x_wconf 82' lang='lat' dir='ltr'>servitute,</span> <span class='ocrx_word' id='word_1_773' title='bbox 2106 5232 2143 5294; x_wconf 90' lang='lat' dir='ltr'>in</span> <span class='ocrx_word' id='word_1_774' title='bbox 2159 5251 2224 5313; x_wconf 87' lang='lat' dir='ltr'>que</span> 
     </span>
    </p>
   </div>
   <div class='ocr_carea' id='block_1_7' title="bbox 0 0 2343 5842">
    <p class='ocr_par' dir='ltr' id='par_1_11' title="bbox 0 0 2343 5842">
     <span class='ocr_line' id='line_1_59' title="bbox 0 0 2343 5842; baseline 0 0"><span class='ocrx_word' id='word_1_775' title='bbox 0 0 2343 5842; x_wconf 95' lang='lat' dir='ltr'> </span> 
     </span>
    </p>
   </div>
  </div>
 </body>
</html>
