4672 5842
254 321 314 383 cci
511 280 516 288 ’
899 310 1164 378 marmeno
1186 311 1293 380 nnn
1314 309 1496 378 etiamn
1521 316 1612 376 1559.
2196 316 2260 378 scs

253 507 421 589 diligent-ia
433 504 599 567 Christus:
619 524 701 584 quae
721 502 774 566 ubi
789 500 889 565 semel
907 501 942 563 in
956 499 1065 562 animo
1077 500 1226 578 obtinuit,
1283 505 1383 580 tatem
1402 502 1557 565 iustitiam
1573 507 1601 564 et
1615 503 1770 580 mactem.
1804 500 1859 564 Ec
1877 501 1989 581 qttibtis
2006 500 2157 565 sobrietas
2173 499 2260 567 tout

254 594 396 676 primum
415 611 518 671 neque
536 590 721 671 superbiae,
739 608 844 669 neque
860 585 973 661 fastui,
1000 606 1104 666 neque
1122 598 1231 650 osten·
1283 587 1460 651 dubletum
1481 589 1651 651 castitatem
1676 592 1703 651 et
1722 589 1956 667 temperantiam
1978 608 2072 668 quam
2088 592 2260 666 pummet

254 679 378 753 tatiani,
399 675 516 740 deinde
535 697 638 757 neque
660 674 826 749 auantiae,
846 692 951 753 neque
971 669 1106 747 libidini,
1126 693 1232 753 neque
1281 673 1436 754 fmtpalem
1458 673 1675 752 temporalium
1697 670 1842 735 lmitomtm
1863 694 1968 751 usum,
1993 678 2021 738 et
2042 674 2168 752 ineptiae
2189 675 2261 738 tole-

252 764 411 838 luxuriuc‚
435 783 542 843 neque
562 760 726 834 mollitiae,
753 780 856 840 noque
874 758 947 820 eliis
963 777 1046 838 quae
1062 779 1104 820 ex
1122 779 1231 821 amore
1282 760 1421 822 rorttiam
1453 760 1584 822 deitatat.
1641 757 1771 822 lustitia
1811 764 1913 822 autem
1951 761 2057 823 orricio
2090 761 2261 839 aequitatis

253 850 569 931 nostrigcnerautur
585 847 688 923 malis,
708 845 815 910 locum
834 844 936 907 ullum
950 842 1113 923 relinquit.
1144 843 1231 906 Con·
1283 844 1387 924 officio
1408 845 1624 924 complectitur,
1647 850 1680 906 ut
1702 844 1853 909 reddatur
1874 846 2043 926 urtiouique
2064 847 2147 927 quart
2168 867 2262 910 mum

252 944 304 1000 tra
327 935 509 1016 ubicunque
532 956 596 997 non
621 944 751 1014 regnat,
782 929 847 994 illic
876 930 927 993 vel
949 929 1159 1011 spurcissima
1182 931 1230 993 vi·
1282 936 1333 994 est.
1380 929 1529 1010 Sequitur
1544 931 1664 1009 metas,
1692 950 1772 1010 quae
1793 951 1849 993 uos
1870 951 1891 993 a
1912 932 2021 994 attondi
2044 933 2262 1012 inquinamen-

253 1022 299 1085 tiu
320 1022 391 1084 sine
409 1019 532 1102 pudore
549 1029 784 1100 pervagantum
807 1016 868 1091 vel,
892 1016 919 1079 si
942 1036 1006 1096 quu
1028 1026 1078 1077 est-
1101 1016 1231 1079 virtutis
1282 1017 1324 1078 tis
1344 1021 1516 1098 sepreqatos
1534 1037 1608 1080 cero
1625 1019 1785 1080 scaudala
1802 1037 1871 1078 eum
1889 1016 1957 1080 ileo
1973 1019 2139 1099 eoaiuupit.
2173 1018 2262 1083 Haeo

253 1109 389 1190 species,
424 1127 526 1187 prum
558 1104 679 1187 gloriae
713 1101 863 1183 cupidine
897 1102 1038 1164 vitiatur.
1084 1098 1230 1165 Ostende
1282 1101 1336 1165 uli
1364 1101 1526 1166 imsolulu'ti
1556 1102 1677 1166 oiiurdo
1701 1105 1779 1165 iuter
1799 1122 1832 1165 se
1853 1123 1990 1167 emtrmea
2011 1109 2098 1181 stret,
2126 1103 2261 1169 solidam

253 1195 340 1258 enim
366 1192 540 1263 hominem,
565 1192 592 1253 si
615 1206 714 1272 potes,
737 1188 793 1269 qui
816 1188 879 1252 nisi
901 1186 962 1250 sibi
985 1187 1078 1249 iuxta
1095 1187 1230 1249 Domini
1282 1187 1421 1267 efficittat
1443 1188 1669 1267 perfertimtem.
1722 1188 1834 1251 Verum
1861 1189 1939 1269 quia
1965 1189 2047 1253 titul
2073 1191 2176 1272 mopis
2195 1190 2262 1270 ‹tif-

239 1266 446 1343 ¹mundatum
467 1277 671 1348 renuntiarit,
692 1275 795 1356 gratis
812 1294 965 1337 exercere
983 1272 1161 1335 bonitatem
1180 1273 1229 1335 in·
1281 1274 1362 1353 licite
1383 1279 1435 1347 ee,
1457 1294 1554 1352 qmtm
1575 1276 1695 1338 ratione
1716 1276 1822 1338 earu-is
1842 1274 1943 1337 valere
1965 1275 2063 1353 iussa,
2087 1282 2115 1339 et
2134 1277 2263 1340 dora-itis

239 1374 306 1429 *ter
324 1364 471 1427 homines
490 1362 575 1426 velit.
608 1361 694 1424 Nam
717 1360 900 1442 quicunque
922 1378 988 1421 non
1012 1359 1147 1421 fuerunt
1170 1358 1230 1423 hoc
1281 1359 1513 1438 cupititatidus,
1535 1360 1597 1422 ium
1619 1359 1786 1442 ammpatis,
1810 1358 1878 1424 Deo
1899 1366 1928 1422 et
1947 1360 2103 1440 fratribus
2125 1381 2183 1425 mos
2205 1362 2263 1426 adn

253 1472 350 1516 sensu
382 1449 544 1529 occupati,
579 1445 683 1510 laudis
712 1447 827 1509 saltem
858 1443 965 1527 gratia
992 1444 1144 1507 virtutem
1179 1466 1230 1507 se·
1281 1445 1389 1517 dicere,
1412 1450 1439 1507 et
1459 1445 1632 1526 capelieam
1655 1448 1749 1509 tutam
1771 1448 1806 1509 iu
1823 1450 1924 1509 terroe
1940 1446 2087 1512 somma
2104 1448 2263 1524 amatori,

253 1537 345 1618 qunti
369 1547 452 1597 suut.
486 1533 551 1612 Qui
576 1547 684 1596 :cirttuu
708 1553 851 1612 unquam
874 1553 915 1592 cx
938 1528 1140 1612 philosophis
1164 1531 1229 1593 vir·
1285 1530 1421 1605 Paulus,
1455 1536 1489 1593 ut
1521 1533 1644 1594 animos
1675 1538 1794 1596 riostros
1825 1532 1864 1594 ab
1892 1532 2033 1596 munitus
2060 1534 2184 1615 laqueis
2212 1554 2264 1597 ea-

253 1631 357 1686 tutem
381 1630 513 1702 propter
535 1640 570 1683 so
585 1618 801 1700 expietcndam
822 1616 962 1678 tiranimc
981 1614 1228 1692 contenderunt,
1282 1617 1374 1694 tricet,
1397 1622 1516 1681 revocat
1537 1637 1592 1680 uos
1614 1617 1657 1680 ad
1678 1638 1763 1697 spem
1785 1618 1888 1681 beatae
1912 1619 2175 1698 immortalitatis;
2200 1640 2262 1682 uon

253 1716 344 1771 tauta
366 1706 553 1787 arrogantia
575 1704 680 1767 intluti
703 1705 844 1778 luerunt,
868 1710 905 1764 ut
927 1709 1082 1782 appareat
1104 1723 1169 1764 non
1187 1702 1229 1764 ob
1280 1701 1401 1783 trustra
1424 1724 1480 1766 uos
1500 1708 1617 1766 certare
1638 1705 1820 1781 admotum,
1843 1705 1920 1784 quia
1941 1710 1975 1768 ut
1996 1706 2088 1769 seotel
2109 1707 2264 1786 apponat

253 1792 340 1857 aliud
364 1793 517 1856 virtutem
542 1791 730 1871 expetiisse,
759 1788 821 1852 nisi
845 1796 881 1851 ut
901 1784 1108 1868 superbiendi
1131 1786 1231 1851 habe-
1255 1755 1258 1875 l
1284 1786 1428 1852 Christus
1454 1790 1640 1867 redenqttor,
1669 1791 1715 1852 ita
1744 1790 1852 1854 attineo
1878 1811 1935 1854 sito
1963 1791 2097 1855 adveatu
2123 1792 2264 1872 facetum

253 1894 327 1944 rent
359 1879 536 1941 mauriani.
586 1876 684 1957 ,ltqui
718 1872 797 1938 adeo
829 1893 896 1936 non
925 1872 1105 1936 oblocmtur
1129 1874 1229 1950 llcus,
1255 1878 1258 1957 l
1281 1874 1395 1938 salutis
1426 1895 1448 1937 a
1476 1895 1509 1937 se
1535 1880 1652 1952 promae
1684 1877 1824 1939 ostendet.
1870 1876 1973 1956 Atque
2000 1876 2053 1942 loe
2080 1879 2170 1943 modo
2196 1877 2264 1941 ille-

253 1986 358 2046 neque
383 1963 447 2027 illis
470 1963 634 2045 popularis
658 1981 756 2025 aurae
779 1958 1013 2041 captatoribus,
1042 1979 1101 2023 nec
1124 1960 1230 2041 turgi-
1281 1960 1387 2025 esdras
1416 1980 1519 2023 emtus
1546 1960 1673 2025 discutit
1702 1983 1781 2041 quac
1809 1983 1864 2027 uos
1887 1963 2080 2042 obtrudilant,
2110 1985 2148 2026 ue
2175 1966 2262 2044 aspi·

253 2051 304 2115 dis
338 2051 401 2114 illis
435 2048 633 2130 pectoribus,
668 2057 705 2110 ut
727 2046 915 2129 pronuntiet
942 2044 1014 2107 illos
1045 2045 1079 2106 in
1107 2044 1231 2108 mundo
1282 2065 1400 2121 rectus,
1429 2050 1461 2107 ut
1482 2047 1576 2122 deca,
1605 2048 1648 2111 ad
1668 2048 1819 2112 coelestem
1837 2049 1987 2130 ploriam;
2016 2051 2078 2114 imo
2099 2053 2183 2114 daret
2206 2070 2261 2129 pe·

253 2157 345 2203 anani
370 2136 527 2217 recepisse
551 2130 747 2205 mercedem,
772 2132 823 2196 his
846 2131 1012 2212 propiores
1035 2150 1136 2212 regno
1159 2152 1230 2195 eoe-
1255 2146 1258 2201 t
1281 2132 1507 2212 repriuarutum
1539 2152 1603 2195 esse
1634 2134 1670 2196 ia
1698 2134 1829 2212 muodo,
1862 2156 1900 2199 ue
1928 2141 2038 2212 pereat
2063 2136 2110 2199 cel
2138 2136 2262 2200 excidat

252 2222 359 2288 lorum
383 2222 480 2285 facilit
503 2220 688 2284 meretrices
714 2227 747 2281 et
768 2217 965 2300 publicanos.
1011 2214 1158 2280 Necdum
1182 2230 1231 2280 ta·
1255 2208 1258 2325 l
1283 2216 1370 2281 uoltis
1391 2217 1525 2280 eoelestis
1546 2216 1729 2283 haereditas.

252 2330 328 2372 meu
365 2306 405 2371 ad
431 2304 588 2387 liquidum
617 2304 826 2386 exposuimus
856 2312 935 2383 quet
959 2310 992 2365 et
1019 2302 1149 2383 quantis
1173 2301 1230 2364 ob·
1368 2306 1397 2366 t.
1442 2302 1547 2366 Porro
1575 2305 1610 2366 iu
1637 2303 1687 2367 liis
1713 2304 1816 2368 uerbis
1836 2309 2048 2388 perspicimus
2072 2306 2261 2389 abnegatio·

255 2393 387 2458 staeulis
410 2391 605 2474 impediatur
622 2391 719 2453 homo
741 2413 760 2453 ιι
780 2390 858 2453 recti
881 2386 997 2463 studio,
1020 2386 1174 2468 quamdiu
1196 2408 1231 2451 se
1283 2408 1351 2451 itan
1385 2390 1485 2451 nostri
1519 2391 1639 2470 partim
1677 2389 1808 2471 quidem
1841 2392 1875 2456 in
1908 2392 2058 2457 homines
2094 2394 2260 2474 respicere,

254 2480 363 2562 ipsum
382 2498 448 2542 nou
466 2478 683 2559 abnegaverit
718 2476 805 2538 Vcrc
824 2474 912 2538 enim
932 2471 1127 2552 dictumest
1144 2473 1230 2548 olim,
1284 2475 1403 2555 partim
1435 2495 1513 2538 vero
1548 2473 1660 2557 (idque
1693 2477 1881 2561 praecipue)
1914 2479 1948 2542 in
1977 2480 2095 2543 Deum.
2148 2478 2261 2558 Quum

255 2563 417 2629 mundum
439 2563 594 2628 vitiorum
616 2584 686 2626 ease
710 2560 912 2626 reconditum
936 2558 970 2621 ιιι
995 2559 1136 2622 hominis
1160 2560 1231 2622 ani·
1283 2560 1370 2624 enim
1393 2561 1439 2624 sie
1461 2580 1521 2624 nos
1543 2582 1617 2625 eum
1640 2561 1827 2627 hominibus
1850 2586 1963 2647 gerere
1986 2565 2076 2628 iubet
2098 2565 2262 2647 scriptura

255 2672 317 2715 mu.
363 2649 431 2714 Nee
453 2649 541 2712 aliud
566 2646 744 2712 rurnedium
768 2646 923 2721 invenias,
949 2645 1096 2726 quamsi
1120 2656 1151 2708 to
1174 2645 1230 2709 ab·
1284 2646 1393 2728 (Rom.
1417 2649 1464 2723 12,
1487 2651 1541 2725 10;
1560 2647 1646 2711 Phil.
1668 2653 1696 2720 2,
1717 2648 1761 2729 3),
1787 2660 1824 2712 ut
1845 2649 1918 2714 iilos
1942 2652 2064 2714 honore
2086 2651 2177 2715 nobis
2199 2672 2261 2714 an·

254 2747 388 2819 negato,
419 2758 455 2801 ac
488 2736 663 2817 praeterita
689 2734 737 2798 tui
764 2735 905 2803 ratione,
939 2742 1085 2794 ruentem
1119 2729 1160 2794 ad
1193 2751 1232 2795 ea
1284 2731 1473 2808 tuleramus,
1507 2744 1544 2796 ut
1577 2731 1791 2814 procurandis
1823 2757 1936 2800 eorum
1968 2735 2143 2802 commodis
2175 2746 2262 2801 totos

254 2820 440 2905 quaerenda
480 2832 581 2885 totam
617 2820 766 2885 intendas
798 2840 880 2900 quae
914 2816 971 2881 abs
1004 2825 1036 2880 te
1069 2816 1231 2880 Dominus
1257 2896 1259 2909 Ι
1283 2837 1342 2882 nos
1364 2817 1449 2881 bona
1467 2818 1531 2882 fido
1548 2820 1791 2900 impendamus:
1815 2842 1853 2885 ea
1874 2821 1930 2885 dat
1951 2821 2106 2886 mandata
2122 2842 2261 2904 quorum

254 2910 404 2991 requirit,
435 2920 469 2972 et
497 2907 569 2970 idco
597 2915 725 2970 trintum
752 2903 953 2987 «pilumnum,
981 2903 1057 2984 quia
1085 2901 1133 2965 illi
1162 2902 1231 2984 pla·
1256 2916 1259 2999 q
1284 2904 1418 2967 minime
1440 2926 1543 2987 capim
1566 2916 1617 2968 est
1638 2907 1767 2971 animus
1785 2916 1905 2984 noster,
1930 2908 1994 2972 nisi
2018 2918 2097 2975 ante
2119 2909 2262 2973 naturali

255 3012 338 3060 cetu.
624 3049 634 3076 ,
1257 3010 1381 3067 psensu
1411 3001 1594 3055 evaeumus.
1650 2992 1737 3055 Nam
1775 2996 1854 3074 (qua
1893 2996 2047 3059 caecitate
2080 3016 2194 3059 omnes
2226 2995 2262 3058 in

342 3086 370 3141 3.
417 3078 505 3141 Alta
535 3079 714 3141 ‹listirutius
749 3077 828 3140 idem
863 3074 987 3139 Paulus
1015 3075 1093 3155 (itt
1119 3079 1153 3149 2,
1177 3075 1231 3156 ll)
1257 3100 1259 3142 i
1284 3097 1427 3138 amorem
1451 3078 1555 3140 nostri
1577 3077 1718 3158 ruimus)
1747 3077 1806 3142 sibi
1832 3080 1965 3161 quisque
1988 3082 2108 3144 iustam
2129 3102 2262 3145 causam

254 3164 396 3245 sirtpulas
423 3165 503 3228 vitae
524 3164 595 3227 berte
617 3163 799 3242 tortuositas
815 3165 938 3242 partes,
967 3160 1110 3239 qutums
1136 3159 1232 3223 trem-
1257 3152 1259 3229 l
1285 3161 1404 3225 habere
1437 3161 1567 3226 videtur
1600 3185 1635 3227 se
1662 3163 1834 3241 efferendi,
1869 3165 1948 3229 alios
1977 3179 2088 3230 antem
2117 3188 2195 3248 prae
2226 3187 2261 3231 se

254 3255 312 3325 ter,
335 3251 519 3329 eoseqttittuz
554 3249 575 3312 Ι
579 3249 672 3313 llus-it
692 3249 797 3330 prtum
819 3247 883 3311 Ilei
904 3246 1071 3325 salutifero
1091 3245 1233 3308 omuibus
1257 3256 1260 3351 q
1284 3267 1398 3311 omncs
1426 3248 1662 3313 contemnendi.
1706 3247 1744 3314 Si
1766 3250 1842 3330 quid
1872 3251 1907 3314 ιιι
1929 3272 1988 3316 nos
2009 3253 2148 3316 eontulit
2170 3253 2261 3317 Deus

255 3335 440 3411 ltmrtiuilms,
463 3337 609 3400 erraticus
627 3356 683 3399 uos
701 3339 742 3411 ut,
764 3332 907 3415 ableputa
929 3333 1085 3412 impietate
1102 3337 1129 3394 et
1145 3352 1233 3394 mua-
1285 3353 1350 3396 non
1380 3334 1626 3413 poenitendum,
1655 3355 1693 3397 eo
1721 3336 1796 3398 freti
1820 3338 1931 3400 sta-tim
1953 3339 2078 3401 animos
2101 3339 2262 3416 tollimus3

254 3422 349 3487 datiis
364 3422 626 3503 enimepisceutiis.
647 3419 746 3483 sobrie
767 3423 794 3482 et
818 3419 896 3481 iuste
916 3423 944 3481 et
958 3418 1015 3497 pie
1033 3419 1175 3481 uiuamus
1196 3418 1232 3480 io
1284 3438 1344 3481 nec
1385 3426 1514 3482 tantum
1547 3421 1808 3495 internoscimus,
1849 3422 1906 3486 sed
1939 3444 2044 3507 paene
2077 3427 2262 3507 rimipimur

248 3509 410 3588 praesciti
432 3508 566 3584 suendo,
588 3509 792 3585 aspectuum
813 3504 932 3567 beatam
953 3523 1054 3583 mem,
1083 3509 1111 3567 et
1131 3504 1232 3566 mam'-
1284 3502 1444 3585 superbia.
1490 3505 1594 3581 Vitia,
1621 3505 1737 3587 quibus
1760 3506 1977 3579 abundamus.
2005 3519 2038 3572 et
2059 3510 2262 3575 occultamus

252 3592 444 3674 testritiouem
474 3594 592 3676 pieriae
624 3591 731 3673 rmtpui
763 3590 842 3665 Dei,
873 3594 901 3654 et
933 3590 1101 3653 seruatoris
1133 3589 1233 3653 nostri
1284 3589 1397 3653 sedulo
1426 3590 1513 3671 apud
1542 3590 1635 3666 alios,
1670 3601 1704 3655 et
1730 3593 1825 3658 nobis
1851 3594 1930 3674 ipsis
1957 3594 2043 3658 levia
2071 3597 2261 3676 minuteque

255 3677 332 3743 Iesse
355 3679 487 3757 marsa,
500 3683 524 3757 ¹)
553 3678 607 3759 qui
635 3675 719 3740 didit
745 3695 777 3740 se
799 3695 861 3755 pro
882 3674 983 3752 noba,
1010 3681 1045 3738 ut
1071 3675 1233 3738 ralimeret
1284 3697 1355 3739 esse
1376 3677 1531 3759 fingimus
1553 3677 1764 3755 blandiendo,
1794 3679 1860 3741 imo
1887 3679 2052 3743 interdum
2075 3703 2133 3764 pro
2156 3681 2260 3745 virtu-

255 3784 312 3828 ma·
338 3764 377 3828 ut
404 3766 488 3829 oraru
515 3764 693 3844 iniquitate,
726 3766 754 3826 et
780 3761 966 3842 purificaret
991 3761 1051 3826 sibi
1118 3761 1234 3841 pulum
1284 3762 1371 3826 tibus
1388 3761 1581 3826 osculemur.
1621 3761 1775 3839 Eaedem,
1799 3785 1881 3846 quas
1899 3766 1932 3828 in
1950 3767 2043 3830 nobis
2061 3766 2263 3830 admiramur

251 3851 456 3933 pacatiorem,
489 3849 664 3914 studiosum
696 3848 844 3911 benonim
876 3867 1011 3927 opimior.
1092 3853 1233 3927 astquam
1286 3847 1386 3921 dotes,
1410 3849 1494 3910 siin
1518 3848 1589 3912 aliis
1612 3860 1778 3931 apparent,
1802 3850 1855 3914 vel
1877 3852 1978 3915 etiam
2001 3853 2196 3934 superiores,
2218 3875 2262 3916 ne

255 3936 337 4000 mici
366 3936 408 3998 od
435 3956 490 3999 uos
514 3934 705 4000 orrimamias
730 3934 869 4017 qratiam
896 3932 959 3996 Dei
985 3934 1166 4013 proposcit,
1199 3937 1234 3994 ut
1285 3953 1442 4016 cogamur
1469 3933 1532 3997 illis
1560 3934 1690 4011 cedere,
1719 3947 1831 4000 nostra
1857 3937 2061 4021 malignitate
2083 3936 2262 4003 deterimus

255 4020 341 4084 sodis
363 4022 406 4085 ao
424 4020 529 4084 Derim
549 4041 620 4085 uero
640 4019 800 4085 colendum
820 4020 906 4083 mom
927 4023 1050 4093 sternent,
1072 4019 1135 4082 duo
1156 4017 1234 4082 tollit
1286 4040 1324 4083 ae
1345 4021 1525 4102 carpimus;
1552 4022 1579 4084 si
1600 4043 1665 4103 qua
1685 4032 1762 4086 sunt
1783 4023 1878 4099 vitia,
1904 4043 2016 4089 severa
2037 4024 2166 4104 acrique
2190 4026 2262 4087 ani·

255 4106 412 4172 obsecuta
432 4127 510 4187 quae
531 4107 668 4171 omaime
690 4105 876 4186 immitium,
904 4105 1091 4184 impietatem
1111 4104 1233 4182 scilieet,
1285 4104 1512 4169 madversiono
1532 4127 1571 4170 ea
1592 4109 1765 4172 observare
1787 4131 1852 4173 non
1874 4109 2031 4184 contenti,
2058 4107 2168 4173 odiose
2192 4131 2263 4174 am·

255 4192 299 4258 att
330 4212 426 4274 mmm
455 4197 572 4257 uatum
603 4212 714 4258 atmiis
751 4192 886 4255 rtimium
919 4189 1088 4269 practices,
1125 4190 1234 4254 uanae
1285 4190 1476 4273 plifictunus.
1505 4192 1594 4258 Hinc
1614 4193 1872 4271 liniamentis,
1897 4195 2082 4278 utquisque
2101 4203 2263 4271 nostrum,

254 4278 436 4344 micaenas
456 4278 643 4360 cupiditates
669 4297 749 4358 miae
769 4297 802 4341 se
823 4276 945 4358 ioripius
966 4277 1140 4340 utendum.
1184 4275 1234 4340 Ac
1286 4297 1344 4341 ceu
1374 4280 1540 4342 communi
1568 4279 1640 4362 loge
1668 4290 1855 4363 exemptus,
1888 4303 1990 4365 supra
2014 4281 2156 4363 reliquos
2184 4283 2264 4347 velit

253 4363 311 4429 suli
340 4365 497 4445 impiatae
525 4365 652 4446 quittera
680 4383 742 4428 uoa
767 4362 856 4426 morto
884 4362 1117 4442 superstitiones
1143 4367 1233 4442 rtotpt,
1258 4384 1261 4437 ι
1286 4364 1445 4441 eminere,
1478 4366 1643 4430 neminem
1670 4388 1748 4431 vero
1780 4367 1969 4431 mortalium
1996 4389 2063 4433 non
2090 4389 2204 4433 secure
2231 4378 2264 4432 et

253 4451 308 4515 sod
339 4450 563 4531 oornprelretutit
592 4452 686 4515 etiam
718 4448 872 4530 quitquid
896 4453 1021 4530 pupuot
1052 4468 1122 4513 cuia
1153 4451 1234 4513 serio
1258 4444 1262 4519 l
1286 4448 1438 4515 ferociter
1463 4459 1663 4530 contemnat,
1692 4453 1745 4518 vel
1774 4466 1860 4517 certe
1890 4467 2049 4535 tanquam
2078 4455 2264 4519 inferiorem

253 4537 361 4601 umore
382 4534 453 4601 Dei.
499 4535 686 4602 Maeuianae
717 4541 819 4600 auum
848 4533 1033 4613 atpiditates
1054 4534 1234 4598 tantundem
1287 4535 1451 4619 despiciat
1497 4535 1629 4602 Cedunt
1650 4536 1808 4603 divitibus
1828 4560 2002 4621 pauperes,
2031 4540 2149 4622 plebeii
2172 4541 2263 4605 nobi-

252 4622 353 4686 uateut
378 4629 469 4704 atque
497 4625 604 4687 armis
631 4622 768 4703 optemus.
811 4618 865 4683 Ita
886 4639 946 4700 quo
965 4620 1008 4684 ad
1019 4619 1049 4702 ²)
1071 4624 1235 4701 utramque
1286 4622 1385 4698 libus,
1409 4624 1496 4688 servi
1519 4623 1672 4701 dominis,
1696 4625 1834 4689 literatis
1853 4624 1976 4688 indocti
1983 4649 1990 4703 ;
2020 4625 2079 4690 sed
2098 4646 2194 4690 nemo
2213 4636 2264 4690 est

308 4710 329 4743 '·
351 4709 490 4774 tabidam
514 4710 592 4774 iudet
613 4730 670 4773 uos
685 4707 857 4789 proprium
878 4706 1038 4788 inperium
1060 4727 1185 4786 seuere,
1207 4710 1236 4770 et
1287 4709 1344 4791 qui
1374 4731 1439 4773 non
1461 4709 1604 4792 aliquam
1626 4711 1843 4792 praestantiae
1868 4711 2057 4793 opinionem
2078 4713 2166 4776 intus
2187 4711 2263 4775 alat.

295 4815 405 4876 rupere
434 4795 589 4876 quidquid
617 4796 700 4859 rato
721 4798 748 4857 et
769 4792 912 4857 edumas
933 4793 1033 4857 dictat.
1078 4790 1151 4855 Iam
1173 4813 1236 4856 oua
1287 4793 1342 4858 Ita
1368 4796 1489 4878 singuli
1520 4795 1580 4860 sibi
1608 4795 1771 4860 adulando
1799 4817 1939 4879 regnum
1960 4797 2125 4880 quoddam
2146 4807 2265 4882 gerum

253 4898 308 4942 uer
335 4881 416 4942 otae
442 4880 577 4945 actiosus
604 4881 648 4944 ad
670 4881 736 4946 tria
761 4877 897 4944 mora
922 4879 1096 4963 resteiupit,
1122 4879 1235 4945 sobrie·
1288 4881 1323 4944 in
1343 4890 1482 4962 pectore.
1517 4880 1589 4946 Sibi
1609 4882 1697 4945 enim
1721 4891 1913 4964 arrogantes
1934 4904 1999 4965 quc
2021 4884 2083 4949 sibi
2105 4884 2263 4966 placeant,

1289 4965 1329 5030 de
1353 4966 1492 5032 aliorum
1512 4967 1652 5050 ingeniis
1674 4974 1708 5032 et
1729 4968 1874 5034 moribus
1896 4991 2068 5035 censuram
2090 4980 2209 5054 agunt:
2237 4970 2264 5032 si

1288 5071 1367 5116 varo
1395 5053 1438 5117 ad
1464 5052 1707 5118 contentionem
1728 5061 1866 5118 ventum
1885 5055 1998 5133 fuerit,
2028 5055 2095 5120 illic
2124 5078 2144 5120 e
2239 5056 2266 5118 it

325 5162 353 5241 1)
367 5163 424 5241 ¹su
446 5168 590 5229 (muco
610 5174 672 5233 pur
696 5184 749 5220 ιω,
775 5168 823 5219 ou
853 5171 957 5235 puto)
976 5171 1149 5239 seuque
1172 5172 1237 5225 toa
1287 5158 1461 5202 vencnum
1502 5136 1589 5200 Nam
1608 5137 1704 5201 multi
1727 5158 1805 5236 ⁸⁸¹¹?
1827 5140 2020 5205 nonnullam
2040 5077 2266 5240 mffiffi'*

254 5235 342 5284 noun
360 5233 422 5286 inae
439 5250 465 5286 a
486 5232 560 5287 teos.
630 5233 1166 5308 itaqu:qumu.aocc1uqnonu
1287 5243 1365 5288 nem
1386 5244 1465 5305 prae
1486 5243 1521 5286 se
1542 5222 1654 5288 terunt
1673 5224 1830 5307 quamdiu
1847 5225 1969 5292 blanda
1988 5246 2100 5293 omma
2124 5237 2159 5294 et
2176 5249 2266 5293 ama·
