4672 5842
234 296 297 359 aer
881 241 1148 383 marmeno
1170 288 1277 356 ann.
1300 286 1481 356 ounmr.
1507 293 1599 354 reso.
2186 295 2250 358 ree

228 481 344 567 regula
365 479 474 566 (cuius
496 477 685 543 rectitudini
707 477 876 563 ingenium
893 490 1051 554 uestrum
1075 484 1112 540 ut
1132 498 1208 559 pra-
1235 478 1239 565 l
1269 478 1305 542 in
1323 478 1427 543 nostri
1444 478 1548 561 patris
1565 477 1765 560 obsequium,
1787 499 1856 544 non
1878 487 1929 543 est
1945 499 2004 543 cur
2020 476 2248 545 nenessitatem

229 589 309 636 vum
331 574 380 630 est
402 573 435 630 et
452 572 646 641 contortum,
669 571 826 646 perpetuo
845 561 1047 639 adversatur,
1070 571 1104 627 et
1123 563 1209 628 infra
1268 585 1328 646 pro
1349 563 1535 630 defensione
1557 585 1736 641 causemur,
1759 565 1853 629 euius
1874 565 2000 629 malum
2022 576 2055 630 et
2076 565 2166 629 intra
2187 586 2247 631 uos

229 655 323 720 ouius
344 652 576 734 perfectionem
597 650 737 716 faeiiltas
759 658 886 723 nostra,
915 658 952 711 ut
974 648 1136 714 imbecilla
1158 660 1208 714 est
1268 658 1318 714 est
1340 658 1372 714 et
1394 648 1487 713 nobis
1508 649 1748 732 imputandum.

228 746 263 805 et
279 738 321 803 ad
339 738 463 801 bonum
481 746 646 813 enervata,
666 734 778 817 procul
795 733 893 816 iacet)
906 741 977 797 tum
1000 735 1208 816 impotentiae
1283 786 1287 801 .
1356 739 1383 798 3.
1428 735 1495 801 Ubi
1525 735 1590 800 huc
1618 757 1720 818 usque
1748 758 1807 819 per
1829 736 1912 819 legis
1934 736 2118 802 doctrinam
2138 737 2246 819 profe-

228 846 302 899 nos‚
331 832 401 887 tum
430 822 608 886 iniustitiae
637 822 755 904 arguit.
800 820 905 884 Porro
928 819 1009 885 haec
1031 821 1103 903 ipsa
1126 842 1208 903 quae
1268 822 1422 898 commus,
1453 829 1524 884 tum
1553 821 1594 885 ad
1615 842 1691 899 nos,
1724 822 1839 886 eadem
1869 822 2020 900 docente,
2050 821 2246 888 descendere

198 918 212 932 ⁶
227 932 271 975 ex
301 908 425 973 duobus
463 908 580 972 tobalia
617 905 769 975 discenda
783 906 806 989 ¹)
840 916 930 981 sunt,
971 906 1207 988 quodammodo
1267 913 1410 989 oportet,
1441 906 1527 972 unde
1550 906 1684 972 tandem
1706 907 1772 971 duo
1794 909 1989 973 referamus:
2014 907 2172 989 primum,
2196 908 2247 972 iu·

227 996 324 1061 nobis
346 994 447 1059 dictat
468 993 522 1057 lex
545 993 638 1075 illa2)
661 993 812 1069 interior,
841 1013 940 1073 quam
962 993 1109 1056 omnium
1137 1014 1207 1057 cor·
1266 992 1392 1057 sunam
1408 992 1491 1076 legis
1513 1014 1587 1057 oum
1604 993 1674 1059 vita
1691 1000 1803 1059 nestra
1821 992 2049 1076 comparando,
2072 993 2169 1077 longe
2187 994 2246 1059 ab·

229 1081 325 1147 dibus
354 1081 546 1161 inscriptam
573 1090 607 1142 et
633 1079 725 1160 quasi
747 1079 941 1160 impressam
963 1079 1113 1160 superius
1141 1078 1208 1144 dic·
1266 1099 1337 1143 esse
1360 1078 1440 1160 quin
1462 1079 1526 1143 Dei
1547 1078 1709 1144 voluntati
1732 1078 2001 1162 respondeamus,
2030 1077 2167 1162 ideoque
2192 1080 2246 1145 in·

228 1174 301 1232 tum
323 1176 382 1230 est
427 1166 504 1229 Non
529 1165 616 1228 enim
642 1165 720 1228 sinit
747 1185 806 1228 nos
833 1171 1028 1245 perpetuum
1057 1185 1209 1228 somnum
1266 1162 1383 1247 dignos
1412 1185 1496 1242 esse,
1530 1165 1585 1246 qui
1613 1164 1720 1230 locum
1748 1175 1898 1229 nostrum
1927 1166 2128 1231 retineamus
2155 1165 2246 1230 inter

230 1253 302 1317 sine
330 1274 430 1316 sensu
457 1250 598 1314 dormire
627 1259 740 1313 nostra
768 1249 980 1327 conscientia,
1015 1251 1094 1331 quin
1120 1250 1208 1315 intus
1265 1249 1336 1314 eius
1354 1261 1530 1329 creaturas,
1553 1249 1675 1314 nedum
1692 1251 1779 1314 inter
1795 1251 1879 1316 filios
1897 1270 2102 1329 censeamur3
2125 1249 2245 1316 deinde

230 1339 326 1403 testis
360 1339 403 1401 sit
436 1358 473 1401 ac
504 1337 659 1409 monitrix
691 1357 804 1400 eorum
836 1357 918 1417 quae
945 1337 1017 1401 Dee
1043 1335 1208 1414 debemus,
1265 1335 1353 1400 vires
1376 1343 1504 1400 nostras
1526 1335 1723 1418 reputando,
1753 1334 1981 1419 adimplendae
2003 1336 2070 1420 legi
2091 1357 2159 1400 uon
2182 1338 2243 1401 im·

231 1424 310 1507 quin
337 1422 414 1487 boni
441 1437 474 1486 et
503 1421 580 1485 mali
610 1420 787 1486 discrimen
815 1421 909 1487 nobis
937 1421 1082 1499 obiiciat,
1112 1432 1209 1505 atque
1264 1442 1360 1503 paros
1382 1421 1478 1485 modo
1502 1443 1557 1486 eas
1578 1443 1658 1500 esse,
1681 1421 1737 1487 sed
1759 1443 1894 1505 prorsus
1915 1422 2032 1487 nullas
2072 1421 2162 1487 Hinc
2184 1444 2244 1489 ne·

231 1509 279 1574 ita
299 1530 359 1573 nos
381 1517 510 1573 accuset
527 1507 606 1571 dum
629 1507 669 1572 ab
692 1508 797 1572 officio
820 1506 1024 1573 discedimus.
1071 1508 1207 1587 Verum,
1262 1507 1404 1571 cessario
1434 1508 1583 1589 sequitur
1609 1516 1680 1572 tum
1708 1509 1858 1591 propriae
1884 1508 2017 1573 virtutis
2050 1505 2241 1588 diffidentia,

231 1615 296 1677 qua
316 1615 463 1658 errorum
485 1592 625 1677 caligine
636 1594 808 1658 obvolutus
830 1600 880 1658 est
893 1592 999 1672 homo,
1021 1615 1080 1676 per
1101 1594 1209 1677 legem
1260 1604 1332 1657 tum
1360 1592 1463 1657 animi
1491 1593 1640 1658 anxietas
1658 1602 1696 1658 ¹et
1719 1594 1899 1676 trepidatio.
1944 1594 2058 1675 Neque
2079 1593 2169 1658 enim
2178 1594 2243 1659 ini·

229 1679 321 1745 illam
343 1679 526 1743 natrualem
548 1681 606 1743 vix
629 1679 774 1743 tenuiter
797 1679 950 1761 degustat
972 1680 1044 1761 quis
1062 1681 1134 1744 Deo
1153 1703 1206 1746 ac·
1259 1680 1392 1760 quitatis
1421 1678 1549 1760 pondus
1578 1680 1748 1744 ‚sustinere
1778 1687 1888 1763 petest
1917 1679 2130 1757 conscientia,
2159 1680 2241 1762 quin

230 1774 343 1848 ceptus
365 1766 408 1829 sit
429 1764 537 1830 cultus
544 1789 552 1843 ;
581 1776 669 1830 certe
692 1787 712 1828 a
733 1774 822 1829 recta
844 1767 915 1828 aius
938 1767 1062 1830 ratione
1085 1765 1207 1848 longis·
1261 1785 1338 1829 mon
1371 1765 1435 1828 Dei
1468 1763 1623 1829 iudicium
1655 1766 1854 1832 obversetur.
1905 1763 2031 1830 Sentiri
2063 1785 2143 1830 vero
2175 1765 2242 1832 Dei

229 1852 312 1918 simo
339 1851 513 1915 intervallo
541 1850 647 1916 distat.
693 1851 747 1914 Ad
776 1851 837 1916 hoc
866 1852 1054 1933 arrogantia
1077 1859 1110 1916 et
1139 1872 1208 1916 am-
1260 1850 1416 1915 iudicium
1436 1872 1503 1914 non
1530 1859 1638 1933 potest
1661 1853 1739 1933 quin
1761 1852 1875 1939 mortis
1900 1850 2069 1916 horrorem
2090 1850 2240 1917 incutiat.

229 1938 353 2004 bitione
382 1938 428 2002 sie
450 1936 617 2020 turgidus,
649 1938 764 2018 suique
791 1958 901 2002 amore
930 1945 1121 2002 excaecatus
1148 1948 1206 2016 est,
1261 1932 1422 2001 Similiter
1443 1937 1653 2018 impotentiae
1675 1937 1876 2002 documentis
1898 1944 2023 2015 coacta,
2053 1937 2160 2002 acere
2179 1959 2238 2003 ne-

229 2032 268 2089 ut
290 2045 325 2086 se
347 2023 530 2105 prospicere
553 2022 699 2087 nondum
721 2038 833 2105 queat,
858 2032 892 2088 et
919 2023 1065 2088 velutin
1094 2045 1129 2088 se
1151 2024 1207 2088 dc-
1259 2022 1329 2103 quit
1373 2021 1429 2085 uin
1452 2022 1602 2108 protinus
1623 2023 1659 2086 in
1681 2024 1802 2088 virium
1820 2043 1955 2087 suarum
1977 2021 2239 2105 desperationem

230 2108 401 2185 scandere,
436 2129 500 2190 quo
530 2107 721 2173 submittere
751 2131 785 2173 se
795 2109 823 2192 ⁸)
852 2131 890 2175 ac
922 2108 1060 2174 deiicere
1093 2109 1197 2175 diseat
1259 2044 1417 2173 concidat
1460 2107 1608 2190 Utraque
1636 2108 1763 2173 affectio
1785 2108 2006 2175 humilitatem
2028 2130 2067 2175 ac
2089 2108 2239 2174 deiectio-

230 2214 387 2277 auamque
409 2195 574 2259 miseriam
593 2195 697 2258 fateri.
725 2195 871 2260 Proinde
893 2195 993 2279 (quod
1015 2207 1086 2259 trmr
1108 2195 1206 2261 hebo
1259 2214 1336 2257 nem
1369 2201 1512 2277 generat
1565 2194 1618 2258 Ita
1649 2197 1688 2258 fit
1709 2195 1842 2259 demum
1875 2203 1912 2258 ut
1945 2193 2050 2271 home,
2084 2204 2239 2260 aeternae

230 2281 338 2345 tridini
367 2288 438 2344 tum
465 2281 686 2345 contumaciae
713 2291 843 2346 nostrae
872 2281 1092 2346 necessarium
1120 2282 1206 2366 erat.)
1259 2279 1374 2343 mortis
1401 2279 1514 2362 (quam
1542 2280 1720 2345 iniustitiae
1742 2301 1821 2346 suae
1842 2281 1959 2345 merito
1982 2280 2044 2347 sibi
2066 2280 2238 2346 imminere

229 2366 392 2432 Dominus
431 2366 537 2449 legem
573 2368 730 2449 scriptam
761 2365 853 2432 nobis
885 2369 1011 2450 poenit:
1052 2388 1135 2449 quae
1173 2376 1207 2432 et
1258 2363 1363 2448 videt)
1386 2385 1485 2429 sensu
1506 2367 1766 2448 perterrefactus,
1790 2366 1950 2431 adunam
1967 2366 2032 2430 Dei
2054 2367 2238 2432 misericor-

228 2452 351 2520 oertius
366 2446 606 2516 'testificaretur
644 2452 730 2535 quod
768 2454 803 2516 in
837 2452 909 2536 lege
937 2453 1080 2517 natmali
1108 2455 1206 2519 nimis
1258 2449 1355 2527 diam,
1379 2460 1536 2532 tanquam
1558 2450 1601 2516 ad
1618 2451 1752 2517 unicum
1775 2452 1889 2517 salutis
1908 2459 2049 2534 portum,
2072 2472 2144 2518 sese
2161 2474 2238 2518 con·

229 2538 403 2603 obseuruni
431 2546 516 2611 erat,
546 2546 578 2602 et
606 2548 750 2604 mentem
771 2540 1026 2621 memoriamque
1050 2554 1204 2618 nostram,
1258 2543 1378 2615 vertat3
1408 2544 1445 2599 ut
1472 2558 1550 2601 suae
1579 2557 1646 2602 non
1672 2559 1743 2603 csse
1764 2538 1930 2602 facultatis
1958 2537 2103 2603 sentiens
2131 2537 2237 2603 exsol-

229 2645 366 2690 exeusso
388 2634 526 2706 torpore,
549 2624 693 2689 vividius
714 2625 835 2689 feriret
1260 2643 1337 2686 vere
1358 2621 1444 2705 quod
1464 2622 1531 2705 legi
1553 2621 1662 2703 debet,
1684 2625 1720 2687 in
1742 2645 1777 2689 se
1799 2624 1869 2706 ipso
1892 2621 2170 2706 desperabundus,
2194 2623 2237 2688 ad

317 2713 345 2773 2.
399 2709 496 2775 Nunc
528 2720 715 2794 promptum
753 2719 803 2776 est
839 2710 1021 2794 intelligere
1054 2711 1132 2792 quid
1164 2733 1206 2776 ex
1258 2729 1352 2790 opem
1380 2707 1511 2773 aliunde
1533 2708 1731 2792 poscendam
1758 2719 1792 2775 et
1812 2707 2066 2791 exspectandam
2087 2709 2234 2791 respiret.

228 2794 301 2880 lege
324 2795 513 2860 discendum
535 2797 593 2868 sit,
616 2818 733 2879 nempe
754 2798 880 2875 Deum,
905 2798 989 2862 sicut
1011 2805 1138 2861 creator
1156 2810 1207 2862 est
1343 2797 1373 2857 4.
1418 2791 1594 2859 Sedenim
1616 2815 1683 2859 non
1711 2802 1883 2860 contentus
1904 2795 2070 2861 Dominus
2092 2794 2238 2861 iustitiae

228 2888 350 2958 noster,
373 2882 419 2944 ita
441 2882 511 2945 iure
532 2881 641 2946 lecum
662 2883 764 2964 patris
779 2882 949 2947 etdomini
971 2904 1049 2966 erga
1070 2904 1129 2947 nos
1149 2883 1205 2947 ob
1257 2900 1336 2945 suae
1356 2879 1576 2945 reverentiam
1595 2879 1800 2960 conciliasse,
1822 2903 1886 2964 quo
1907 2882 2007 2945 etiam
2024 2882 2094 2948 eius
2116 2901 2237 2961 amore,

229 2968 352 3045 tinere3'
377 2966 440 3030 hac
462 2967 588 3033 ratione
610 2967 762 3049 gloriam,
791 2968 1023 3046 reverentiam,
1052 2989 1205 3046 amorem,
1257 2964 1356 3030 mmul
1391 2975 1424 3030 et
1458 2966 1640 3048 iniquitatis
1674 2966 1761 3045 odio,
1794 2967 1893 3032 eorda
1924 2974 2037 3033 nostra
2064 2968 2236 3046 imbueret,

230 3052 382 3116 timorem
408 3051 456 3114 illi
484 3075 504 3116 a
531 3053 624 3118 nobis
651 3052 769 3120 deberi
815 3052 906 3134 Quin
933 3055 1032 3119 otiam
1059 3076 1118 3119 uos
1140 3076 1206 3119 non
1260 3052 1491 3133 promissiones
1519 3073 1557 3118 ae
1584 3053 1691 3117 minas
1713 3053 1892 3119 subiunxit
1938 3050 2025 3133 Quia
2048 3054 2136 3117 enim
2164 3074 2237 3117 ma·

228 3157 300 3201 esse
319 3137 424 3200 nostri
441 3136 531 3215 iuris,
550 3146 587 3203 ut
604 3159 796 3222 quocunque
814 3140 916 3204 animi
940 3138 1040 3204 libido
1062 3141 1207 3204 incitarit
1259 3136 1311 3220 gis
1333 3137 1453 3221 caligat
1473 3139 1594 3203 mentis
1611 3146 1743 3203 nostrae
1765 3139 1878 3204 oculus
1896 3159 1994 3221 quam
2016 3150 2053 3202 ut
2071 3137 2141 3203 sola
2157 3138 2237 3204 boni

229 3242 422 3374 segigamm
450 3221 509 3287 sed
536 3225 577 3289 ab
604 3226 674 3290 eius
700 3234 785 3289 nutu
814 3247 988 3308 suspensos
1016 3227 1052 3291 in
1079 3247 1117 3290 eo
1139 3226 1206 3290 solo
1258 3221 1503 3306 pulchritudine
1521 3224 1692 3303 afficiatur,
1714 3225 1970 3290 mitissimus
1984 3229 2079 3306 poter
2094 3245 2154 3307 pro
2177 3246 2238 3290 sua

168 3324 172 3333 ·
230 3306 271 3374 de
312 3328 348 3372 re
376 3308 554 3374 consistere
580 3309 667 3392 quod
694 3312 724 3375 ei
750 3312 917 3394 placuerit
962 3310 1091 3376 Deinde
1112 3312 1206 3375 iusti·
1258 3307 1465 3392 indulgentia
1487 3330 1546 3375 nes
1568 3309 1611 3376 ad
1631 3311 1739 3393 ipsum
1762 3310 1943 3376 amandum
1964 3320 1999 3375 et
2015 3309 2239 3393 expetendum

228 3394 311 3459 tiam
329 3412 366 3458 ae
384 3395 613 3461 rectitudinem
630 3397 676 3460 illi
696 3397 785 3462 cordi
803 3420 882 3476 esse,
901 3397 1112 3479 iniquitatem
1130 3420 1207 3463 vero
1258 3393 1404 3461 illectare
1433 3397 1653 3477 praemiorum
1681 3395 1854 3462 dulcedine
1887 3396 2000 3462 voluit
2051 3396 2239 3462 Denuntiat

229 3479 478 3544 abominationi:
504 3479 647 3564 ideoque,
669 3483 733 3547 nisi
751 3484 889 3548 velimus
910 3484 1012 3565 impia
1032 3484 1207 3567 ingratitu-
1258 3500 1337 3565 ergo
1365 3482 1509 3563 reposita
1529 3482 1709 3549 vimutibus
1731 3481 1820 3564 apud
1841 3505 1876 3548 se
1893 3483 2055 3567 praemia;
2083 3504 2145 3549 nec
2162 3505 2238 3566 epe-

229 3564 307 3629 dine
334 3586 354 3628 a
380 3563 546 3630 conditore
568 3577 680 3634 nostro
703 3569 849 3648 deficere,
871 3569 1031 3634 iustitiam
1054 3576 1122 3634 tota
1138 3570 1208 3636 vita
1259 3586 1330 3630 ram
1356 3566 1480 3632 himba
1508 3577 1716 3650 srmrpturum
1745 3569 1802 3651 qui
1828 3570 2011 3652 praeceptis
2039 3570 2109 3634 suis
2137 3569 2237 3635 fuerit

228 3649 324 3716 nobis
353 3672 423 3714 esse
451 3655 633 3718 necessario
660 3655 838 3720 colendam.
889 3655 976 3720 Nam
1003 3657 1031 3720 si
1058 3663 1129 3720 tum
1156 3655 1207 3719 illi
1258 3650 1466 3734 obsequutus
1515 3652 1625 3719 Edicit
1659 3677 1701 3718 ex
1730 3654 1880 3735 adverso,
1915 3676 1981 3719 non
2007 3663 2139 3727 tantum
2165 3676 2236 3720 esse

230 3736 364 3802 demum
394 3737 588 3803 exhibemus
620 3761 719 3822 quam
751 3740 844 3806 decet
865 3742 1094 3816 reverentiam,
1127 3740 1208 3807 dum
1257 3737 1492 3804 exsecrabilem
1513 3740 1575 3804 sibi
1592 3740 1802 3817 iniustitiam,
1837 3740 1894 3805 sed
1916 3762 1976 3806 nec
1994 3741 2131 3824 impune
2158 3761 2235 3805 eva·

228 3821 433 3888 voluntatem
460 3823 530 3888 eius
558 3838 689 3891 nostrae
711 3828 940 3909 praeferimus,
969 3827 1117 3910 sequitur
1138 3848 1206 3892 non
1258 3844 1385 3903 suram;
1413 3822 1498 3906 qued
1520 3826 1589 3907 ipse
1611 3834 1816 3909 contemptae
1845 3849 1923 3891 suae
1945 3828 2126 3892 maiestatis
2146 3825 2235 3890 ultor

229 3907 331 3973 alium
354 3928 425 3972 esse
452 3908 636 3993 legitimum
665 3914 735 3978 eius
763 3913 904 3990 cultum,
933 3934 1031 3996 quam
1053 3913 1204 3992 iustitiae,
1260 3910 1461 3993 sitluturus.
1506 3912 1556 3975 Ae
1574 3932 1638 3992 quo
1655 3911 1760 3976 modis
1778 3913 1929 3978 omnibus
1946 3914 2144 3991 cohortetur,
2166 3926 2236 3977 tam

229 3993 426 4069 sanctitatis,
460 3998 610 4077 puritatis
641 3997 909 4064 observationem.
953 3999 1022 4064 Nec
1054 4009 1205 4080 praeterr·
1230 4028 1233 4093 Ι
1260 3996 1350 4061 vitae
1370 3998 1551 4079 praesentis
1572 3997 1823 4077 benedictiones,
1847 4020 1946 4081 quam
1968 4010 2138 4064 aeternam
2159 3998 2236 4065 bea-

230 4077 307 4144 dere
324 4080 570 4146 exeusationem
582 4084 667 4162 licet,
686 4083 772 4167 qued
781 4084 920 4149 facultas
932 4084 1031 4163 desit,
1050 4092 1093 4162 et,
1115 4084 1207 4148 velut
1258 4080 1432 4146 titudinem
1454 4082 1626 4165 pollicetur
1644 4104 1757 4148 eorum
1775 4084 1979 4149 obedientiae
2001 4086 2058 4167 qui
2079 4080 2237 4151 mandor·

228 4163 383 4230 exhausti
405 4163 580 4249 debitores,
604 4171 758 4237 solvendo
782 4193 849 4236 non
871 4171 982 4235 simus.
1023 4171 1099 4235 Non
1118 4171 1206 4234 enim
1257 4190 1319 4234 sua
1340 4169 1559 4248 servaverint;
1587 4171 1882 4254 transgressoribus
1911 4192 1977 4234 non
2006 4171 2118 4236 minus
2139 4190 2234 4254 prae-

229 4251 384 4316 convenit
406 4257 444 4314 ut
465 4253 530 4319 Dei
552 4256 689 4340 gloriam
714 4258 891 4322 metiamur
909 4279 952 4320 ex
969 4264 1083 4320 nostra
1104 4255 1205 4321 facul·
1257 4264 1367 4319 sentes
1384 4253 1593 4333 calamitates,
1611 4276 1709 4337 quam
1727 4264 1878 4321 aeternae
1899 4256 2016 4322 mortis
2034 4257 2235 4340 supplicium

228 4345 310 4416 tate;
339 4337 581 4424 qualescunque
608 4345 696 4408 enim
724 4345 841 4422 simus,
868 4352 981 4407 manet
1006 4341 1062 4406 ille
1088 4342 1139 4405 sui
1161 4341 1205 4407 si·
1256 4341 1411 4405 minatur.
1440 4339 1503 4405 Illa
1516 4341 1603 4405 enim
1621 4342 1792 4425 promissio
1802 4342 1898 4428 (Lev.
1915 4347 1963 4421 18,
1976 4342 2025 4426 5):
2048 4343 2107 4425 qui
2120 4343 2236 4409 fecerit

227 4423 317 4488 milis
345 4443 489 4505 semper,
516 4428 642 4492 amicus
668 4431 826 4507 iustitiae,
856 4428 1020 4511 iniquitati
1047 4428 1203 4493 inferrem.
1257 4425 1346 4504 haec,
1369 4427 1460 4491 vivet
1481 4428 1516 4490 in
1538 4427 1617 4507 illis;
1639 4431 1719 4493 item
1731 4429 1940 4494 comminatio
1961 4428 2011 4492 illi
2032 4426 2234 4513 respondens

228 4505 399 4592 Quidquid
422 4531 442 4573 a
462 4514 555 4579 nobis
577 4517 689 4599 exigat
716 4515 897 4597 (quianon
918 4522 1027 4595 potest
1048 4514 1113 4579 nisi
1134 4535 1204 4580 rec·
1256 4512 1468 4597 (En.18,20):
1486 4514 1691 4596 animaquae
1701 4515 1894 4598 peccaverit,
1912 4515 1985 4598 ipsa
1995 4516 2169 4593 morietur;
2192 4513 2235 4578 ad

228 4600 309 4691 term·
320 4593 478 4680 exigere),
501 4620 543 4664 ex
562 4610 701 4666 naturae
718 4600 914 4684 obligatione
932 4599 1130 4682 obsequendi
1146 4622 1205 4666 ne-
1228 4588 1232 4719 Ι
1255 4600 1400 4664 futuram
1421 4599 1535 4682 procul
1548 4599 1646 4666 dubie
1662 4612 1696 4665 et
1714 4621 1883 4683 nunquam
1903 4600 2084 4666 finiendam
2101 4600 2154 4666 vel
2169 4602 2232 4663 im-

228 4688 363 4779 cessrtas
384 4703 445 4778 nos
466 4702 592 4766 manet;
622 4687 707 4769 quod
730 4696 840 4751 autem
867 4708 935 4750 non
955 4707 1143 4769 possumus,
1171 4685 1205 4750 id
1228 4730 1231 4807 p
1255 4684 1489 4750 mortalitatem
1511 4687 1565 4752 vel
1581 4694 1721 4750 mortem
1739 4695 1897 4769 spectant.
1938 4686 2136 4770 Quanquam
2158 4684 2231 4749 ubi-

228 4776 302 4829 vltu
323 4774 430 4829 nostrl
450 4783 508 4836 est.
553 4776 586 4838 A
607 4775 740 4856 propria
760 4774 848 4838 enim
870 4771 1059 4854 cupiditate,
1083 4773 1118 4835 in
1140 4793 1205 4854 qua
1228 4816 1231 4851 ,
1256 4791 1384 4854 cunque
1404 4779 1679 4837 commemoratur
1697 4771 1923 4838 benevolentia
1938 4784 1997 4837 aut
2014 4772 2146 4847 iraDei,
2169 4770 2230 4834 sub

228 4859 399 4930 peccatum
420 4865 545 4938 regnat,
567 4860 596 4925 si
617 4861 719 4926 vineti
740 4867 900 4935 tenemur,
923 4880 965 4924 ne
983 4857 1081 4924 soluti
1101 4860 1204 4923 simus
1255 4856 1313 4922 illa
1345 4858 1524 4923 aeternitas
1555 4857 1657 4934 vitae,
1697 4857 1757 4922 sub
1792 4857 1854 4923 hac
1888 4870 2060 4924 aeternum
2093 4857 2232 4923 critiam

1254 4945 1451 5095 inddlddieiim
1501 4942 1731 5090 Prlaesenhum
1744 4952 1872 5092 lcautem
1884 4943 2166 5095 tlblanedictionum
2176 4965 2231 5095 ἔα

1376 5049 1521 5095 conum
1555 5048 1884 5113 ongusmegeca
1931 5052 2175 5115 ogusreoense
2215 5053 2232 5094 r

227 5079 1025 5217 mliaasmdoei‘ffiiiihiidid⁸1itlece⁰⁷1cslvii4i3>
1043 5080 1203 5219 fflziffl
1257 5115 1353 5199 (Lev.
1367 5119 1417 5191 26,
1436 5120 1455 5175 4
1475 5120 1576 5193 seqq13
1599 5112 1697 5176 Dent
1710 5117 1760 5192 28,
1783 5119 1797 5177 l
1818 5114 1929 5200 seqq).
1962 5118 2073 5199 Atque
2087 5117 2123 5181 in
2136 5137 2230 5183 sanc·

227 5216 585 5289 coenomanensis
606 5216 693 5286 1654).
1227 5202 1397 5267 »tionibus
1421 5196 1551 5281 quidem
1580 5218 1710 5264 summa
1736 5200 1800 5266 Dei
1827 5203 1969 5284 puritas,
2001 5224 2084 5285 quae
2110 5204 2230 5286 iniqui.
