4672 5842
225 295 290 356 179
813 352 817 363 ,
874 279 1142 348 mamertum
1164 281 1267 346 REL.
1291 278 1472 346 CHRIS'P.
1496 283 1587 345 1559.
2180 282 2245 344 180

233 479 390 560 dudleacrit
407 477 450 541 ad
470 473 676 538 mendacium.
704 469 749 535 Et
765 477 854 549 certe,
878 474 1042 552 contemplo
1060 469 1125 534 Dei
1146 492 1213 535 cer·
1268 470 1355 551 Quae
1376 471 1499 534 uiddur
1517 470 1621 551 fuisse
1638 469 1721 534 ratio
1743 468 1962 534 adustismnis
1984 467 2126 532 emtesiae
2147 469 2246 533 docto·

234 566 284 644 bo,
318 563 470 629 excutitur
488 560 598 625 omnis
625 559 694 621 eins
721 559 908 635 reuerentia;
936 559 1013 638 quia
1040 577 1093 620 nec
1120 557 1214 620 aliter
1264 555 1362 633 ribus,
1397 576 1453 620 cnr
1481 557 1606 620 obscure
1638 560 1758 620 tantum
1784 555 2030 636 perstrinperent
2060 553 2115 618 boc
2136 559 2245 634 caput,-

234 652 374 718 censistit
400 651 469 713 eius
500 646 649 709 maiestas
676 644 757 706 inter
783 663 857 721 nos,
887 663 941 708 nec
968 645 1085 726 indeper
1111 647 1214 706 manet
1265 643 1374 706 saltem
1394 644 1503 706 neinus
1524 641 1661 706 diluenda
1681 662 1776 722 quam
1790 662 1855 722 par
1875 644 1942 704 erat
1958 640 2156 721 explicarent.
2182 639 2245 704 Nc-

233 739 303 803 eius
325 736 434 813 cultas,
456 733 520 796 nisi
543 732 617 794 dcem
638 729 677 792 ab
698 731 767 793 eius
782 730 954 810 pendemus
979 750 1038 793 ore.
1074 728 1213 793 Proinde
1265 748 1323 808 que
1345 734 1448 791 tamen
1469 727 1543 792 leaeo
1563 728 1720 791 timiditas
1741 727 1859 808 efficere
1881 726 1984 807 potuit
2006 728 2084 807 quin
2105 731 2246 809 surperd

233 823 403 904 infidelitas
425 819 521 883 radic
542 816 721 897 desectionis
741 815 814 895 fuit.
858 814 943 879 Hinc
965 820 1068 878 numm
1089 816 1213 879 enimsit
1268 813 1432 896 Pelopiae,
1471 815 1563 878 cuins
1588 813 1763 895 prafarmm
1794 816 1993 878 commentum
2024 812 2103 892 fuit:
2135 812 2246 876 Adam

233 909 376 981 ambitio,
406 912 433 968 et
459 903 616 983 superbia,
639 901 752 982 auibus
773 921 900 965 cunero
919 902 985 982 tuit
1011 901 1212 984 inprotitudo,
1264 920 1321 964 300
1353 904 1472 963 tantum
1501 899 1616 964 damno
1636 920 1793 979 peccasse,
1820 898 1902 962 nilcil
1933 900 2074 962 nocuisse
2099 901 2245 979 posterna.

233 995 315 1077 quod
332 993 449 1069 Adam,
466 990 545 1073 plus
562 987 838 1067 appetendocuam
855 1007 1028 1052 concessum
1047 993 1121 1064 erat,
1145 992 1213 1050 tare
1265 986 1336 1050 Hac
1359 985 1472 1050 salient
1499 987 1617 1049 0350510
1638 991 1731 1050 satan
1758 985 1900 1050 morbum
1927 985 2052 1066 teperndo
2085 983 2245 1050 incurabi·

233 1086 299 1144 tam
321 1079 385 1143 Dei
409 1074 622 1140 liberalitatem
643 1093 706 1152 oua
729 1073 848 1138 ditatus
877 1079 957 1149 erat,
980 1073 1108 1155 indipne
1128 1093 1213 1152 sprc-
1264 1071 1324 1136 lem
1355 1071 1483 1137 reddere
1522 1074 1657 1136 tentant.
1711 1071 1871 1137 Coetencm
1905 1091 2008 1152 quum
2038 1071 2244 1135 evinceretur

233 1168 286 1231 uit.
338 1164 425 1227 Haec
453 1182 522 1225 cera
544 1159 729 1241 prodiciam
756 1160 820 1240 fuit
842 1160 1002 1239 impietas,
1025 1164 1126 1222 terrae
1145 1157 1213 1238 filio
1264 1158 1437 1222 manifesto
1460 1159 1641 1240 scripturae
1670 1158 1869 1234 testimonio,
1898 1165 2069 1240 peecatum
2091 1178 2111 1220 a
2136 1156 2244 1238 primo

228 1271 349 1333 perum
370 1249 470 1313 videri
492 1247 573 1329 quod
594 1246 636 1308 ad
657 1244 897 1309 similitudinem
919 1244 982 1308 Dei
1002 1246 1106 1326 fadus
1126 1247 1211 1320 essct,
1265 1244 1397 1308 homine
1425 1245 1594 1309 transiisse
1621 1244 1656 1308 in
1678 1252 1782 1307 totam
1800 1243 2043 1326 posteritatem,
2067 1242 2244 1307 cavillaba-

234 1338 300 1400 nisi
322 1335 443 1400 accedat
465 1331 647 1413 aequalitas.
695 1330 732 1393 st
751 1331 877 1412 tondum
899 1336 926 1394 et
947 1329 1132 1394 exsecrabile
1153 1349 1213 1393 sec·
1264 1339 1320 1393 tur
1351 1330 1522 1395 transiisse
1554 1352 1613 1412 per
1645 1330 1878 1404 imitationem,
1918 1349 1984 1392 non
2019 1329 2242 1412 propaginem.

234 1422 285 1487 lus
307 1427 350 1485 est
371 1420 546 1500 apostasia,
569 1437 632 1496 000
650 1437 682 1480 30
704 1415 790 1480 borno
818 1417 986 1481 emiditoris
1007 1417 1059 1480 sui
1081 1416 1212 1495 imperio
1264 1418 1354 1498 Ergo
1383 1416 1470 1501 boni
1486 1417 1551 1482 viri
1578 1418 1612 1480 in
1641 1416 1703 1481 hoe
1738 1414 1950 1479 elaborarunt
1985 1414 2038 1496 (00
2069 1435 2149 1496 prae
2171 1415 2244 1479 aliis

234 1507 391 1584 subducit,
420 1507 482 1568 imo
504 1502 682 1584 petulanter
704 1504 817 1568 ercutit
843 1504 913 1566 eius
934 1503 1059 1585 inpune,
1088 1503 1212 1583 frustra
1264 1502 1498 1585 Augustinus),
1518 1511 1555 1566 ut
1577 1500 1785 1566 ostenderent
1807 1522 1867 1564 003
1886 1522 1951 1564 000
1974 1501 2076 1564 030150
2097 1502 2245 1583 nequitia

234 1598 416 1659 0050000500
436 1595 597 1671 peceatum
624 1588 725 1652 Adae.
777 1589 964 1669 00000000
992 1609 1051 1651 non
1080 1587 1213 1668 simplex
1264 1590 1448 1671 eorrumpi,
1472 1587 1530 1652 sed
1554 1589 1737 1672 ingenitam
1760 1587 1969 1652 vitiositatem
1995 1587 2035 1650 ab
2057 1595 2152 1650 utere
2173 1608 2244 1651 ma·

233 1678 394 1759 apostasia
414 1678 494 1758 sicit,
515 1673 570 1738 sed
592 1694 660 1737 cum
686 1674 787 1754 foedis
814 1676 849 1738 in
871 1673 974 1738 Deum
999 1673 1124 1755 probris
1146 1693 1213 1736 con-
1265 1675 1324 1737 tris
1357 1674 1484 1737 afferre.
1541 1674 1639 1755 Quod
1666 1673 1805 1739 inficiari
1839 1693 1987 1737 summae
2019 1672 2244 1754 impudentiae

236 1767 357 1841 iuncta,
396 1765 473 1827 dum
509 1765 638 1824 3050000
671 1760 840 1824 columniis
872 1760 1067 1824 subscribunt
1098 1758 1213 1840 picibus
1264 1760 1334 1824 fuit.
1380 1758 1448 1824 Sed
1470 1761 1723 1843 Pelagianorum
1751 1768 1785 1824 et
1806 1758 2088 1823 Caelestianorum
2111 1760 2243 1823 temeri·

235 1850 341 1915 Deum
364 1853 390 1913 et
417 1847 573 1912 recendacii>
594 1851 620 1908 ct
640 1847 779 1910 incidiae
808 1849 834 1908 ct
855 1846 1062 1928 malignitatis
1083 1847 1214 1908 insimu-
1265 1855 1367 1910 tatem
1389 1868 1455 1910 non
1476 1846 1657 1925 nrirabitur,
1680 1847 1734 1927 qui
1753 1867 1794 1910 ex
1812 1845 1901 1908 illius
1919 1845 2023 1908 sancti
2040 1845 2101 1909 viri
2124 1865 2244 1909 monu-

236 1937 288 2000 lat.
347 1934 486 2016 Denique
518 1931 688 2012 ‘trifidelitas
717 1932 879 1995 ontbitioni
911 1933 1043 1994 ianuam
1070 1932 1214 2012 aperuit,·
1265 1932 1387 1995 mentis
1415 1933 1620 2014 perspexerit
1648 1953 1746 2015 quam
1777 1932 1901 1994 suerint
1927 1931 1962 1993 in
1991 1930 2063 1994 aliis
2089 1931 2243 1994 omnibus

235 2018 901 2098 000515500οο0005010001001015500500,
929 2023 964 2080 ut
984 2017 1136 2094 homines,
1163 2016 1215 2079 ab
1266 2016 1411 2099 perditae
1440 2018 1559 2082 frontis
1586 2019 1718 2082 5035100.
1765 2016 1862 2082 Certe
1890 2038 1957 2080 non
1977 2016 2169 2099 ambiguum
2193 2028 2244 2081 est

235 2109 308 2172 ieeto
331 2106 395 2169 ltee‘
414 2110 502 2181 nictu,
525 2124 590 2168 sese
602 2105 789 2184 proluerent
807 2124 867 2183 quo
882 2104 998 2185 ferebat
1016 2103 1120 2168 libido.
1149 2102 1216 2166 Ita
1266 2103 1354 2185 quod
1376 2107 1551 2168 confitetur
1571 2104 1683 2168 David
1705 2102 1807 2187 (Psal.
1829 2108 1879 2179 51,
1900 2102 1948 2185 l),
1972 2122 2007 2165 se
2028 2103 2064 2165 in
2085 2102 2243 2185 iniquita·

236 2215 294 2276 que
316 2197 393 2256 recte
416 2190 603 2254 Bernartius
624 2190 755 2252 ianuam
775 2189 890 2253 salutis
912 2191 1032 2269 oper-iri
1055 2190 1143 2253 00513
1164 2189 1214 2253 do
1267 2188 1355 2254 tibus
1389 2191 1551 2273 genitum,
1584 2199 1617 2254 et
1644 2192 1677 2254 in
1707 2198 1837 2272 peceato
1865 2196 2056 2269 conceptum
2080 2210 2099 2252 0
2126 2198 2243 2253 matre.

236 2284 288 2355 cet,
312 2299 409 2358 cuum
430 2276 520 2341 bodie
541 2274 732 2357 evergeti—um
754 2275 885 2340 auribus
911 2277 1095 2355 recipimus;
1122 2275 1215 2339 sicuti
1266 2275 1341 2339 Non
1365 2277 1475 2358 arguit
1498 2276 1565 2343 illic
1586 2278 1691 2359 patris
1714 2282 1771 2340 aut
1792 2275 1906 2338 matris
1929 2273 2060 2352 delicta,
2084 2275 2155 2350 sed,
2178 2296 2243 2357 quo

235 2365 305 2429 illis
325 2365 483 2445 terrestris,
510 2363 586 2425 dunc
608 2366 738 2425 3050000
754 2366 944 2441 patuerunt,
968 2382 1051 2425 mors
1072 2362 1215 2426 admissa
1266 2362 1330 2425 Dei
1352 2383 1431 2445 erga
1451 2383 1486 2426 se
1508 2363 1688 2427 bonitatem
1710 2361 1829 2425 melius
1851 2359 2069 2436 commendet,
2093 2363 2244 2443 propriae

235 2450 306 2531 fuit.
359 2449 533 2529 Nunquam
559 2449 641 2511 enim
667 2468 839 2528 repatriare
865 2446 929 2511 Dei
957 2448 1087 2527 imperio
1115 2467 1215 2510 ausus
1266 2449 1491 2531 perversitatis
1517 2449 1752 2513 confessionem
1778 2446 1819 2511 ab
1847 2447 1919 2528 1030
1941 2446 2094 2529 genitura
2115 2448 2243 2528 repetit.

234 2537 349 2618 fuisset
375 2534 483 2598 Adam
511 2534 574 2596 nisi
601 2535 670 2596 eius
697 2533 786 2596 cerbo
814 2533 1000 2596 incredulus.
1054 2532 1214 2612 Optimum
1267 2533 1381 2614 Quum
1408 2535 1442 2598 id
1463 2534 1585 2599 Davidi
1613 2534 1778 2616 peculiare
1807 2554 1871 2596 non
1898 2532 1999 2596 fuisse
2021 2541 2162 2610 constet,
2192 2554 2243 2598 30-

236 2621 351 2687 scilieet
371 2621 425 2685 boc
453 2624 518 2684 erat
548 2620 694 2700 fraenum
716 2620 758 2682 ad
779 2640 882 2684 onerres
908 2621 1037 2699 affectus
1062 2620 1121 2683 rite
1142 2624 1214 2682 tern-
1266 2620 1380 2702 quitur
1402 2642 1605 2684 communem
1637 2620 1772 2683 humani
1796 2620 1924 2702 generis
1947 2625 2068 2682 sortem
2090 2621 2150 2684 sub
2173 2620 2244 2684 eius

230 2708 398 2790 ponendos,
427 2706 509 2770 nibil
536 2705 649 2768 ricelius
671 2726 736 2770 csse
762 2726 857 2784 cuam
880 2703 945 2768 Dei
972 2705 1132 2768 moredatis
1155 2725 1214 2785 pa·
1266 2707 1416 2788 exemplo
1443 2706 1559 2770 notari.
1612 2705 1737 2770 Omnes
1763 2725 1840 2787 ergo
1873 2706 1927 2786 qui
1955 2705 1996 2768 ab
2029 2705 2159 2787 impuro
2192 2728 2244 2769 se·

234 2795 330 2858 rende
365 2791 460 2857 colere
491 2793 663 2868 iustitiam;
695 2791 806 2855 deinde
835 2791 980 2853 redimam
1005 2790 1108 2870 felicis
1132 2792 1215 2853 citae
1266 2792 1355 2856 mine
1383 2792 1609 2857 descendimus
1635 2792 1759 2875 peceati
1786 2791 1978 2872 contagione
2006 2792 2244 2855 00301010τί0-

234 2885 347 2944 motam
374 2899 438 2943 esse
466 2878 504 2942 ab
537 2878 605 2957 ipso
627 2876 727 2959 dilipi.
773 2875 903 2939 Diaboli
924 2896 993 2958 erpo
1015 2875 1214 2955 blasphemiis
1266 2878 1357 2957 feeti;
1385 2879 1467 2949 imo.
1497 2887 1672 2959 antequam
1700 2877 1806 2942 lucem
1834 2876 1919 2940 hanc
1942 2876 2027 2940 vitae
2056 2876 2243 2958 aspicimus,

235 2967 397 3046 abreptus,
430 2969 580 3045 00005005
612 2964 648 3026 in
675 2984 708 3026 se
729 2967 809 3039 erat,
837 2962 1011 3025 exinanivit
1031 2967 1124 3026 totam
1149 2960 1215 3026 Dei
1267 2985 1380 3029 sumus
1403 2966 1435 3028 in
1457 2965 1522 3029 Dei
1542 2973 1718 3045 conspeetu
1748 2962 1869 3027 focilati
1890 2974 1924 3026 et
1944 2962 2115 3044 inquinati.
2161 2961 2245 3042 Quis

235 3051 377 3134 planiam.
424 3066 434 3079 ”
1267 3051 1356 3115 enim
1385 3051 1478 3115 daret
1505 3049 1675 3114 mundum·
1688 3048 1727 3113 de
1756 3046 1946 3112 immunde?
1991 3048 2149 3112 Neunus
2171 3049 2244 3130 qui-

325 3140 353 3197 5.
400 3133 488 3197 Sicut
509 3133 689 3215 spiritualis
711 3132 804 3196 Adae
821 3133 887 3196 uita
908 3138 982 3209 erat,
1004 3153 1128 3196 manere
1150 3134 1215 3214 opi·
1267 3135 1350 3212 dem,
1372 3144 1410 3201 ut
1431 3137 1538 3201 estin
1560 3136 1643 3200 libro
1664 3134 1725 3199 Iob
1747 3135 1813 3217 (14,
1838 3136 1882 3217 4).

235 3222 288 3303 fici
309 3241 366 3284 suo
395 3221 587 3284 coniunctum
616 3224 644 3283 et
664 3219 851 3296 deuinctum,
879 3219 927 3282 itu
953 3219 1100 3284 0110005070
1121 3219 1160 3283 05
1182 3241 1215 3283 00
1354 3228 1382 3287 6.
1428 3223 1593 3287 Audimus
1621 3223 1668 3286 ita
1695 3221 1730 3284 in
1758 3221 1843 3285 filios
1864 3220 2043 3284 transmitti
2069 3228 2245 3300 parentum

235 3306 299 3389 suit
330 3307 456 3370 amintae
485 3307 637 3370 inuentus.
689 3304 755 3368 Nec
786 3305 913 3383 mirum,
940 3305 970 3369 si
994 3325 1092 3388 penus
1120 3326 1215 3369 suum
1267 3309 1523 3388 immunditiem,
1557 3316 1595 3372 ut
1627 3328 1740 3390 omnes
1767 3308 1850 3372 eitra
1875 3306 1978 3370 ullam
2006 3305 2243 3386 exceptionem,

232 3393 448 3475 pessumdedit
465 3413 526 3456 sica
547 3390 710 3471 (defectione
726 3391 782 3471 qui
799 3396 895 3454 totum
920 3397 1054 3457 craturae
1076 3392 1214 3456 ordinem
1267 3416 1326 3459 sua
1347 3396 1473 3479 origine
1496 3396 1563 3459 sint
1583 3394 1753 3477 inquinati.
1787 3391 1897 3456 Huius
1920 3400 2032 3456 autem
2052 3391 2245 3474 pollutionis

230 3480 381 3559 pervertit
402 3480 437 3541 in
460 3477 537 3541 coelo
558 3483 586 3541 et
606 3478 639 3539 in
662 3480 752 3540 terro.
784 3476 994 3560 Inpaniscunt
1011 3498 1115 3542 omnes
1131 3498 1215 3542 creo
1267 3501 1333 3545 non
1362 3482 1546 3564 reperietur
1568 3479 1755 3557 exordium,
1779 3478 1844 3542 nisi
1866 3477 1908 3542 ad
1929 3479 2072 3560 primum
2095 3478 2244 3540 omnium

236 3568 339 3641 turae,
373 3564 476 3643 inqrcit
506 3562 629 3626 Paulus
658 3562 767 3645 (Rom.
789 3568 818 3640 8,
838 3566 909 3646 22),
943 3565 1134 3646 corruptioni
1166 3564 1215 3628 ab
1265 3577 1449 3650 parentem,
1484 3576 1640 3649 tanquam
1674 3565 1715 3630 ad
1748 3564 1886 3643 fontem,
1926 3563 2139 3627 ascendimus.
2189 3563 2244 3627 Ita

235 3651 362 3727 nomiae,
397 3670 458 3712 non
490 3649 628 3712 00100503.
680 3648 718 3712 Si
745 3670 843 3714 cansa
870 3651 1047 3729 anroenitur,
1076 3671 1136 3714 nan
1157 3652 1215 3715 dcc·
1267 3663 1354 3718 certe
1376 3651 1564 3718 habendum
1592 3660 1654 3716 est:
1683 3652 1783 3715 luisse
1805 3650 1972 3714 Adamum
2000 3649 2162 3713 humanae
2183 3669 2243 3711 na·

237 3734 323 3799 51005
357 3740 399 3799 est
431 3735 508 3814 quin
522 3735 653 3815 'prartcm
680 3737 851 3799 scistineant
878 3737 947 3800 eius
971 3758 1090 3817 poenae
1118 3758 1214 3818 quom
1266 3749 1359 3804 turae
1386 3762 1453 3803 non
1481 3739 1722 3822 progenitorem
1750 3736 1860 3814 modo,
1889 3735 1946 3799 sed
1967 3736 2061 3817 quasi
2088 3733 2242 3812 radicem,

231 3822 424 3903 praeteritus
444 3826 489 3885 cst
510 3820 609 3898 lemno,
633 3821 668 3884 in
689 3823 780 3884 meins
800 3842 893 3886 usum
914 3823 1052 3887 corrditae
1078 3824 1212 3904 sacrarit.
1266 3835 1362 3907 atque
1394 3825 1468 3889 ideo
1506 3824 1540 3887 in
1580 3823 1667 3887 illius
1700 3823 1906 3904 corruptione
1938 3822 2057 3885 merito
2089 3821 2243 3885 vitiatum

240 3908 343 3988 Quum
365 3928 435 3990 erpo
457 3927 586 3972 mersum
608 3912 635 3971 et
661 3906 804 3970 deorsum
826 3929 863 3971 cc
884 3909 952 3972 eius
973 3911 1066 3991 culpa
1085 3911 1215 3988 struxerit
1265 3912 1365 3975 tuisse
1392 3911 1564 3974 hominum
1593 3931 1705 3992 genus.
1757 3907 1854 3988 Quod
1882 3929 1923 3972 ex
1950 3907 2038 3972 illius
2061 3916 2094 3971 et
2115 3905 2243 3972 Christi

236 3992 424 4070 maledictio,
453 4014 532 4074 qrioc
555 3997 723 4076 pressatur
744 4015 804 4074 per
830 4013 934 4057 omncs
956 3997 1066 4060 rnurrdi
1087 3996 1212 4077 plapas,
1264 3997 1507 4079 comparatione
1536 3995 1673 4077 planum
1702 3995 1779 4059 facit
1802 3994 1975 4077 apestolus.
2021 3990 2242 4073 Quemadmo-

236 4078 318 4141 nib-il
342 4101 362 4141 a
383 4081 503 4143 ratione
525 4078 670 4157 alienum,
692 4079 722 4143 si
738 4084 916 4162 prapapata
937 4081 1035 4161 fuerit
1057 4083 1099 4145 ud
1120 4086 1213 4144 tetum
1265 4082 1352 4157 dum,
1375 4083 1481 4165 inquit
1502 4081 1611 4164 (Rom.
1634 4085 1662 4159 5,
1688 4083 1756 4164 12),
1784 4102 1845 4163 per
1863 4102 1966 4144 unum
1983 4079 2149 4143 hominem
2167 4099 2242 4160 pee-

235 4165 305 4229 cius
336 4163 472 4228 sobolem.
529 4163 698 4245 Postquam
726 4187 803 4248 ergo
831 4166 866 4228 10
894 4187 931 4230 00
951 4167 1122 4231 obliterata
1150 4167 1213 4231 suit
1264 4175 1375 4233 catum
1403 4169 1540 4232 intravit
1567 4169 1601 4230 in
1622 4168 1812 4232 universum
1833 4165 2008 4240 mundum,
2032 4172 2065 4228 05
2086 4186 2145 4247 per
2167 4185 2242 4246 pee-

236 4250 384 4316 eeelestis
411 4251 534 4334 imago,
564 4274 630 4315 non
658 4251 746 4315 solus
768 4252 929 4315 sustinuit
955 4252 1040 4317 hane
1063 4273 1210 4334 poenam,
1264 4263 1376 4318 catum
1408 4275 1510 4331 mors,
1545 4274 1629 4334 quae
1664 4255 1698 4317 in
1731 4274 1845 4317 omnes
1872 4252 2022 4315 homines
2053 4259 2241 4332 pervagata,

234 4337 329 4401 utin
352 4336 460 4401 locum
483 4337 676 4418 sapientiae,
699 4338 848 4415 virtutis,
872 4339 1068 4417 sanctitatis,
1091 4339 1212 4404 verita·
1264 4340 1394 4422 quando
1417 4361 1528 4405 omnes
1550 4348 1778 4422 peecaverunt,
1801 4339 1848 4401 150
1870 4359 1928 4420 per
1950 4337 2091 4420 gratiam
2116 4335 2242 4401 Christi
2311 4379 2313 4384 ·

233 4424 291 4501 513,
333 4423 495 4502 iustitiae,
529 4414 646 4505 quibus
675 4423 878 4487 ornamentis
917 4426 1055 4488 vestitus
1094 4425 1211 4504 fuerat,
1263 4426 1390 4490 10351510
1412 4435 1445 4490 05
1471 4428 1539 4491 vita
1566 4427 1659 4492 nobis
1686 4427 1839 4491 restituta
1866 4434 1924 4487 est.
1975 4421 2065 4502 Quid
2092 4423 2145 4488 hic
2167 4443 2242 4505 gar-

234 4510 424 4574 teterrimae
446 4509 599 4574 cederent
619 4516 737 4592 pestes,
761 4509 907 4586 00001503,
926 4509 1127 4592 impotentia,
1150 4512 1211 4574 im·
1264 4513 1352 4577 rient
1380 4513 1572 4598 Pelagiani?
1607 4525 1777 4595 peccatum
1800 4509 1893 4574 Adae
1919 4509 2102 4573 imitatione
2124 4529 2242 4590 propa-

233 4598 377 4678 puritas,
407 4598 552 4674 vanitas,
575 4596 751 4676 iniustitia;
779 4595 836 4658 sed
858 4594 976 4660 iisdem
999 4617 1129 4681 quoque
1149 4598 1211 4661 mi·
1264 4600 1398 4683 gutum?
1443 4600 1577 4683 Ergone
1600 4619 1642 4662 ex
1660 4598 1784 4663 Christi
1807 4596 1933 4660 iustitia
1953 4595 2038 4660 nihil
2060 4594 2147 4658 aliud
2166 4614 2242 4675 pre-

233 4682 328 4745 seriis
351 4683 509 4764 implieuit
531 4704 625 4747 suam
647 4683 837 4765 progeniem
861 4703 898 4746 ao
921 4682 1090 4748 immersit.
1119 4683 1212 4749 Haec
1263 4687 1408 4764 ficimus,
1432 4687 1494 4752 nisi
1518 4684 1604 4767 quod
1625 4682 1815 4765 exemplum
1837 4682 1931 4747 nobis
1953 4689 2004 4746 est
2024 4679 2066 4745 ad
2087 4680 2241 4744 imitatio-

170 4828 172 4833 .
234 4774 283 4831 est
303 4767 523 4832 haereditaria
544 4769 718 4852 corrupti0,
741 4787 839 4850 quam
861 4777 1031 4850 peecatum
1052 4768 1211 4852 originale
1264 4793 1340 4835 nem
1366 4770 1591 4854 propositum?
1637 4769 1721 4850 Quis
1748 4775 1877 4833 tantum
1904 4768 2114 4851 saerilegium
2135 4764 2240 4829 ferat?

234 4860 362 4917 veteres
384 4864 633 4936 nuncuparunt,
662 4855 787 4937 peccat-i
809 4874 889 4919 voee
910 4854 1131 4940 intelligentes
1152 4878 1211 4919 na-
1264 4856 1363 4938 Quod
1385 4861 1413 4924 si
1440 4867 1535 4923 extra
1557 4855 1812 4921 controversiam
1841 4862 1904 4929 est,
1934 4854 2062 4919 Christi
2083 4851 2242 4916 iustitiam

234 4944 327 5001 turae
362 4945 458 5001 antea
485 4938 591 5002 bonae
619 4961 785 5022 puraeque
814 4939 1088 5021 depravationem.
1135 4939 1212 5022 Qua
1263 4945 1556 5010 communicatione
1585 4948 1733 5006 nostram
1762 4961 1847 5018 esse,
1876 4950 1910 5004 et
1931 4942 1974 5005 e'x
1996 4961 2035 5004 ea
2056 4940 2175 5018 vitam,
2197 4938 2242 5001 si-

234 5021 274 5085 de
297 5044 333 5086 re
355 5023 460 5087 multa
482 5024 546 5087 fuit
567 5023 631 5087 illis
654 5026 865 5104 concertatio,
895 5048 995 5107 quum
1014 5049 1035 5092 a
1056 5028 1212 5093 commum
1261 5031 1333 5094 mul
1359 5030 1543 5104 conficitur,
1571 5034 1746 5111 utramque
1775 5027 1823 5092 ita
1849 5028 1885 5091 in
1906 5027 2016 5092 Adam
2044 5026 2144 5091 tuisse
2165 5044 2242 5107 per-

232 5128 327 5174 sensu
354 5108 437 5173 nibil
465 5111 569 5192 mapis
595 5110 638 5173 sit
663 5117 815 5176 remotum
846 5133 943 5192 quom
970 5113 1006 5179 05
1028 5115 1126 5179 unius
1148 5114 1211 5179 cul·
1262 5114 1373 5194 ditum,
1397 5116 1492 5178 utin
1513 5112 1647 5178 Christe
1668 5119 1894 5197 recuperetur;
1915 5119 2086 5197 peccatum
2107 5132 2185 5176 vero
2208 5117 2243 5175 et

226 5216 308 5278 pom
326 5194 400 5276 fieri
421 5216 526 5260 omnes
547 5215 630 5273 reos,
658 5201 686 5260 et
707 5198 753 5261 ita
768 5203 932 5279 peecatum
946 5200 1024 5282 pieri
1045 5220 1210 5266 caninum.
1260 5212 1402 5267 mortem
1427 5201 1474 5265 150
1493 5221 1553 5284 per
1573 5198 1683 5266 Adam
1705 5200 1901 5284 obrepsisse,
1929 5206 1968 5264 ut
1986 5219 2047 5282 per
2069 5197 2242 5263 Christum
