4672 5842
233 290 294 350 139
882 279 1147 349 INSTITUTIO
1168 281 1273 346 REL.
1296 278 1477 345 CHRIST.
1503 282 1594 342 1559.
2181 281 2242 343 140

228 473 274 539 ‘ad
306 493 400 553 quum
432 470 562 550 farmuli
596 471 642 535 sic
664 471 900 551 instauramur,
934 478 968 534 nt
994 493 1067 535 cera
1084 471 1208 551 pietate,
1262 468 1797 546 333333331131311311313113333.
1835 468 1913 547 Quis
1935 467 1976 530 ad
1993 466 2047 530 hoc
2063 473 2241 548 portentum

230 557 1208 641 133111139331313,1331311193311313333913333113193313333.
1262 576 1324 619 non
1345 553 1530 618 exhorreat?
1576 553 1651 617 Vere
1672 555 1797 634 quidem
1819 574 1857 616 33·
1879 553 1981 617 Arato
2007 554 2130 618 Paulus
2150 556 2239 629 (Aah

235 647 300 728 Quo
323 644 440 725 posita,
464 642 642 706 3313313133
674 642 733 705 illa
754 643 791 706 de
811 643 916 726 fiqura
939 644 1077 724 carparis
1099 643 1210 723 inmqi-
1266 645 1314 718 17,
1335 639 1391 721 28)
1420 660 1476 703 uos
1503 640 1579 703 dicit
1608 660 1672 704 3333
1695 640 1758 704 Dei
1780 641 1975 721 proqeuiem,
2003 640 2057 704 sed
2081 641 2240 721 qualitate,

230 733 317 797 natio
340 751 400 812 per
426 750 459 793 33
483 728 577 808 facile
605 729 762 792 enarrescit.
810 731 897 809 thod
927 735 1029 793 331333
1051 729 1101 791 cir
1124 729 1210 792 solus
1262 748 1323 791 333
1350 726 1539 801 substa-ntia,
1567 730 1718 805 quatenus
1744 726 1859 790 scilicet
1886 725 2005 789 diuinis
2032 748 2088 790 nas
2119 728 2241 792 dotibus

230 820 333 898 133393
360 821 387 880 ct
412 815 515 897 pluria
538 813 601 878 Dei
630 819 754 878 uocatur
786 816 874 894 apud
904 816 1042 879 Pauhun
1074 815 1106 898 (l
1134 812 1207 877 Cor.
1262 814 1393 877 ariiacit.
1438 810 1563 875 Interea
1583 813 1731 876 creatoris
1751 811 1917 875 essentiam
1938 811 2085 889 lacerare,
2111 819 2241 892 31933-

233 909 281 982 11,
303 904 351 986 7),
375 900 789 965 31333113333313311133313
811 900 865 964 hac
886 901 1142 981 13333313933313,
1166 901 1210 963 ad
1261 905 1320 962 tem
1342 899 1471 978 quisque
1487 898 1660 976 possideat,
1689 899 1807 961 nimiae
1835 898 2058 961 3333133331.
2102 899 2240 961 Ari-imas

229 991 370 1056 ordinem
385 986 549 1067 politicum
569 987 716 1068 restrinqi
737 1007 775 1050 33·
795 992 936 1050 condemn
953 992 1047 1069 patet.
1088 985 1209 1049 1331
1261 1005 1346 1067 erqo,
1375 985 1518 1064 quamuis
1544 983 1612 1047 illis
1641 984 1794 1065 insudpta
1816 984 1859 1046 sit
1885 985 1988 1065 imaqo
2007 982 2085 1060 Dei,
2118 990 2240 1050 crea-tas

229 1076 380 1158 13339133,
415 1073 505 1136 33133
529 1072 566 1151 fit
594 1073 720 1148 33333113,
749 1072 961 1152 carnpreheruli
991 1073 1142 1153 qicidquicl
1169 1072 1211 1135 ad
1262 1091 1408 1135 essenon
1435 1071 1542 1133 minus
1569 1090 1665 1150 quam
1692 1071 1830 1151 3393133,
1859 1076 1938 1133 certo
1966 1071 2163 1134 statcmrulum
2184 1076 2237 1134 est.

232 1159 430 1243 spiritualem
451 1163 479 1221 et
500 1162 656 1221 aeteruum
677 1157 775 1220 citam
794 1164 922 1238 spectat,
951 1161 1016 1222 iam
1039 1159 1119 1221 satis
1135 1178 1209 1237 pro-
1264 1155 1387 1220 0333113
1409 1161 1512 1218 autem
1534 1176 1594 1218 333
1616 1155 1790 1235 transfusio
1810 1160 1866 1227 est,
1889 1156 1944 1219 secl
1964 1157 2113 1219 esseutiae
2134 1176 2172 1219 33
2190 1157 2238 1218 ni·

230 1248 338 1313 batum
358 1266 423 1309 esse
443 1244 585 1307 arbitror.
630 1241 697 1306 Hoc
723 1244 806 1308 idem
827 1245 906 1309 aliis
927 1245 1027 1309 cerbis
1047 1243 1209 1323 confirmat
1261 1241 1325 1306 hilo
1346 1241 1517 1306 3333311333.
1554 1240 1618 1304 Nec
1639 1263 1717 1318 ocra,
1740 1243 1770 1304 si
1792 1262 1813 1303 a
1834 1240 1902 1305 Deo
1922 1243 2056 1322 spiritus
2073 1243 2167 1306 datus
2184 1247 2237 1319 est,

232 1333 382 1408 Ioannes,
406 1350 546 1394 asserens
568 1328 612 1412 (1,
632 1329 684 1411 4),
706 1331 818 1407 uitam,
847 1351 926 1411 qnae
947 1332 982 1393 in
999 1335 1121 1394 aeterua
1146 1329 1208 1393 Dei
1261 1334 1290 1392 et
1310 1348 1348 1392 33
1369 1348 1462 1392 carue
1482 1328 1645 1409 ariiqrando
1663 1328 1706 1391 od
1722 1348 1790 1391 curn
1809 1328 1896 1404 redit,
1911 1329 2057 1407 protinus
2074 1329 2238 1392 dicerulum

230 1439 367 1484 33313333
392 1417 430 1479 313
452 1416 542 1478 initio
563 1420 639 1491 erat,
660 1415 760 1495 fuisse
788 1416 886 1480 lucem
907 1416 1074 1480 hanrinum.
1122 1415 1209 1479 Nam
1261 1421 1318 1491 est,
1353 1435 1391 1477 ec
1416 1413 1484 1476 31333
1518 1412 1693 1477 substantia
1727 1414 1901 1494 decerptum
1928 1434 2000 1477 3333.
2045 1413 2147 1493 Atque
2180 1414 2239 1478 leuc

230 1524 326 1587 quum
356 1501 551 1583 propositum
583 1501 625 1565 sit
651 1501 844 1583 sinqularcm
872 1502 936 1566 Dci
960 1504 1111 1586 qratiam,
1146 1523 1209 1582 qua
1261 1521 1378 1581 quoque
1399 1501 1432 1562 in
1448 1504 1541 1579 purte
1562 1499 1726 1577 Osiauder,
1747 1500 1822 1563 dum
1844 1500 1913 1562 suis
1933 1499 2133 1563 illusionibus
2152 1502 2240 1581 effer·

231 1590 318 1654 hmuo
340 1587 471 1668 reliquis
493 1585 706 1650 animantibus
723 1588 894 1667 praecellit,
919 1589 1058 1666 laudare,
1083 1593 1117 1650 ut
1139 1608 1209 1650 3333
1261 1593 1329 1661 tur,
1359 1586 1456 1666 impia
1477 1605 1580 1649 errare
1602 1606 1635 1649 se
1661 1586 1828 1667 implicuit,
1856 1586 2026 1667 imaqinem
2048 1587 2110 1650 Dei
2132 1586 2167 1649 in
2189 1587 2241 1651 ho

230 1680 363 1758 33933931
384 1695 422 1737 en
441 1673 594 1736 communi
611 1693 747 1747 3333333,
770 1675 847 1753 quia
862 1695 922 1737 non
940 1674 1098 1756 culparem
1117 1674 1210 1754 adep-
1261 1673 1345 1736 mine
1367 1693 1427 1734 non
1449 1691 1616 1753 aprioscens
1635 1673 1704 1735 siue
1725 1670 1883 1735 essentiali
1906 1672 2039 1750 iustitia,
2068 1674 2161 1752 quasi
2182 1694 2240 1738 uas

229 1767 281 1826 tus
302 1766 347 1824 est
366 1760 477 1836 citam,
506 1759 560 1822 scd
580 1759 775 1822 conicuutom
796 1780 866 1823 cum
887 1760 952 1825 luce
973 1760 1210 1842 intellipentice:
1263 1757 1489 1822 inaestimabili
1515 1758 1650 1838 spiritus
1677 1759 1729 1821 sui
1755 1758 1867 1821 uirtute
1890 1758 2061 1838 auriformes
2082 1759 2144 1822 sibi
2171 1761 2240 1824 recl·

230 1846 327 1915 simul
349 1845 481 1910 osteiulit
499 1845 645 1923 quomodo
668 1844 711 1908 ud
730 1844 897 1928 imaqincm
917 1846 980 1909 Dei
1002 1847 1043 1909 sit
1059 1846 1208 1909 curulibus.
1262 1846 1334 1910 dere
1353 1849 1481 1923 nequeat
1492 1842 1591 1922 Deus,
1614 1845 1691 1924 quin
1709 1843 1955 1907 substantialiter
1970 1842 2114 1929 Christus
2131 1847 2166 1908 in
2183 1867 2240 1909 nos

231 1933 333 2017 Erqo,
364 1952 460 2012 quum
482 1929 545 1993 Ilei
567 1931 669 2013 irnaqo
691 1931 734 1994 su
755 1931 877 2014 1313933
898 1938 1031 1995 reatinae
1056 1931 1210 1995 1333333333
1262 1951 1295 1995 33
1316 1929 1527 2008 transtu-nutat.
1575 1928 2241 2012 (1333313933331333133393333119133313

224 2019 440 2105 praestantia,
468 2036 547 2096 quae
575 2016 699 2096 refulsit
726 2016 760 2079 in
782 2016 890 2080 Adam
913 2023 983 2082 ante
1004 2017 1208 2097 defectionem,
1262 2037 1334 2080 care
1361 2020 1506 2079 coneutur
1534 2015 1690 2092 33333111,
1724 2015 1825 2079 oculas
1851 2016 1942 2079 sanis
1972 2016 2133 2080 lectoribus
2162 2038 2241 2080 333

224 2111 336 2189 postea
364 2105 410 2167 sic
436 2103 549 2166 uitiata
573 2107 600 2165 et
626 2121 724 2183 prope
744 2102 856 2180 deleta,
890 2110 926 2166 ut
952 2103 1032 2167 331131
1053 2124 1091 2166 en
1112 2104 1209 2166 ruina
1262 2122 1357 2183 quam
1387 2102 1431 2164 ita
1461 2102 1674 2184 perstrinqent
1702 2102 1780 2182 qui-n
1808 2102 1934 2165 uideant
1965 2103 2102 2180 resipere
2131 2102 2241 2166 Mani·

230 2191 296 2257 uisi
329 2189 503 2269 confusum,
537 2187 693 2265 uenditum,
728 2187 852 2269 lubcque
886 2189 1032 2269 infectum
1064 2190 1208 2268 supersit,
1261 2188 1425 2252 altmarum
1451 2207 1594 2251 errarem.
1644 2185 1747 2267 Atque
1781 2186 1834 2249 ubi
1869 2187 1907 2251 de
1938 2188 2090 2269 imaqinis
2120 2190 2241 2253 133133-

230 2296 313 2342 3333
335 2275 443 2355 aliqua
465 2294 502 2336 ec
518 2278 611 2353 parte
632 2274 821 2352 conspicitur
848 2276 882 2338 in
911 2275 1025 2352 electis,
1058 2280 1209 2355 quatenus
1260 2274 1382 2338 ratione
1393 2273 1521 2336 disserit
1534 2272 1666 2350 Paulus,
1685 2293 1724 2335 ea
1740 2274 1809 2336 eius
1825 2273 1927 2337 uerbis
1939 2273 2047 2337 elicere
2058 2281 2240 2356 promptum

231 2363 349 2444 spiritu
370 2360 499 2442 reqeniti
520 2363 609 2438 suut;
632 2359 761 2440 plenum
786 2381 858 2425 uero
883 2361 1036 2442 fulqorem
1068 2357 1210 2425 obtinebit
1261 2366 1320 2435 ast,
1348 2379 1409 2422 nan
1435 2359 1626 2423 substantiae
1654 2359 1791 2437 iuflrmu,
1825 2360 1880 2422 sed
1912 2360 2047 2438 spiritus
2076 2363 2185 2442 qratia
2213 2368 2241 2426 et

231 2451 268 2514 in
289 2446 374 2511 coelo.
425 2443 465 2510 Ut
486 2466 556 2527 uero
577 2445 713 2508 sciamus
734 2448 846 2526 quibus
861 2447 1009 2527 partibus
1030 2451 1148 2522 constet,
1172 2447 1209 2511 de
1261 2447 1391 2522 uirtrde,
1419 2444 1573 2508 13331333
1596 2444 1697 2524 fuisse
1719 2443 1787 2506 Dea
1809 2445 2001 2525 conformem.
2042 2445 2132 2510 Dicit
2158 2450 2241 2511 enim

232 2535 357 2600 3313333
368 2531 570 2612 facultatibus
586 2531 737 2596 disserere
755 2553 867 2612 operae
878 2534 1018 2614 pretinm
1035 2537 1086 2596 est.
1123 2533 1209 2596 Nam
1262 2531 1296 2616 (2
1316 2529 1389 2594 Cor.
1411 2534 1439 2608 3,
1463 2530 1516 2613 18)
1541 2529 1661 2594 Christi
1680 2530 1816 2611 qloriam
1837 2531 2242 2609 393313331313333133

231 2621 290 2686 illa
310 2616 520 2702 Α3933113311)
543 2618 711 2697 speculatio
732 2620 860 2682 33131333
879 2618 976 2699 firma
993 2623 1044 2697 est,
1068 2621 1209 2682 citimam
1261 2619 1431 2699 imaqincm
1458 2637 1515 2680 nos
1541 2615 1767 2695 transformari
1794 2621 1945 2697 tanquam
1973 2640 1994 2681 a
2016 2617 2149 2682 Domini
2176 2622 2241 2699 spi-

231 2706 385 2771 triuitatis
404 2724 470 2768 esse
486 2702 653 2784 speculum,
675 2705 752 2784 quia
769 2705 805 2769 in
824 2725 861 2768 ea
880 2704 1015 2768 resident
1031 2704 1208 2783 intellectus,
1261 2704 1344 2767 ritu:
1372 2703 1428 2783 qui
1453 2707 1531 2766 certe
1554 2703 1599 2765 itu
1629 2703 1664 2765 iu
1690 2702 1778 2767 uobis
1799 2708 1947 2782 3933333
1972 2709 2007 2766 ut
2028 2704 2095 2768 Deo
2117 2706 2241 2770 casio

231 2793 375 2858 mluntas
401 2796 429 2855 et
449 2790 607 2854 meritoria.
654 2790 761 2870 Neque
786 2790 881 2854 etiam
907 2789 1083 2870 probabilis
1104 2811 1210 2854 eorum
1262 2789 1424 2855 starrtiales
1444 2808 1501 2852 nas
1522 2788 1639 2852 reddat.

231 2879 350 2960 opinio,
380 2877 436 2956 qui
457 2875 520 2940 Dei
542 2875 781 2941 similitrulinem
808 2877 842 2939 in
864 2877 1026 2941 dominatu
1046 2877 1075 2940 31
1095 2878 1210 2941 tradita
1350 2884 1378 2938 o.
1415 2875 1555 2939 Animae
1567 2873 1776 2954 definitionum
1797 2897 1818 2939 a
1833 2874 2031 2955 philosophis
2045 2883 2151 2956 petere
2166 2880 2242 2943 stul-

231 2965 348 3030 locaut:
369 2984 405 3026 ac
426 2961 456 3026 si
473 2960 578 3025 Deum
599 2961 658 3024 hac
679 2965 753 3025 nota
770 2962 868 3026 solum
885 2962 1025 3043 referret,
1047 2964 1124 3044 quia
1143 2984 1211 3027 can-
1263 2968 1329 3026 tum
1350 2967 1434 3039 esset,
1456 2980 1587 3041 quarum
1604 2981 1690 3024 uuna
1705 2960 1780 3040 fere,
1803 2965 1924 3043 eccepto
1939 2961 2077 3033 Platane,
2099 2965 2243 3030 substan

231 3052 361 3116 31113133
387 3048 428 3112 sit
455 3049 591 3110 amnium
619 3067 726 3112 rerum
745 3048 839 3111 herrrs
860 3067 896 3112 ac
910 3069 1088 3129 possessor,
1116 3069 1212 3130 quum
1261 3049 1340 3113 tiam
1367 3046 1572 3111 immortalem
1599 3047 1696 3111 solide
1723 3048 1866 3111 asseruit.
1914 3046 1999 3111 Eam
2027 3050 2150 3129 quadem
2181 3052 2242 3115 alii

227 3154 325 3218 penes
350 3133 469 3213 ipsum,
502 3154 563 3198 nou
583 3139 689 3211 entra,
717 3134 848 3215 proprie
873 3136 1049 3215 quaerenda
1073 3137 1123 3213 sit,
1149 3135 1211 3199 into
1263 3155 1381 3216 quoque
1395 3132 1548 3198 Socratici
1569 3133 1741 3215 attinqunt5
1760 3133 1814 3197 331
1830 3134 1877 3197 ita
1899 3138 1934 3196 ut
1954 3154 2041 3197 3333
2061 3141 2167 3215 aperte
2189 3139 2243 3202 da

232 3220 367 3286 13133133
388 3219 431 3284 sit
453 3219 576 3283 animae
595 3221 715 3283 bonum.
1263 3226 1329 3285 ceat
1359 3220 1397 3283 de
1428 3240 1489 3300 qua
1521 3220 1589 3299 ipse
1615 3239 1792 3297 persuasus
1824 3241 1887 3282 nan
1911 3219 1982 3299 fuit.
2031 3219 2111 3285 Inde
2137 3229 2243 3288 331333

322 3311 350 3369 5.
398 3303 567 3382 Caeterum,
593 3309 758 3385 arrthuam
779 3304 903 3389 lmrqius
916 3308 1116 3390 propredior,
1140 3306 1213 3372 Ma
1266 3306 1395 3372 Platani
1417 3297 1528 3370 rectior
1549 3305 1812 3387 soltertia-quad
1828 3307 1998 3388 imaqinem
2009 3306 2074 3371 Dei
2085 3308 2119 3370 iu
2131 3311 2242 3375 ariima

232 3392 433 3457 nichaeorum
459 3391 572 3455 delirio
595 3412 752 3456 occurrere
773 3412 889 3456 necesse
910 3399 971 3472 est,
997 3395 1079 3475 quod
1097 3414 1213 3458 mersus
1263 3392 1445 3458 3331313331.
1488 3391 1561 3455 Alii
1580 3392 1648 3455 eius
1663 3391 1822 3471 potentias
1843 3412 1880 3455 ac
1898 3392 2064 3473 facultates
2083 3394 2130 3457 ita
2146 3416 2244 3475 praa

234 3478 292 3542 hac
319 3473 416 3541 amate
448 3476 589 3541 iurelure
614 3478 741 3541 teutaoit
771 3477 921 3542 Seruatus.
976 3480 1062 3560 Quod
1095 3480 1212 3544 dicitur
1263 3479 1344 3543 senti
1375 3479 1457 3542 uitae
1486 3477 1634 3560 aftiquut,
1669 3482 1704 3540 ut
1730 3481 1820 3540 entra
1845 3497 1959 3558 carpus
1983 3478 2064 3541 nihil
2085 3481 2242 3561 reliquum

234 3563 334 3649 (Gon.
355 3566 383 3640 2,
406 3560 439 3644 7)
461 3563 637 3642 inspirasse
654 3562 743 3627 Deus
764 3564 800 3627 13
819 3563 935 3643 faciem
952 3564 1086 3630 13331313
1107 3565 1211 3647 spira
1262 3566 1392 3645 faciant.
1440 3562 1540 3627 Porro
1567 3583 1605 3626 er
1631 3564 1789 3643 scriptura
1811 3569 1882 3626 aute
1902 3565 2066 3629 (1333313333
2085 3586 2150 3630 csse
2171 3568 2242 3631 sub

233 3649 338 3715 adeun
358 3649 450 3725 uitae,
467 3653 623 3728 putarunt
643 3649 783 3713 3313333
805 3651 964 3714 tradruem
984 3671 1049 3715 esse
1070 3652 1212 3716 substau-
1262 3651 1412 3714 dantium
1441 3650 1671 3728 incorporeum·
1698 3668 1780 3712 nunc
1807 3651 1985 3714 3313133133
2008 3655 2066 3729 est,
2095 3655 2240 3731 93333313

226 3737 297 3801 tiae
319 3733 398 3813 Du,-
426 3734 518 3814 quasi
539 3734 648 3814 aliqua
665 3735 831 3799 immensae
853 3736 1032 3800 diuinitatis
1047 3738 1154 3817 portio
1176 3738 1211 3799 in
1257 3736 1391 3815 proprie
1418 3734 1480 3798 laea
1507 3755 1567 3798 non
1595 3734 1884 3813 comprehendatur,
1912 3737 2036 3814 corpori
2061 3741 2165 3801 tanuen
2192 3739 2240 3802 in-

233 3821 385 3887 hominem
409 3820 560 3898 fluxisset.
604 3820 704 3900 Atqui
732 3820 782 3884 hic
807 3821 979 3887 diabolicus
1007 3842 1095 3888 error
1116 3842 1211 3903 quam
1262 3821 1363 3886 ditum
1385 3820 1964 3901 1111393331133133313111313313113333
1986 3828 2187 3887 ioculantum
2206 3830 2241 3888 ut

108 3935 114 3945 ·
233 3927 358 3972 crassas
384 3909 412 3970 et
435 3905 545 3986 foalas
572 3906 781 3970 absurditates
807 3926 910 3970 secum
932 3906 1052 3986 trahat,
1082 3909 1211 3972 breuiter
1263 3927 1367 3971 33333
1394 3908 1462 3970 eius
1484 3911 1595 3985 partes
1623 3906 1753 3983 autaut,
1782 3913 1810 3970 et
1836 3929 1955 3990 arpano
1977 3908 2087 3973 reddat
2115 3916 2192 3989 apta
2214 3917 2242 3975 ct

233 3992 388 4057 ostendere
407 3991 500 4072 focile
522 3996 573 4054 est.
616 3991 702 4054 osam
722 3992 751 4054 si
773 4012 811 4055 en
832 3990 896 4056 Dei
917 3995 1050 4058 essentia
1065 4016 1127 4075 per
1147 3999 1210 4057 tra·
1262 3992 1356 4057 311113
1378 3993 1448 4056 suis
1469 3991 1654 4069 actionibus,
1684 3993 1739 4056 sed
1766 3995 1860 4057 etiam
1880 3999 1915 4056 ut
1930 3995 2109 4072 prioratum
2131 3997 2167 4060 iu
2193 4018 2241 4061 ra

231 4078 339 4143 ducem
356 4078 400 4141 sit
417 4077 525 4141 anima
541 4077 690 4154 hominis,
715 4082 871 4159 sequetur,
896 4078 960 4142 Dei
977 4084 1127 4143 naturam
1145 4100 1206 4143 non
1260 4079 1362 4162 qcuda
1389 4077 1525 4142 11331313
1550 4078 1617 4142 cita
1643 4083 1756 4143 teneat:
1789 4099 1844 4144 uec
1872 4079 1972 4144 solum
2004 4083 2108 4160 quoad
2135 4082 2241 4162 officia

232 4164 332 4230 salum
365 4163 529 4246 mutationi
564 4183 628 4227 esse
662 4164 826 4228 obnoxiam
858 4169 886 4228 et
906 4164 1124 4245 passionibus,
1156 4165 1211 4228 sed
1261 4171 1402 4229 terrenae
1430 4165 1526 4241 uitae,
1555 4165 1610 4228 sed
1635 4169 1670 4229 ut
1697 4166 1740 4230 ad
1762 4165 1866 4229 Deum
1891 4165 2050 4230 colendum
2071 4168 2168 4231 simul
2190 4190 2242 4232 33-

231 4249 428 4333 iquarautiae
449 4269 574 4329 quaque
592 4251 707 4330 933313
728 4250 960 4330 cupiditatibus,
983 4250 1210 4330 infirmitatict
1261 4252 1337 4315 citet.
1381 4250 1448 4313 Hoc
1468 4255 1661 4329 postremum
1689 4253 1812 4316 tametsi
1836 4253 1871 4315 iu
1898 4254 2095 4332 corruptione
2120 4254 2242 4334 liquido

231 4357 319 4401 33333
344 4355 441 4418 pertus
467 4335 563 4399 uitiis
611 4333 703 4399 Nihil
727 4335 847 4399 homine
869 4337 1093 4402 inconstantius
1135 4338 1209 4418 quia
1262 4337 1496 4413 3333333133,
1525 4336 1593 4400 eius
1614 4343 1717 4402 tamen
1738 4339 1892 4418 reliquiae
1913 4339 1948 4401 iu
1970 4339 2052 4418 ipsis
2073 4341 2162 4403 ciliis
2184 4343 2242 4404 ina

231 4422 301 4486 eius
329 4422 470 4485 animum
497 4421 655 4503 ecaqitant
687 4427 715 4485 et
740 4421 828 4485 carie
853 4421 1033 4486 distrahunt
1058 4424 1210 4487 contrarii
1255 4443 1389 4502 pressae
1409 4427 1542 4486 marcent
1594 4423 1681 4489 lirule
1707 4426 1789 4489 euim
1808 4429 1897 4488 tarda
1917 4425 2023 4504 famae
2045 4426 2242 4491 333313331-

231 4513 348 4585 matus;
380 4507 591 4587 3313131393
618 4508 778 4571 inscitiam
805 4506 1036 4587 hallucinatum
1067 4510 1209 4573 asininis
1262 4509 1367 4584 uibus,
1399 4509 1464 4572 nisi
1492 4528 1530 4570 esc
1551 4511 1699 4589 pudore?
1730 4510 1813 4573 uude
1840 4515 1942 4573 autem
1965 4511 2086 4590 predar,
2109 4513 2175 4575 nisi
2203 4533 2241 4576 33

233 4593 402 4673 quibusque
424 4592 645 4659 tentationibus
665 4594 765 4657 uictus
786 4594 969 4674 3333331311;
994 4597 1135 4658 animam
1161 4597 1209 4675 ip-
1261 4594 1379 4659 honesti
1401 4597 1566 4674 respectu?
1586 4598 1677 4660 cicius
1691 4597 1890 4675 principium
1911 4601 1940 4660 et
1960 4602 2137 4674 33333331,
2161 4599 2243 4679 quod

232 4698 303 4742 sam
329 4680 445 4742 scimus
471 4680 613 4744 sardium
640 4680 777 4743 omnnium
808 4680 953 4743 brunnam
980 4701 1017 4744 ac
1038 4687 1210 4760 receptam·
1261 4701 1294 4744 se
1313 4680 1357 4744 od
1375 4681 1532 4747 calculum
1549 4683 1703 4746 iustitiam
1720 4686 1810 4743 natos
1830 4701 1895 4744 esse
1913 4683 2106 4765 intelliquut:
2128 4685 2164 4746 in
2180 4703 2242 4765 quo

233 4763 300 4827 lum
329 4783 402 4826 esse.
450 4764 535 4843 Quae
556 4767 660 4828 onznia
685 4765 748 4829 Dei
776 4771 907 4831 naturae
941 4767 1114 4833 adscribere
1141 4787 1209 4830 cau-
1262 4767 1416 4832 inclusum
1449 4773 1493 4831 est
1524 4768 1686 4849 3311913313
1717 4786 1827 4830 semen.
1870 4766 1960 4832 Sicut
1993 4775 2097 4833 autem
2128 4770 2242 4849 absque

233 4849 344 4926 ueniet,
367 4848 397 4911 si
417 4851 584 4929 recipimus
605 4852 746 4915 animam
767 4871 833 4917 esse
852 4873 891 4917 33
912 4852 976 4917 Dei
997 4855 1142 4930 essentia,
1162 4853 1210 4916 acl
1261 4855 1468 4919 cordroccrsia
1494 4855 1537 4918 ad
1564 4853 1700 4915 caelestis
1731 4852 1813 4916 vitae
1841 4856 2072 4919 nuditationem
2100 4856 2242 4920 cauditus

1258 4939 1321 5020 fuit
1343 4939 1439 5017 liomo,
1462 4939 1508 5001 ita
1526 4940 1599 5001 eius
1620 4938 1763 5002 notitiam
1784 4941 1911 5005 animae
1930 4941 2031 5021 fuisse
2053 4943 2242 5023 insculptam

1233 5031 1374 5125 Ι3331333
1402 5029 1454 5092 est.
1498 5023 1543 5086 Et
1569 5043 1645 5086 sune
1666 5024 1840 5104 praecipuo
1868 5027 2087 5109 iutelliqentiae
2108 5050 2170 5092 usu
2192 5048 2242 5093 ca·

304 5139 332 5203 1)
350 5139 425 5191 133.
444 5139 476 5190 ae
496 5139 591 5192 inuit.
612 5140 653 5194 10.
671 5159 691 5193 c.
713 5141 743 5192 11
763 5141 823 5211 (17)
841 5162 916 5211 seqq.
943 5154 970 5196 u.
994 5146 1055 5196 nu.
1075 5145 1109 5197 <u
1128 5145 1207 5197 33333.
1232 5128 1236 5249 J
1260 5119 1341 5176 reru
1362 5115 1458 5187 nonu,
1480 5109 1585 5174 nsua
1599 5127 1674 5205 'uim
1690 5110 1799 5175 taceret
1814 5111 1965 5193 felicitas:
1985 5118 2076 5179 oritus
2091 5114 2243 5213 perfectio

232 5208 282 5262 Dei
303 5209 348 5263 11,
362 5226 383 5260 c.
404 5208 444 5262 10.
464 5227 485 5261 e.
505 5207 540 5260 24
556 5225 631 5277 seqq.
1260 5202 1304 5260 est
1334 5219 1404 5262 3333
1437 5195 1505 5260 Deo
1536 5201 1729 5262 coniunctum
1760 5218 1833 5265 esse.
1891 5198 1978 5264 Uude
2009 5205 2038 5263 et
2064 5221 2243 5281 praecipua

236 5021 438 5029 —-..—---—-
