4672 5842
228 316 292 380 939
880 306 1148 374 ΙΝΒΤΙΤΠΤΙΟ
1169 308 1274 375 RDL.
1297 308 1479 375 eumue.
1505 314 1595 374 1559.
1823 348 1826 353 ·
2172 314 2238 377 240

227 503 319 568 intra
340 523 375 566 se
394 502 577 583 reperiant,
606 499 687 581 quid
709 497 912 580 vestigandis
941 497 1106 561 extraneis
1128 518 1204 561 cau·
1256 497 1434 579 etinpnatia,
1456 499 1533 578 qaia
1552 498 1683 562 mebinde
1704 499 1822 581 obrepit
1840 500 1985 579 fidelibus
2007 501 2146 581 ipnama
2169 503 2236 566 nini

229 591 274 655 sis
295 589 439 663 inhiant,
467 608 509 650 ne
531 586 594 650 sibi
615 587 717 649 tuisse
739 585 832 648 exitii
855 593 984 647 autores
1007 582 1203 647 videantur?
1256 584 1438 663 mmipatnr.
1484 583 1522 647 Si
1543 585 1616 665 qna
1636 589 1740 648 tamen
1754 587 1828 650 inde
1844 586 1969 667 inferat,
1991 587 2026 648 in
2043 606 2152 651 eornm
2168 607 2236 652 ecee

230 674 377 756 Quodsi
401 693 515 737 verum
536 682 594 748 est,
618 693 684 749 sue,
708 693 774 735 non
788 670 895 734 aliene
915 669 1005 747 vitio,
1028 676 1063 731 et
1085 667 1204 733 divinis
1256 668 1386 732 arbitrie
1412 669 1515 750 secem
1541 671 1677 733 οὸἱοέοοι
1703 671 1814 748 lucen,
1841 671 1935 752 facile
1954 672 2144 751 reserabitur
2165 674 2236 738 eine

228 760 394 825 beneficiis
411 759 534 841 privari
558 769 759 855 peccateres,
783 765 817 819 et
838 754 1016 852 ultionibus
1035 755 1200 838 castigari,
1256 755 1391 831 inscitia,
1414 756 1491 834 qnia
1512 755 1587 820 baec
1608 757 1681 836 ipae
1695 757 1855 855 'sedulitas
1876 779 1971 838 qaam
1991 760 2124 838 requirit
2148 757 2236 823 Pac·

228 841 1204 1009 11111111111111311111111111111111111
1256 838 2235 1022 {circamanentium

229 1028 307 1085 cant
328 1019 363 1081 in
385 1015 624 1080 calamitatibus
646 1035 741 1077 suam
767 1014 876 1094 petius
904 1011 1082 1095 nequitiam
1109 1032 1203 1078 aceu-
1256 1016 1389 1093 optritae
1408 1013 1471 1076 arbi
1492 1014 1550 1076 nni
1569 1015 1899 1080 eerreeerandimnmta
1912 1016 2057 1080 emite.
2089 1014 2234 1098 Decipere

229 1126 302 1171 sare
324 1114 358 1168 et
380 1100 543 1176 detestari,
566 1122 664 1182 quam
687 1100 794 1163 Deum
816 1099 948 1179 iniquae
976 1098 1132 1163 saevitiae
1152 1098 1204 1162 in·
1251 1117 1314 1177 per
1341 1100 1561 1162 mneesemrrem
1597 1098 1640 1162 ad
1666 1119 1722 1163 neo
1749 1101 1920 1182 transferri
1952 1103 2034 1181 qnod
2062 1102 2098 1165 in
2126 1101 2233 1167 Deam

229 1190 401 1266 simulare;
430 1189 457 1252 si
485 1186 682 1251 docilitatem
705 1206 771 1248 non
792 1192 969 1260 exuerunt,
998 1194 1205 1265 pausaturum
1256 1184 1410 1264 competit,
1443 1204 1482 1247 ea
1513 1182 1646 1248 loannis
1673 1185 1773 1249 eerbit
1794 1188 1909 1265 palam
1935 1190 1995 1270 eet:
2026 1189 2233 1269 911111]κὶ115

230 1275 339 1341 taedio
361 1275 446 1356 capti
469 1273 625 1357 (querum
646 1270 763 1334 merito
785 1271 921 1334 miseros
943 1290 978 1334 se
1000 1291 1038 1334 ac
1059 1268 1204 1351 perditos
1257 1266 1325 1332 Dee
1351 1273 1409 1347 att,
1441 1275 1603 1334 eereat·ee
1627 1271 1733 1350 ipsam
1764 1271 1797 1354 (l
1818 1272 1931 1337 Ieann.
1953 1277 1981 1348 5,
2009 1271 2071 1354 18).
2123 1273 2235 1339 Vocem

230 1362 359 1444 vident)
378 1360 412 1423 in
432 1360 520 1423 viam
541 1356 691 1431 redeant,
720 1378 757 1421 ae
780 1355 814 1420 id
835 1357 945 1438 ipsum
974 1356 1059 1419 seria
1080 1355 1204 1420 cenfes-
1255 1352 1335 1417 banc
1355 1355 1517 1434 arripiant
1537 1355 1629 1420 liberi
1649 1355 1775 1420 arbitrii
1792 1378 1971 1439 macrones,
1997 1360 2092 1439 qnasi
2108 1361 2233 1441 partim

232 1450 323 1515 siene
344 1452 524 1529 agnoscant
544 1439 630 1524 qued
651 1443 814 1507 Dominus
840 1440 1041 1524 obiurgando
1063 1461 1204 1505 cemme-
1256 1438 1320 1503 Dei
1340 1440 1460 1519 uirtute,
1477 1442 1599 1521 partim
1619 1448 1727 1506 nestra
1746 1462 1912 1510 armenem.
1949 1445 2050 1526 Quasi
2065 1466 2138 1510 cere
2154 1445 2234 1511 barte

230 1540 345 1599 morat.
389 1530 431 1594 In
452 1550 548 1612 quem
570 1548 668 1592 usum
684 1528 766 1605 illas,
786 1548 869 1610 quac
886 1529 1038 1601 citantur,
1062 1525 1203 1610 prephe-
1255 1524 1362 1604 ipsam
1382 1526 1562 1604 ennodium,
1584 1528 1676 1592 cuins
1696 1529 1854 1608 apmtelne
1872 1532 2020 1607 manmit,
2041 1551 2104 1595 nen
2122 1531 2234 1597 babea-

230 1627 340 1684 tarum
357 1615 601 1699 obiurgationes
620 1613 707 1696 apud
723 1615 794 1696 pios
812 1613 994 1696 proiecisse,
1017 1634 1059 1676 ex
1077 1612 1203 1677 solenni
1255 1630 1327 1674 mre
1347 1631 1364 1675 ο
1382 1612 1470 1677 mete.
1520 1611 1608 1677 Unde
1627 1619 1656 1678 et
1671 1619 1796 1695 patrem
1823 1637 1843 1679 r
1936 1615 2080 1683 Obrietne
2101 1615 2231 1698 (Ieann.

228 1703 380 1769 Danielis
401 1702 545 1765 eratione
566 1707 702 1778 constat,
726 1720 808 1782 quac
827 1698 967 1764 habetur
984 1699 1090 1781 capite
1107 1719 1202 1762 neno.
1261 1699 1308 1774 11,
1332 1696 1395 1779 15),
1423 1703 1458 1761 nt
1478 1718 1534 1762 nee
1556 1719 1577 1763 a
1598 1699 1682 1764 maie
1702 1705 1806 1764 cernet.
1916 1703 2033 1767 eamne
2050 1703 2132 1784 pice,
2154 1705 2232 1768 aaa

228 1790 356 1857 Prioris
377 1795 486 1852 autem
508 1808 588 1851 usus
609 1785 798 1868 exemplum
819 1786 988 1849 intuemur
1008 1785 1044 1848 in
1062 1782 1202 1861 Iudaeis,
1256 1781 1408 1847 οάοονοιαο
1432 1789 1578 1848 satanam
1605 1785 1755 1863 inditant,
1778 1807 1841 1851 nen
1868 1788 1946 1853 aliia
1972 1809 2069 1870 quam
2093 1788 2159 1853 Dei
2180 1810 2233 1854 ar·

230 1876 347 1959 quibus
374 1894 509 1938 suarum
536 1871 744 1936 miseriarum
772 1892 905 1936 eausam
931 1891 1086 1934 enarrare
1115 1869 1203 1934 Iere-
1255 1869 1318 1932 mie
1344 1870 1507 1934 uictoriam
1528 1871 1679 1951 mmeqm.
1724 1871 1837 1953 Itaque
1865 1871 1994 1952 Petrae,
2022 1874 2077 1938 abi
2103 1877 2233 1942 animae

229 1963 312 2028 mins
333 1961 378 2044 (7,
398 1959 454 2042 27)
476 1958 622 2034 iubetur;
647 1978 750 2038 quum
773 1967 884 2022 tamen
905 1977 973 2021 nen
995 1956 1090 2021 aliter
1110 1977 1204 2020 casu·
1250 1952 1427 2034 parificare
1448 1956 1543 2019 insuit
1563 1956 1600 2020 in
1620 1957 1790 2022 ebedierdia
1811 1961 2054 2039 certata-mea
2075 1963 2232 2029 corredie-

228 2069 303 2112 rum
327 2053 413 2111 esset
441 2063 541 2127 quam
560 2043 724 2108 Dominus
751 2043 972 2125 praedixerat:
1002 2042 1144 2126 loqueris
1162 2041 1204 2106 ad
1257 2040 1309 2103 nie
1330 2041 1394 2104 uice
1411 2040 1507 2117 addit,
1525 2062 1585 2122 per
1601 2043 1751 2123 spiritum
1768 2045 1800 2128 (1
1822 2045 1910 2109 Patr.
1934 2050 1960 2124 1,
1980 2045 2045 2129 21).
2078 2046 2232 2129 Denique,

229 2155 286 2200 ecs
306 2131 417 2197 omnia
438 2130 539 2195 verba
559 2129 654 2204 haec,
684 2136 717 2193 et
743 2149 810 2192 nen
838 2127 973 2193 audiam
993 2137 1041 2206 te;
1073 2127 1204 2193 vocabis
1257 2145 1352 2206 enam
1377 2125 1472 2190 nihili
1498 2129 1563 2192 emt
1588 2147 1692 2193 οοιοοο
1721 2128 1878 2196 hnmanae
1902 2132 1986 2197 aare
2008 2133 2044 2196 in
2066 2135 2232 2199 erantne

230 2240 294 2296 ees,
313 2227 346 2282 et
362 2238 430 2281 nen
447 2214 691 2298 respondebunt
708 2213 775 2278 tibi.
805 2214 972 2296 Quorsum
989 2214 1091 2297 igitur
1108 2234 1204 2277 eane-
1255 2211 1434 2293 spirituaii,
1464 2211 1596 2277 meritur
1623 2214 1754 2278 mtertdit
1775 2215 1925 2295 loannes,
1954 2239 2052 2299 qam
2077 2221 2176 2284 tradit
2195 2221 2228 2305 (1

228 2305 328 2370 batur
360 2299 490 2367 surdis?
527 2308 566 2366 ut
597 2300 747 2365 nolentes
779 2322 817 2366 ae
856 2301 952 2365 inviti
984 2298 1206 2383 intelligerent
1256 2294 1369 2363 Ieaun.
1389 2301 1418 2376 3,
1439 2298 1484 2383 9),
1501 2319 1563 2363 nen
1574 2319 1667 2380 peace
1681 2321 1808 2380 peeetrre
1824 2304 1881 2383 qni
1901 2303 2019 2368 ecDee
2037 2305 2133 2387 ymiti
2150 2312 2231 2380 earet,

230 2410 349 2458 verum
370 2409 441 2453 esse
468 2384 556 2470 qued
577 2385 768 2452 audiebant:
793 2386 955 2450 nefarium
975 2406 1046 2451 esse
1074 2384 1206 2450 saerile-
1256 2383 1334 2464 qua
1361 2403 1463 2448 semen
1490 2383 1554 2449 Dei
1582 2386 1618 2449 in
1646 2386 1714 2451 illie
1743 2393 1853 2452 manet.
1897 2391 1948 2454 Ac
1974 2392 2126 2455 rationem
2153 2392 2232 2457 alibi

231 2476 338 2561 giam,
367 2475 394 2539 si
416 2472 578 2537 malorum
606 2493 740 2536 suerum
767 2473 912 2555 eulpam,
945 2491 1027 2553 quae
1058 2471 1093 2534 in
1125 2471 1205 2553 ipsis'
1258 2470 1303 2552 (5,
1322 2468 1358 2552 4)
1379 2470 1496 2548 reddit,
1518 2471 1601 2551 qnod
1620 2469 1829 2550 fideenodrd
1852 2476 1895 2538 eit
1915 2476 2045 2541 uictoria
2065 2497 2146 2557 qnae
2164 2480 2231 2542 ein·

231 2561 409 2639 residebat,
433 2558 505 2624 Dee
524 2558 807 2623 transseriberent
852 2557 973 2622 Paucis
995 2556 1048 2621 his
1069 2556 1204 2622 solutio-
1257 2555 1299 2619 eit
1319 2555 1478 2621 madum.

228 2648 328 2713 nibus
349 2645 504 2730 expedire
526 2653 558 2709 te
575 2644 728 2709 facillime
745 2644 850 2728 pessis
872 2643 913 2707 ab
934 2645 1095 2707 immensa
1112 2642 1204 2706 testi-
1347 2645 1396 2705 12.
1439 2641 1570 2707 (litatur
1592 2651 1702 2708 tamen
1724 2644 1764 2709 de
1785 2644 1859 2729 lege
1876 2647 1980 2712 Mesia
1997 2649 2229 2726 testimenium,

229 2733 416 2800 monierum
438 2731 604 2814 congerie,
627 2750 725 2812 quam
752 2729 793 2794 ad
815 2726 1006 2813 erigendum
1035 2727 1129 2793 liberi
1151 2749 1204 2792 ar·
1257 2725 1343 2810 quod
1381 2726 1536 2793 solutioni
1571 2737 1704 2794 nestrae
1743 2730 1839 2796 valde
1878 2732 2047 2798 aduersari
2090 2731 2229 2799 videtur.

229 2819 320 2886 bitrii
341 2817 553 2885 simulacrum
575 2816 686 2881 hostes
708 2816 834 2899 gratiae
854 2814 919 2881 Dei
941 2821 1068 2879 struere
1089 2814 1203 2892 solent,
1256 2812 1343 2878 Nam
1364 2812 1421 2878 ille
1451 2813 1607 2896 populum
1633 2824 1707 2897 pest
1734 2815 1841 2900 legem
1860 2819 2115 2904 promulgatam,
2142 2819 2231 2887 hune

229 2912 300 2972 tam
321 2926 363 2969 cx
391 2902 574 2987 praeceptis
601 2923 700 2984 quam
722 2923 764 2966 ex
790 2900 1061 2966 obtestationibus
1088 2897 1204 2965 adver·
1258 2900 1295 2964 in
1327 2897 1460 2990 medum
1492 2905 1693 2965 contestatru
1725 2901 1839 2987 (Dent
1859 2906 1910 2981 30,
1938 2911 2007 2990 ll):
2041 2904 2233 2972 mandatum

189 2986 197 2997 '
231 3013 289 3058 sus
320 2989 403 3073 legis
441 2997 707 3071 transgressores.
765 2985 916 3051 Prebrece
935 2987 974 3053 de
1007 2986 1139 3052 Indaeia
1170 2987 1206 3049 in
1256 2985 1319 3051 hee
1352 2989 1438 3068 qued
1469 2985 1633 3069 praecipio
1662 2987 1721 3053 tibi
1755 2987 1851 3053 hodic
1879 3010 1948 3055 nen
1977 2999 2028 3056 est
2056 2991 2230 3070 occultum,

234 3075 363 3142 Peabne
390 3074 456 3159 (78,
475 3073 511 3158 8)
534 3072 684 3155 refertur:
714 3073 872 3155 emeratio
898 3092 1004 3155 ‚mana
1037 3092 1117 3153 qnae
1143 3091 1205 3135 nen
1256 3092 1364 3154 neque
1391 3070 1504 3154 presul
1531 3072 1687 3154 pesitum,
1720 3095 1826 3157 neque
1854 3076 1890 3140 in
1912 3076 2000 3142 eccle
2022 3076 2137 3154 situm,
2171 3076 2231 3142 sed

232 3161 350 3229 direxit
365 3179 417 3224 eor
437 3179 537 3224 mrum.
583 3158 659 3224 Alio
679 3158 775 3222 etiarn
798 3157 927 3223 Psalmo
970 3163 1020 3235 95,
1039 3157 1074 3241 8)
1101 3157 1204 3222 herta·
1256 3158 1352 3222 iuxta
1373 3165 1406 3222 te
1427 3168 1492 3235 est,
1521 3157 1557 3221 in
1578 3179 1634 3223 ore
1656 3166 1712 3224 tue
1738 3168 1773 3225 et
1793 3161 1829 3225 in
1850 3161 2041 3241 cordetuo,
2070 3169 2109 3225 ut
2128 3162 2231 3229 facias

232 3251 286 3313 inr
300 3244 454 3327 propbeta
470 3265 546 3310 arae
567 3245 679 3309 adatia
699 3243 851 3322 heminae,
878 3265 917 3309 ne
1040 3248 1090 3308 ent
1110 3243 1205 3308 cerda
1256 3241 1348 3308 illud
1392 3243 1485 3308 Hace
1505 3251 1593 3309 ecrte
1620 3244 1649 3310 si
1671 3242 1712 3308 dc
1739 3246 1836 3311 nudis
1862 3248 2043 3330 praereptis
2069 3246 2157 3312 dicta
2178 3249 2231 3313 in·

232 3353 310 3412 ena;
338 3351 445 3412 nempe
470 3331 547 3411 qaia
573 3331 674 3394 onmia
702 3332 912 3395 centnmadee
938 3329 1031 3409 calpa
1053 3330 1089 3394 in
1108 3328 1206 3394 bemi-
1255 3330 1463 3413 telligantur,
1497 3329 1615 3405 fateor,
1649 3328 1691 3394 ad
1713 3352 1849 3398 causam
1875 3341 2081 3415 praesentem
2108 3333 2231 3400 habere

234 3439 311 3484 nam
326 3418 486 3497 prardde
507 3414 618 3481 iamet.
664 3414 725 3481 Sed
749 3416 840 3480 stulte
860 3417 933 3480 inde
953 3415 1126 3499 mitipitnr,
1153 3434 1205 3480 eor
1255 3435 1324 3480 nen
1345 3436 1465 3499 parum
1485 3417 1652 3480 momenti
1696 3417 1783 3482 Nam
1802 3418 1865 3484 etsi
1890 3418 2023 3485 eludere
2050 3419 2133 3485 levis
2154 3442 2231 3504 epe-

233 3503 270 3568 in
290 3507 453 3583 ntrarrrqne
476 3507 603 3581 partera
624 3520 688 3566 eree
705 3501 856 3580 flmdde,
884 3502 976 3566 atae
997 3501 1205 3583 praeparatio
1256 3522 1313 3566 rao
1332 3501 1446 3578 tuerit,
1473 3501 1559 3584 quod
1587 3502 1640 3567 hic
1666 3524 1733 3568 non
1754 3503 1795 3568 de
1817 3505 2053 3571 observationis
2075 3504 2133 3571 sed
2154 3528 2229 3590 ceg-

232 3586 347 3655 aDee
375 3592 426 3652 ert.
476 3584 565 3650 Dicit
588 3586 738 3669 propbeta
754 3587 867 3671 .(Psal.
895 3591 964 3666 119,
993 3586 1083 3669 112):
1117 3587 1205 3652 ineli-
1256 3587 1389 3652 nitienis
1410 3586 1565 3652 facilitate
1587 3597 1621 3652 et
1647 3587 1852 3672 proclivitate
1876 3599 2003 3674 agatur,
2033 3592 2229 3656 nonnullum

231 3675 308 3738 nari
329 3692 380 3736 cer
407 3692 510 3736 meum
537 3673 580 3739 ad
601 3672 789 3737 οὸεονοαοάο
804 3678 972 3754 praecepta
993 3677 1065 3753 aaa
1097 3692 1204 3754 nempe
1256 3681 1366 3738 tamen
1393 3672 1586 3757 scrupulum
1619 3675 1666 3740 sie
1697 3695 1825 3757 quoque
1856 3677 1967 3741 forsan
1997 3677 2227 3760 relinquerent

230 3761 309 3843 qnia
329 3758 457 3824 liberter
482 3763 511 3822 et
531 3758 631 3822 bituri
652 3759 753 3822 animi
774 3760 982 3839 properatum
1004 3759 1072 3823 Dee
1093 3779 1126 3824 ae
1147 3757 1204 3824 ad
1256 3759 1385 3824 Verum
1411 3778 1542 3824 emnem
1569 3759 1664 3825 nobis
1692 3757 1929 3826 dubitationem
1956 3764 2072 3828 eximit
2099 3770 2229 3847 aposte-

230 3847 372 3923 dicerat,
404 3864 501 3926 neque
532 3849 636 3908 tamen
667 3865 700 3908 se
730 3843 945 3909 inclinationis
976 3850 1113 3910 autorem
1139 3864 1204 3910 eece
1255 3844 1322 3923 lus,
1344 3866 1410 3910 nen
1432 3844 1606 3942 ambiguus
1626 3846 1798 3928 interpres,
1828 3848 1884 3929 qui
1906 3846 1946 3912 de
1968 3848 2131 3933 evangelii
2153 3847 2228 3913 dee-

230 3932 342 4008 iactat
370 3951 467 4011 qnam
494 3931 530 3994 in
556 3931 658 3995 cedern
683 3929 810 3995 Psalmo
835 3929 952 4011 fatetm
980 3929 1045 3995 Dei
1065 3949 1130 3995 eece
1151 3930 1204 3995 de
1256 3931 1344 3995 trina
1364 3931 1481 3995 Mosen
1503 3929 1557 3995 lue
1583 3929 1756 4013 loquutum
1778 3953 1849 3998 esse
1876 3933 2020 4000 affirmat
2045 3934 2157 4018 (Rem.
2179 3939 2228 4014 10,

230 4036 315 4080 nam.
362 4015 472 4096 ltamae
498 4015 629 4081 menta
665 4014 763 4081 Pauli
790 4015 973 4095 admonitio,
1000 4017 1076 4081 dnm
1097 4015 1204 4096 fideles
1256 4020 1301 4101 8).
1323 4014 1423 4097 Quod
1444 4016 1473 4080 si
1494 4017 1567 4098 quie
1588 4017 1797 4082 refractarius
1817 4018 2005 4099 contendat,
2033 4020 2193 4086 violenter
2210 4041 2231 4084 a

231 4101 313 4166 iubet
334 4100 436 4184 (Phil.
457 4105 486 4180 2,
508 4101 573 4251 ml)
586 4103 710 4183 operari
734 4102 865 4167 animm
885 4123 976 4167 snam
997 4122 1068 4167 curn
1095 4103 1203 4165 tinere
1255 4101 1360 4167 Paule
1387 4101 1516 4166 detorta
1543 4101 1643 4167 fuisse
1671 4114 1708 4167 ut
1736 4103 1777 4168 ad
1804 4105 2012 4189 evangelium
2041 4106 2129 4170 trahi
2155 4127 2230 4190 pes-

230 4192 260 4253 et
280 4192 418 4265 tremere,
440 4189 518 4269 qnia
573 4208 629 4251 eree
649 4193 693 4252 eet
713 4188 769 4269 qni
785 4194 932 4268 eperatm
947 4193 976 4252 et
995 4187 1071 4252 nelle
1087 4191 1115 4251 et
1130 4207 1203 4268 per-
1255 4196 1345 4264 cant,
1367 4207 1554 4270 quanquam
1574 4189 1742 4272 impietate
1763 4210 1829 4254 nen
1849 4191 1973 4256 carebit
1993 4192 2063 4256 eius
2085 4191 2230 4270 audacie,

230 4272 330 4355 ficere.
376 4273 501 4356 Apendi
519 4273 644 4355 quidem
659 4279 771 4355 partes
792 4273 858 4338 illia
875 4275 1024 4355 accipitet,
1045 4293 1083 4337 ne
1100 4273 1204 4337 indul-
1256 4281 1439 4338 esttamen
1462 4285 1678 4356 quopraeter
1713 4276 1849 4358 apostoli
1882 4277 2092 4342 autoritatem
2117 4278 2230 4343 redar-

228 4364 322 4444 pecnt
337 4360 445 4423 carnia
461 4360 595 4441 terperi;
616 4360 671 4424 sed
687 4364 801 4424 mean
817 4364 846 4423 et
861 4359 1098 4424 edmdndinem
1109 4380 1214 4440 prae·
1255 4368 1386 4442 guatur.
1429 4359 1517 4423 Nam
1537 4360 1566 4423 si
1588 4360 1628 4426 de
1651 4362 1728 4428 selis
1750 4364 1930 4445 praeceptis
1951 4362 2144 4445 loquebatur
2156 4364 2231 4428 Μο-

230 4446 350 4526 cipieae
377 4446 424 4511 aie
449 4466 500 4510 eea
527 4444 687 4523 humiliat,
720 4450 756 4508 nt
781 4446 976 4509 meminerint
1006 4443 1060 4508 bec
1089 4447 1201 4527 ipanm,
1256 4465 1317 4523 scs,
1340 4446 1519 4510 vanissima
1547 4446 1745 4513 confidentia
1772 4449 1930 4531 populum
1951 4449 2095 4531 inflabat
2141 4447 2231 4530 Quid

229 4533 312 4614 qnod
334 4552 424 4614 apere
452 4532 608 4611 inbentnr,
625 4532 794 4612 preprium
821 4550 886 4594 esee
912 4529 976 4594 Dei
1004 4551 1089 4611 epae.
1138 4532 1203 4612 Qne
1256 4532 1346 4597 enim
1369 4531 1459 4596 aliud
1478 4553 1578 4613 quam
1600 4555 1635 4599 se
1657 4535 1939 4616 praecipitassent,
1968 4535 1996 4600 si
2018 4534 2100 4618 legis
2120 4536 2231 4601 obsen-

181 4654 184 4659 ·
229 4617 341 4683 diserte
362 4619 517 4698 etprimit,
534 4618 675 4699 pmeiee,
703 4621 738 4679 at
764 4618 813 4683 ita
839 4616 959 4695 maner,
989 4637 1079 4700 apere
1098 4617 1203 4698 fideles
1256 4617 1423 4682 nationem
1445 4620 1590 4701 aggressi
1613 4620 1721 4683 ferent
1749 4619 1817 4684 suis
1844 4621 1968 4686 viribus
1989 4628 2145 4704 tanquam
2167 4621 2230 4685 sibi

229 4710 382 4786 maenas
399 4724 415 4766 e
432 4705 510 4768 coeto
527 4705 706 4787 nipperdnr
720 4702 865 4784 faeritas,
888 4707 923 4765 nt
939 4701 1021 4767 nibil
1037 4704 1099 4768 cibi
1111 4723 1203 4785 pror·
1256 4724 1323 4768 nen
1356 4703 1542 4769 difficilem?
1586 4704 1652 4770 Ubi
1685 4725 1763 4787 erge
1795 4704 1878 4788 legis
1911 4706 2132 4772 observandae
2163 4706 2230 4770 ista

230 4874 847 4956 ,n
867 4787 1203 4954 mittun
1257 4790 1995 4942 511111111119111
2003 4814 2085 4944 a
2097 4791 2230 4944 eric

230 4924 370 5023 maedi
384 4923 471 5022 nebu
498 4960 650 5023 amandae
669 4967 776 5042 partes
803 4961 897 5040 cnaei
922 4924 1204 5042 separatim'qnid-
1255 4896 1306 5026 ist
1342 4897 1440 5045 qiiam
1472 4897 1589 5025 Miseri
1618 4958 1670 5024 his
1703 4962 1812 5029 verbis
1840 4964 2082 5030 misericordiae
2114 4962 2230 5029 foedus

229 5063 326 5125 qnam
346 5063 493 5127 warna,
523 5044 577 5108 ced
602 5049 722 5110 tarttmn
748 5047 855 5111 earnis
871 5047 1035 5129 pipritiem
1062 5067 1204 5128 eaperpe·
1255 5044 1546 5129 comprehendisse,
1570 5045 1657 5127 qued
1678 5068 1746 5111 una
1767 5069 1843 5113 eum
1865 5049 1947 5133 legis
1968 5048 2137 5117 exactione
2154 5070 2230 5133 pro-

228 5129 321 5212 sacit,
354 5151 418 5211 qne
438 5131 625 5211 eternaeque
660 5133 828 5212 saiibcatar
859 5133 932 5213 ipaa
957 5133 1042 5214 fides.
1086 5131 1204 5197 Eodem
1255 5133 1467 5216 mulgaucrat
1520 5129 1607 5194 Nam
1633 5140 1666 5195 et
1691 5134 1803 5215 paucis
1832 5143 1907 5200 ante
1934 5136 2084 5202 versibus
2113 5135 2228 5219 (Dent.

230 5219 344 5298 spectat
366 5216 447 5281 idad
468 5215 568 5281 Penii
590 5215 623 5302 (l
644 5216 757 5282 Thess.
779 5223 807 5294 5,
830 5219 900 5301 19).·
920 5219 1070 5300 spiritam
1089 5239 1128 5284 ne
1154 5238 1204 5283 ec·
1256 5222 1307 5297 30,
1325 5219 1362 5302 8)
1378 5216 1542 5293 decuerat,
1561 5217 1750 5285 eircumcidi
1767 5240 1870 5286 manu
1884 5221 1950 5287 Dei
1966 5231 2115 5305 opertere
2132 5221 2232 5287 cerda
