4672 5842
880 275 1146 346 INSTITUTIO
1168 276 1273 342 REL.
1294 273 1476 343 CHRIST.
1502 281 1594 342 1559.
2181 278 2241 338 118

235 285 297 346 141

235 476 288 535 tas
303 490 400 551 penes
423 471 526 550 ipsum
548 469 603 544 sit,
627 468 660 530 in
681 469 774 531 66166
788 469 986 548 possessione
1007 472 1080 532 sunt
1101 469 1215 532 coctum
1239 489 1243 541 ε
1266 466 1445 548 Epicureos
1485 465 1564 546 (qua
1594 474 1685 548 peste
1715 466 1856 531 refertus
1888 487 2017 548 semper
2054 467 2114 529 fuit
2146 487 2242 528 mun-

238 561 372 632 611666,
392 560 419 617 61
440 555 531 617 anites
552 559 661 617 nutum
682 556 852 635 respiciunt
869 575 972 618 onrnes
989 559 1168 639 creaturae,
1181 558 1217 616 ut
1239 550 1243 627 l
1268 549 1357 635 dus),
1397 551 1453 633 qni
1481 550 1590 614 Deum
1627 553 1766 616 otiosum
1815 554 2017 633 inertemque
2063 552 2244 630 somniant;

238 663 271 707 se
292 643 327 703 ia
349 639 524 720 obsequium
545 640 703 703 addicant.
736 640 859 705 Deinde
875 641 957 720 quod
974 661 1078 705 secure
1095 641 1128 702 in
1147 641 1217 705 eius
1240 674 1243 687 =
1268 637 1412 719 aliosque
1444 636 1549 700 nihilo
1577 639 1735 712 saniores,
1769 640 1825 720 qui
1853 638 1930 702 olim
1958 638 2134 703 commenti
2167 646 2246 702 sunt

232 728 420 810 protodionc
446 726 598 806 quiescere
624 726 705 803 ticet,
734 729 825 789 66166
854 725 985 790 arbitrio
1012 746 1116 790 omnies
1146 726 1217 789 sub
1240 716 1243 795 1
1267 724 1376 788 Deum
1404 724 1451 786 ita
1479 722 1638 787 dominari
1666 745 1766 806 supra
1792 723 1932 788 mediam
1962 726 2046 788 aeris
2067 725 2244 807 regionem,

239 814 340 877 iacent
362 832 442 890 quac
464 811 607 875 alicunde
629 812 733 875 timeri
749 817 884 892 possunt
904 833 1018 890 66666,
1048 813 1139 876 cirins
1162 814 1216 875 im-
1240 800 1243 853 l
1268 819 1305 873 ut
1328 809 1483 872 inferiora
1504 809 1654 873 fortunae
1682 809 1888 892 relinqueret.
1934 807 2105 892 Siquidem
2128 809 2245 874 adver-

234 897 332 980 pcrio‚
357 917 525 960 66666666
549 897 1099 977 6616666666666166661666666
1121 899 1217 962 66161-
1241 866 1244 943 1
1269 917 1324 960 sus
1357 904 1424 958 tam
1454 894 1638 959 evidentem
1666 896 1826 959 insaniam
1857 897 1936 960 satis
1964 895 2107 960 clamant
2134 906 2246 958 mutae

240 983 298 1048 bns
319 984 389 1047 suis
409 984 508 1064 furiis
530 988 646 1062 totoque
668 989 835 1064 (opparatu,
856 1005 877 1046 a
898 987 990 1047 66166
1012 989 1088 1047 6616
1104 985 1219 1066 pendet
1241 962 1245 1059 1
1269 982 1358 1063 ipsae
1386 989 1563 1045 creaturae.
1611 982 1705 1044 Nunc
1728 983 1810 1045 enim
1831 983 2011 1046 6661661166
2034 982 2138 1059 illuni,
2166 1001 2247 1061 quae

240 1069 394 1151 quidquid
422 1070 519 1133 satuti
540 1075 663 1131 nostrae
684 1070 885 1147 6616666166,-
914 1090 965 1133 nec
992 1071 1083 1134 aliter
1103 1071 1219 1152 corripi
1242 1074 1245 1145 1
1270 1068 1360 1149 outqo
1380 1068 1446 1148 fere
1467 1066 1605 1144 obt—inuit,
1631 1068 1767 1148 restitere
1782 1069 1981 1147 propesitum
2002 1072 2054 1145 est,
2078 1088 2158 1148 qum
2179 1087 2246 1131 cae·

240 1154 286 1218 661
318 1154 423 1218 sedari
451 1159 583 1235 posunt
615 1155 772 1218 irrtmodici
812 1161 839 1218 et
871 1158 1078 1237 superstibosi
1110 1162 1217 1234 666166,
1242 1150 1245 1211 l
1270 1174 1338 1216 cont
1359 1152 1447 1217 modo
1468 1152 1568 1217 neseio
1595 1174 1690 1233 quern
1717 1159 1745 1217 ct
1772 1154 1950 1235 anrbipuam
1971 1154 2131 1217 mutuom
2150 1174 2248 1234 quum

240 1261 318 1323 qrtos
338 1239 467 1303 subinde
489 1261 526 1302 ec
542 1240 755 1320 periculorum
778 1241 891 1304 obiectu
914 1243 1110 1324 corrupimus.
1153 1241 1217 1306 Su·
1242 1243 1246 1333 j

240 1325 425 1408 perstitiose
448 1347 507 1389 nos
530 1347 599 1388 esse
623 1325 752 1390 timidos
774 1325 860 1401 dico,
891 1328 918 1390 si
941 1329 1066 1410 quoties
1088 1329 1217 1392 minan·
1243 1340 1246 1347 '

241 1420 297 1475 tur
318 1410 411 1474 nobis
435 1422 611 1483 creaturae,
635 1412 684 1474 vel
709 1421 867 1476 terrorem
890 1412 1031 1495 aliquem
1054 1415 1217 1496 ingerunt,

240 1496 377 1580 perinde
404 1496 652 1579 expavescimus
685 1519 722 1561 ac
751 1499 777 1561 si
806 1519 904 1580 quam
933 1521 974 1563 en
1002 1522 1036 1564 se
1063 1502 1131 1563 tim
1159 1522 1218 1563 no·

242 1582 335 1649 cendi
359 1581 515 1646 haberent
538 1605 574 1646 ae
597 1590 804 1663 potestatem,
833 1584 886 1647 vel
908 1593 1031 1650 temere
1053 1585 1220 1650 laederent

243 1690 280 1733 ac
312 1668 461 1745 fortuito,
495 1668 546 1731 vel
578 1667 734 1732 adversus
768 1689 881 1732 earum
914 1692 1017 1734 noxas
1045 1694 1110 1735 non
1140 1674 1219 1735 satis

243 1764 328 1818 esset
361 1755 393 1816 in
422 1753 493 1817 Dee
523 1753 646 1817 cruxilii.
691 1754 843 1836 Exempli
873 1759 993 1838 gratia,
1028 1766 1118 1821 vetat
1144 1779 1219 1839 pre-

1270 1238 1338 1302 Deo
1356 1239 1509 1313 666666161,
1532 1239 1613 1319 6661
1629 1241 1837 1319 praecipuum
1858 1246 1902 1303 est
1923 1239 1974 1303 illi
1996 1240 2119 1316 adiurit,
2146 1245 2178 1302 ut
2200 1241 2247 1302 in-

1271 1324 1534 1404 comprehensibili
1556 1327 1713 1403 sapientio
1734 1346 1871 1405 qtmequc
1898 1326 2019 1407 diriqat
2045 1346 2082 1389 ac
2102 1327 2249 1405 disponat

1271 1410 1315 1473 ud
1334 1430 1427 1472 66666
1446 1409 1557 1489 fintene:
1579 1415 1669 1490 utque
1690 1413 1736 1474 ita
1757 1412 1845 1474 uerba
1867 1417 1984 1475 1661666
2008 1432 2068 1474 666-
2088 1432 2121 1474 re
2142 1411 2248 1475 Deum

1269 1497 1348 1577 fucit
1370 1496 1479 1559 ›rtrtrtcli
1501 1501 1651 1573 rectorem,
1674 1499 1751 1576 quia
1768 1497 2005 1561 arroderationcrn
2026 1499 2127 1577 erupit.
2157 1495 2248 1576 Quid

1272 1583 1369 1659 enim,
1388 1603 1516 1662 quaeso,
1536 1591 1587 1646 est
1603 1582 1766 1646 moderari
1783 1583 1847 1646 nisi
1864 1584 1910 1646 ita
1927 1604 2076 1664 praeesse
2093 1599 2131 1646 ut
2149 1583 2247 1647 desti·

1271 1678 1349 1730 nato
1377 1666 1490 1730 ordine
1518 1688 1557 1730 ea
1579 1689 1673 1751 regas
1695 1668 1812 1750 quibus
1834 1669 1969 1750 praees?
2016 1669 2125 1750 Neque
2145 1674 2248 1733 temen

1271 1754 1351 1834 quod
1383 1754 1420 1817 dc
1446 1754 1617 1816 6616666611
1644 1755 1842 1833 procidentia
1870 1755 1985 1818 dicitur
2011 1755 2043 1818 io
2073 1760 2169 1819 toturn
2201 1776 2247 1818 rc·

241 1839 342 1923 pheta
370 1840 448 1921 (Ier.
472 1844 526 1916 ld,
548 1839 583 1922 2)
610 1862 651 1902 ne
679 1862 698 1903 a
727 1840 829 1903 stellis
857 1852 889 1905 et
918 1843 1021 1921 signis
1050 1843 1129 1907 coeli
1150 1864 1218 1906 me.
1244 1840 1247 1899 l
1265 1840 1382 1919 podia·
1414 1839 2205 1918 666616616166161166661116666661661,66661666
2226 1862 2248 1903 6

243 1933 339 1989 16661
358 1925 415 1988 filii
434 1924 507 2001 Dei,
530 1923 803 2006 quemadmodum
823 1927 981 1992 inereduli
1000 1929 1115 1992 solent.
1144 1930 1220 1992 Non
1244 1960 1247 1977 ·

244 2011 422 2093 quemlibet
443 2023 531 2075 certe
553 2012 703 2074 timerem
723 2011 864 2077 damnat.
900 2012 966 2079 Sed
986 2038 1086 2097 quum
1105 2014 1218 2078 mundi

242 2097 513 2180 gubernationem
536 2117 555 2158 a
572 2098 643 2160 Dee
666 2097 706 2160 ad
730 2105 817 2162 astra
840 2101 1040 2164 transierant
1061 2101 1218 2175 infideles,

241 2204 335 2246 suam
366 2182 417 2246 vel
440 2182 626 2246 felicitatem
650 2182 701 2246 vel
726 2184 891 2248 miseriam
915 2186 955 2250 ab
979 2199 1142 2251 astrorum
1164 2186 1219 2250 de·

241 2269 339 2334 eretis
357 2280 390 2331 et
408 2269 595 2351 praesagiis,
619 2279 811 2333 nouantem
831 2293 850 2334 a
868 2272 931 2335 Dei
951 2273 1118 2337 volontate
1141 2295 1219 2355 pen·

242 2353 318 2418 dere
340 2356 486 2436 fingunt;
521 2355 567 2417 ita
596 2355 632 2416 fit
661 2364 698 2417 ut
724 2356 822 2418 timor
844 2378 971 2435 eorum,
1001 2359 1041 2422 ab
1070 2380 1136 2422 uno
1164 2358 1219 2422 illo

241 2461 336 2521 quem
360 2441 521 2522 respicere
544 2439 716 2512 debebant,
746 2440 787 2504 ad
812 2442 922 2507 stellas
944 2453 977 2507 et
998 2453 1141 2508 cometas
1163 2443 1219 2508 ab·

241 2526 419 2590 strahatur.
476 2525 528 2588 Ab
563 2525 624 2589 hac
657 2526 757 2609 igitur
792 2526 984 2592 infidelitate
1018 2531 1072 2611 qui
1105 2552 1220 2594 cavere

242 2610 343 2691 volet,
378 2612 535 2674 meritoria
563 2634 691 2693 semper
719 2621 843 2689 teneat,
871 2634 936 2677 nen
966 2616 1137 2679 erraticam
1169 2616 1221 2679 vel

241 2697 431 2780 potentiam,
455 2696 506 2760 vel
530 2699 699 2775 actionem,
723 2697 774 2762 vel
793 2701 970 2763 motionem
989 2722 1059 2765 esse
1077 2703 1112 2764 in
1131 2722 1220 2765 eren

241 2784 338 2861 turis;
370 2783 425 2847 sed
447 2803 562 2847 666666
585 2783 649 2848 1161
670 2783 797 2848 consitio
818 2786 864 2849 sic
885 2788 965 2868 rapi,
994 2786 1133 2850 6161111
1153 2807 1221 2852 con-

240 2870 340 2952 tinqot
362 2870 427 2932 nisi
445 2870 483 2932 ab
505 2869 575 2948 ipso
597 2870 705 2933 6616616
727 2872 889 2935 6166166616
911 2873 1069 2936 6166661666..

331 2959 360 3018 4.
404 2953 569 3035 Principio
591 2955 689 3036 iqitur
709 2961 829 3020 teneant
851 2956 973 3022 16616666
989 2959 1222 3040 procidentiam

244 3041 363 3116 uocari,
393 3060 453 3102 666
480 3062 543 3120 qua
565 3039 655 3103 Deus
677 3061 693 3103 e
714 3041 791 3105 coeto
813 3043 928 3106 6116666
949 3045 1121 3123 speculetur
1142 3066 1222 3125 quae

245 3125 280 3188 in
302 3125 416 3187 nturido
436 3125 525 3203 finiit,
548 3126 601 3189 sed
622 3147 685 3206 quo
706 3127 800 3191 661611
821 3127 943 3193 clauum
964 3136 1075 3207 tenens,
1098 3137 1222 3195 euentus

245 3229 348 3274 661666
375 3210 558 3274 auderetur.
604 3210 658 3275 Ita
688 3234 748 3276 666
777 3214 884 3278 minus
916 3216 958 3278 cd
984 3237 1098 3280 manus
1126 3238 1222 3298 quam

245 3296 289 3360 ad
310 3295 410 3360 oculus
427 3298 570 3375 pertirut.
616 3298 681 3362 Nec
702 3299 798 3377 66166,
821 3320 917 3380 quarn
937 3302 1006 3381 filio
1028 3323 1084 3366 suo
1106 3303 1222 3367 dicclrat

244 3381 424 3446 Abrabam:
446 3381 535 3446 Dens
551 3383 738 3464 providebit,
765 3389 885 3449 tantum
912 3388 1027 3452 volebat
1042 3389 1222 3468 praescium

242 3469 347 3549 161661
373 3473 496 3531 6666166
518 3490 665 3548 asserere,
694 3471 747 3534 sed
774 3491 884 3535 curam
910 3475 957 3537 rei
984 3475 1154 3556 incoquitae
1187 3475 1222 3538 16

245 3555 314 3618 eius
335 3553 523 3617 6616616166
544 3557 685 3635 reticere,
713 3557 768 3637 qui
797 3557 887 3622 rebus
903 3560 1068 3639 perpletis
1095 3565 1122 3623 ct
1155 3579 1222 3624 con-

242 3640 329 3721 fusis
351 3640 467 3702 6611616
489 3640 565 3704 dare
586 3643 666 3706 solet.
718 3642 803 3707 11616
826 3646 973 3724 sequitur,
991 3647 1222 3724 procidentiam

244 3726 280 3789 in
307 3724 504 3790 6616166661,
548 3726 655 3791 Nimis
684 3729 766 3791 enini
794 3729 908 3793 inseite
935 3739 1104 3812 nugantur
1125 3731 1223 3794 multi

245 3811 285 3875 de
311 3810 400 3875 nuda
422 3813 645 3892 praescientia.
691 3814 766 3877 Non
795 3822 861 3877 tarn
885 3837 1015 3881 crassus
1038 3828 1087 3881 est
1109 3839 1221 3882 eorum

245 3917 336 3960 error
363 3897 418 3979 qui
448 3899 717 3979 gubernationem
739 3900 810 3963 Dee
833 3901 1032 3980 attribuunt,
1060 3902 1116 3967 sed
1145 3925 1222 3967 con-

243 3983 351 4047 fusam
381 3992 414 4046 et
443 3986 675 4065 promiscuam,
706 3995 743 4049 ut
771 3985 838 4049 dixi
845 4009 853 4065 ;
885 4008 1003 4069 nempe
1030 4009 1113 4069 quae
1135 3988 1222 4053 orbis

244 4068 431 4133 machinam
454 4091 528 4134 cum
550 4070 689 4154 singulis
711 4072 858 4153 partibus
879 4073 1024 4155 generali
1042 4082 1133 4137 motu
1151 4075 1221 4138 vol-

244 4161 302 4219 vat
329 4162 425 4236 atque
454 4156 613 4236 impellat,
643 4157 796 4239 cuiusque
825 4180 902 4223 vere
925 4166 1093 4223 creaturae
1121 4159 1221 4225 actio·

243 4262 318 4304 nem
354 4240 563 4323 peculiariter
594 4265 659 4306 non
692 4238 820 4328 dirigat]
875 4244 990 4326 Neque
1022 4252 1134 4309 tamen
1167 4245 1221 4311 hic

244 4328 342 4391 etiam
371 4348 463 4391 error
490 4328 665 4393 tolerabilis
693 4337 750 4394 est.
796 4329 869 4394 Hac
897 4331 985 4394 enim
1013 4330 1221 4414 providentia

244 4434 342 4494 quam
365 4413 584 4478 universalem
608 4415 780 4497 appellant,
804 4415 889 4479 nihil
906 4416 1057 4498 impediri
1075 4417 1219 4497 tradunt,

244 4499 296 4563 vel
328 4507 494 4564 creaturas
527 4521 653 4578 omnes,
687 4502 858 4584 quominus
891 4504 1118 4586 contingenter
1150 4525 1220 4567 rno-

243 4594 397 4660 veantur,
422 4586 473 4650 vel
496 4585 678 4664 hominem,
702 4609 764 4670 quo
785 4589 895 4652 minus
917 4588 1019 4652 libero
1041 4588 1220 4655 voluntatis

243 4691 321 4734 suae
349 4672 483 4735 arbitrie
513 4673 576 4737 huc
605 4681 701 4756 atque
729 4674 807 4738 illue
830 4695 864 4738 se
887 4683 1065 4739 convertat.
1110 4677 1220 4757 Atque

242 4755 289 4818 ita
310 4757 398 4818 inter
415 4757 524 4820 Deum
546 4767 579 4823 et
600 4759 766 4824 hominem
788 4760 990 4843 partiuntur:
1014 4760 1127 4825 utillo
1150 4782 1219 4825 mo-

243 4840 366 4905 tionem
396 4840 472 4905 hnic
500 4864 560 4906 sua
587 4846 708 4909 virtute
737 4846 875 4929 inspiret
902 4867 967 4929 qua
994 4868 1091 4930 agore
1117 4848 1220 4929 possit

243 4946 301 5007 pre
324 4932 462 4989 naturae
485 4926 546 4990 sibi
566 4918 690 4993 inditae
708 4933 849 5010 ratione;
872 4932 926 4998 hie
949 4942 1058 4998 autem
1076 4933 1219 4998 actiones

243 5032 319 5075 suas
341 5010 526 5077 voluntarie
554 5015 688 5078 consilio
710 5017 907 5082 mederetur.
959 5019 1126 5096 Breviter,
1153 5019 1219 5084 Dei

242 5096 389 5179 potentia
415 5094 473 5160 sed
500 5118 564 5160 non
593 5097 807 5167 destinatione
833 5104 1007 5183 mundum,
1038 5127 1089 5170 res
1113 5104 1218 5169 homi-

242 5204 338 5263 num,
372 5183 522 5266 ipsosque
556 5183 703 5249 homines
733 5189 908 5271 gubernari
938 5190 1061 5256 volunt
1113 5191 1217 5257 Taceo

1271 1924 1339 1988 Deo
1359 1926 1438 2005 repi,
1467 1945 1524 1986 non
1557 1930 1677 1988 tantu-m
1699 1927 1774 2006 quia
1791 1923 1929 2006 pmsilnm
1951 1949 1970 1989 o
1994 1948 2026 1990 se
2047 1932 2180 1990 naturae
2200 1947 2249 1990 or-

1271 2010 1375 2072 dinent
1403 2014 1517 2088 ttuttrr,
1540 2011 1593 2074 scd
1620 2011 1694 2091 quio
1718 2012 1910 2090 peculiarem
1939 2013 2184 2094 uniuscuiusque
2210 2033 2248 2075 ec

1271 2096 1341 2158 suis
1362 2095 1506 2175 operibns
1526 2116 1635 2160 curam
1655 2099 1742 2177 perit.
1781 2098 1893 2161 Verum
1915 2100 2038 2178 quidem
2060 2104 2118 2175 est,
2141 2100 2248 2181 sinque

1273 2183 1322 2246 166
1341 2202 1449 2244 rerunt
1471 2184 1587 2261 species
1608 2203 1721 2246 666666
1744 2189 1875 2247 naturae
1899 2186 2046 2248 instinctu
2066 2186 2190 2262 mereri,
2212 2205 2249 2248 ec

1271 2269 1300 2331 si
1323 2272 1442 2331 6616666
1461 2267 1525 2332 Dei
1546 2269 1692 2332 nmrrdato
1707 2276 1862 2349 parerent,
1885 2275 1913 2333 et
1929 2271 2010 2350 quod
2031 2272 2123 2335 semel
2139 2271 2249 2334 statuit

1272 2353 1369 2429 Dens,
1397 2359 1502 2432 sponte
1520 2354 1624 2432 ttinere.
1673 2355 1783 2436 Atque
1808 2355 1872 2418 huc
1895 2356 2009 2420 referri
2032 2365 2138 2438 potest
2161 2355 2248 2438 quod

1272 2437 1351 2502 dicit
1371 2437 1524 2502 Christus
1543 2439 1672 2523 (Ioann.
1694 2445 1722 2516 5,
1744 2440 1807 2523 17),
1831 2462 1866 2503 se
1889 2454 1922 2504 et
1942 2450 2071 2523 patrem
2093 2442 2134 2506 ab
2152 2441 2248 2505 initio

1272 2545 1374 2606 usque
1397 2545 1525 2607 semper
1546 2526 1645 2589 fuisse
1668 2526 1702 2588 in
1725 2547 1837 2607 opere;
1866 2535 1898 2589 et
1926 2526 2014 2609 quod
2035 2529 2161 2592 Paulus
2190 2528 2248 2592 do·

1272 2619 1324 2675 cet
1352 2610 1439 2692 (Aet.
1464 2615 1516 2686 17,
1537 2611 1607 2693 18),
1641 2613 1676 2673 in
1705 2612 1775 2693 ipso
1803 2632 1862 2676 nes
1891 2613 2016 2691 vivere,
2045 2615 2185 2689 moveri,
2214 2621 2248 2679 et

1273 2717 1358 2774 esse;
1380 2697 1461 2775 quod
1482 2697 1575 2760 611666
1598 2702 1689 2760 arctor
1709 2699 1857 2777 qristoloe
1879 2700 1921 2762 ad
1939 2699 2105 2778 Hebraeos,
2131 2699 2248 2764 Christi

1272 2782 1464 2845 dieirtitatem
1487 2783 1624 2863 probare
1649 2784 1768 2861 661666,
1799 2785 1873 2848 dicit
1901 2786 1951 2870 (l,
1977 2788 2011 2867 3)
2035 2788 2152 2866 potenti
2179 2788 2248 2850 eius

1273 2873 1351 2931 6616
1382 2868 1530 2932 sustineri
1563 2871 1675 2933 666616.
1722 2869 1783 2933 Sed
1803 2890 1972 2951 perperam
2003 2871 2057 2936 166
2074 2918 2077 2925 -
2082 2877 2250 2951 praetentu

1273 2957 1375 3036 169661
1407 2959 1435 3017 61
1460 2953 1624 3018 obscurant
1649 2956 1778 3035 quidam
1801 2954 1975 3039 specialem
1997 2956 2246 3039 providentiam,

1274 3060 1356 3121 quae
1390 3038 1470 3103 adeo
1508 3040 1606 3104 certis
1644 3040 1805 3122 clarisque
1839 3042 2020 3125 scripturae
2051 3044 2249 3107 testimoniis

1273 3126 1444 3203 asseritur,
1479 3135 1514 3188 ut
1540 3128 1662 3190 mirum
1690 3127 1732 3190 sit
1759 3128 1905 3208 potuisse
1933 3127 1973 3193 de
1995 3149 2032 3193 ea
2059 3131 2249 3212 quempiam

1274 3209 1430 3275 dubitare.
1476 3211 1521 3274 Et
1548 3218 1626 3277 certe
1649 3215 1704 3294 qui
1731 3213 1832 3277 celum
1859 3215 1940 3279 illud
1961 3215 2041 3296 quod
2061 3215 2130 3280 dici
2152 3215 2251 3278 obtere-

1272 3298 1363 3375 61661,
1396 3302 1545 3378 coquntur
1573 3299 1636 3379 ipsi
1664 3319 1782 3380 quoquc
1811 3302 2006 3365 correctionis
2036 3301 2098 3365 uice
2126 3301 2250 3379 addere,

1273 3384 1373 3446 multa
1392 3384 1463 3464 fieri-
1479 3384 1640 3462 peculiari
1662 3385 1727 3449 Dei
1748 3406 1846 3449 uera:
1875 3387 1929 3450 sed
1949 3387 2003 3452 166
2018 3407 2186 3468 perperam
2209 3388 2251 3452 ad

1273 3474 1361 3533 actus
1392 3474 1513 3532 tardum
1538 3470 1752 3549 particulares
1784 3473 1982 3555 restrinqnnt⁴
2029 3474 2134 3555 Qrtare
2164 3473 2252 3537 nobis

1268 3555 1466 3635 probandum
1487 3561 1545 3632 661,
1574 3554 1678 3619 Deum
1705 3558 1751 3619 616
1772 3558 1923 3623 attendere
1944 3560 1986 3622 ad
2006 3559 2145 3642 sinprdos
2165 3580 2251 3622 evert-

1273 3646 1325 3704 tus
1353 3641 1510 3723 rependes,
1544 3646 1571 3705 et
1598 3643 1644 3705 616
1672 3662 1776 3706 onrnes
1805 3643 1874 3706 illos
1889 3647 2055 3724 querende
2080 3667 2100 3708 6
2127 3645 2250 3725 definito

1274 3728 1342 3790 6166
1363 3726 1497 3804 66661116,
1520 3725 1656 3791 6161111
1675 3728 1804 3808 fortitita
1824 3733 1983 3813 cmitinpot.

1362 3817 1389 3875 5.
1431 3812 1468 3875 Si
1489 3813 1597 3877 6166666
1613 3813 1810 3893 prinicipium
1827 3821 1926 3879 666166
1942 3837 2037 3897 peries
2054 3816 2159 3880 Deum
2175 3836 2249 3893 esse,

1274 3903 1378 3979 sponte
1399 3919 1469 3962 cero
1490 3900 1537 3962 661
1558 3919 1634 3961 casu
1655 3901 1760 3962 666616
1778 3901 1859 3981 terri
1881 3924 1940 3982 que
1962 3903 2095 3982 impellit
2116 3908 2251 3966 creterrae

1274 3983 1443 4061 inclinatio,
1476 3990 1602 4048 nrutetoe
1634 3985 1756 4049 diereun
1789 3993 1815 4049 et
1846 3989 1980 4051 noctium
2005 3990 2099 4066 uices,
2132 3988 2252 4068 trpemis

1273 4073 1366 4135 etiam
1388 4074 1415 4132 et
1436 4071 1572 4148 aestatis,
1595 4076 1686 4134 erurd
1706 4072 1769 4136 Dei
1791 4093 1881 4152 opus,
1906 4078 2059 4154 qautenus
2084 4094 2161 4137 suas
2182 4075 2251 4154 qui

1273 4156 1389 4236 busque
1403 4160 1513 4236 partes
1535 4157 1702 4220 attribuens
1719 4163 1832 4222 6661666
1849 4160 1942 4240 leqem
1958 4161 2124 4241 proetiait;
2141 4180 2250 4239 nenqrc

1272 4243 1303 4306 si
1324 4242 1482 4322 aequabili
1509 4247 1610 4306 tenore
1637 4244 1766 4308 66661666
1793 4264 1912 4325 semper
1937 4248 2063 4310 nmium
2090 4250 2251 4309 seruarent

1272 4328 1340 4393 dics
1361 4329 1417 4408 qui
1438 4329 1576 4392 66611166
1597 4331 1770 4409 succedunt,
1794 4351 1914 4396 6666666
1935 4332 2099 4408 6666611666,
2122 4336 2150 4394 61
2171 4332 2251 4395 6661

1273 4415 1375 4478 66616.
1423 4414 1511 4495 Quod
1538 4420 1642 4479 661666
1671 4437 1753 4480 num
1781 4417 1941 4481 immodici
1962 4417 2078 4481 catores
2100 4437 2169 4480 urm
2191 4419 2251 4481 sic-

1272 4502 1361 4564 citate
1387 4501 1539 4564 coniuncti
1572 4503 1726 4584 quidquid
1754 4507 1798 4565 est
1822 4504 1952 4586 frequen
1985 4508 2135 4581 eanrunt,
2168 4522 2251 4567 6666

1266 4587 1397 4666 pluviae
1427 4587 1657 4667 intempestiuae
1695 4593 1806 4668 sepetes
1844 4595 2058 4670 corrompant,
2097 4590 2179 4670 qnod
2211 4610 2250 4652 ec

1269 4673 1480 4756 praudinibus
1506 4679 1532 4737 et
1553 4674 1701 4756 procellis
1722 4673 1825 4736 subita
1846 4676 2011 4740 6616661166
2031 4677 2156 4751 66616111,
2185 4693 2249 4738 own

1270 4759 1399 4823 6611166
1416 4759 1479 4824 1161
1496 4781 1584 4840 opus,
1606 4761 1672 4823 nisi
1687 4758 1765 4838 forte
1782 4760 1859 4837 quia
1876 4782 1914 4825 66
1931 4768 2090 4827 astrorum
2111 4779 2247 4838 occursu,

1271 4846 1394 4910 6161116
1415 4846 1617 4910 naturatibus
1643 4845 1750 4907 causis
1776 4845 1823 4908 uel
1845 4847 1983 4925 6616166,
2012 4848 2060 4911 661
2086 4847 2247 4923 serenitas,

1270 4932 1318 4995 661
1336 4933 1441 5015 tripos
1461 4931 1508 4994 661
1528 4931 1612 4994 calor
1632 4929 1783 5010 oripinent
1804 4932 1939 4997 notun.
1984 4933 2084 5013 Atqui
2112 4932 2166 4997 boc
2186 4951 2249 4995 rno-

1269 5018 1308 5082 do
1335 5038 1388 5082 nec
1409 5021 1542 5097 6616666
1568 5013 1632 5078 Dei
1657 5013 1777 5095 166661,
1807 5039 1861 5083 nec
1886 5019 2018 5084 iudiciis
2044 5019 2129 5084 16666
2156 5017 2249 5083 relin-

1269 5105 1383 5186 quitur.
1429 5101 1467 5165 Si
1488 5099 1593 5164 Deum
1614 5098 1751 5165 bumana
1770 5106 1876 5186 penori
1901 5106 1981 5169 satis
1999 5105 2163 5186 bundam
2184 5124 2249 5168 esse

1269 5192 1387 5266 6116661,
1418 5187 1495 5268 quia
1522 5185 1601 5249 66616
1629 5191 1656 5251 61
1681 5193 1782 5254 terrae
1808 5191 1872 5254 cim
1899 5191 2096 5255 ordirmriam
2117 5191 2249 5256 instillet
