4672 5842
146 288 188 349 55
789 279 1055 351 mammo
1075 279 1182 345 RDL.
1203 276 1384 346 effulsi.
1408 284 1501 347 1559.
2103 277 2144 337 56

145 474 236 540 citur.
286 472 330 537 Et
357 493 432 536 saue
460 472 520 536 hac
549 473 582 535 in
610 481 703 554 parte
731 470 890 555 singulari
916 467 1122 552 providentia
1172 469 1301 532 diruam.
1350 469 1440 534 Hine
1468 476 1501 533 et
1533 466 1615 532 illud
1642 473 1773 532 emanat
1801 464 1888 547 quod
1917 461 2146 530 Samaritanae

145 559 309 627 consuluit
328 558 521 622 mortalibus
540 559 632 622 Deus
654 558 688 621 in
711 578 822 621 omncs
844 562 974 620 aetates.
1110 612 1115 617 .
1172 554 1300 617 mulieri
1329 553 1456 620 dicebat
1483 553 1653 630 Christus,
1688 561 1819 636 gentem
1847 552 1916 616 eius
1945 560 1978 614 et
2004 549 2147 632 reliquos

234 649 262 708 3.
307 645 393 708 Nam
421 645 448 709 si
477 651 667 725 reputamus
693 664 790 726 qnam
818 641 962 706 lubricus
989 641 1031 704 sit
1059 639 1121 703 hu·
1172 639 1590 723 omnespopulosadorare
1608 638 1693 721 quod
1711 635 2146 716 nescirent;solos1udaeos

146 751 263 795 manac
282 730 401 794 mentis
423 730 534 813 lapsus
562 731 597 793 in
619 729 684 792 Dei
710 728 918 803 oblivionem,
943 735 1064 809 quanta
1085 726 1121 789 in
1172 723 1244 789 Deo
1277 747 1356 791 vero
1388 727 1514 791 cultum
1545 722 1700 790 exhibere
1735 721 2007 807 (Ioa1m.‹t,22).
2058 721 2147 799 Nam

147 839 243 881 omne
263 838 366 899 genus
384 816 503 880 erroris
521 815 718 897 proclivitas,
737 820 860 896 quanta
878 812 920 876 ad
932 814 1120 894 confingen—
1171 832 1272 893 quum
1294 811 1439 876 humana
1460 834 1554 876 mens
1576 833 1634 893 pro
1656 833 1716 875 sua
1737 809 1956 874 imbecillitate
1973 808 2147 890 pervenire

147 902 205 966 das
234 900 411 966 identidem
445 922 546 965 novas
578 908 611 963 et
641 901 772 964 fictitias
801 898 973 981 religiones
1004 897 1118 961 libido:
1145 956 1148 991 Ι
1171 896 1212 960 ad
1241 898 1351 961 Deum
1379 898 1469 961 nullo
1494 896 1591 961 modo
1616 905 1713 978 queat
1747 896 1812 960 nisi
1839 914 1927 959 sacro
1953 894 2022 958 eius
2047 892 2147 958 verbo

145 990 329 1072 perspicere
350 987 460 1052 licebit
481 1009 577 1069 quam
600 986 784 1050 necessaria
804 985 903 1048 tuerit
924 983 999 1047 talis
1017 984 1120 1047 cocle-
1172 980 1284 1046 adiuta
1309 993 1342 1046 ct
1368 983 1554 1061 sublevata,
1577 1004 1689 1047 omnes
1712 992 1789 1046 tunc
1810 980 1979 1058 mortales,
2002 980 2147 1063 exceptis

147 1075 207 1139 stis
230 1073 395 1138 doctrinae
417 1073 635 1155 consignatio,
665 1093 706 1135 ne
729 1070 781 1134 vel
809 1071 970 1135 oblivione
993 1068 1120 1152 deperi·
1145 1138 1148 1161 Ι
1171 1067 1312 1147 Iudaeis,
1334 1071 1409 1151 quia
1431 1070 1538 1133 Deum
1568 1069 1638 1133 sine
1658 1067 1758 1133 verbo
1780 1065 1993 1149 quaerebant,
2016 1085 2148 1130 necesse

80 1164 85 1173 '
148 1167 214 1237 ret,
246 1160 299 1223 vel
321 1180 430 1222 errore
452 1170 673 1231 evanesceret,
707 1157 759 1220 vel
787 1155 922 1221 audacia
951 1155 1121 1218 hominum
1171 1154 1233 1217 fuit
1255 1155 1289 1218 iu
1310 1156 1455 1219 vanitate
1478 1163 1575 1237 atquc
1597 1175 1706 1219 erroro
1728 1153 1861 1216 versari.

147 1254 422 1327 corrumperetur.
452 1242 564 1323 Quum
584 1243 692 1324 itaque
709 1241 819 1325 palam
841 1243 892 1316 sit,
915 1240 1025 1304 Deum
1043 1262 1123 1323 erga

147 1353 202 1396 eos
224 1351 336 1394 omues
358 1351 438 1411 quos
454 1350 605 1410 uuquam
627 1327 756 1391 erudire
778 1350 853 1393 cum
875 1329 982 1391 fructu
1007 1326 1120 1402 voluit,

95 1476 99 1485 ,
149 1415 327 1482 subsidium
350 1415 441 1479 verbi
464 1414 665 1490 adhibuisse,
688 1414 774 1495 quod
796 1415 937 1496 effigiem
960 1433 1062 1486 suarm,
1086 1411 1122 1475 in
1513 1410 1665 1477 CAPUT
1684 1411 1762 1474 VII.
1779 1410 1803 1493 ¹)

143 1501 354 1585 pulcherrirna
387 1500 501 1563 mundi
534 1504 636 1581 torma
668 1500 876 1581 impressam,
904 1520 1022 1582 parum
1051 1519 1121 1562 esse
1385 1554 1392 1570 ,
1498 1554 1506 1570 ,
1635 1553 1642 1569 ,

148 1589 310 1652 efficacem
333 1585 532 1668 provideret:
557 1586 619 1650 hac
642 1595 730 1650 recta
751 1587 804 1650 via
824 1584 1013 1651 contendere
1034 1604 1122 1664 erpe-
1174 1551 1271 1657 QUO
1294 1565 1535 1637 besblmomo
1565 1563 1817 1664 scripturam
1837 1563 2031 1662 oporteat
2053 1581 2149 1633 san-

145 1675 201 1749 uu,
225 1674 252 1737 si
274 1671 315 1736 ad
338 1672 499 1745 sinceram
520 1673 588 1770 Dei·
607 1671 914 1768 contemplationem
932 1670 1017 1734 serio
1036 1670 1121 1768 aspi7
1174 1673 1267 1773 cipi,
1312 1703 1463 1785 nempe
1505 1674 1696 1785 spiritus:
1743 1684 1792 1754 ug
1830 1683 1945 1755 certa
1983 1682 2150 1753 eonsgeg

146 1781 266 1824 ramus.
316 1757 370 1820 Ad
398 1758 549 1833 verbum,
579 1779 727 1839 inquam,
757 1767 806 1822 cst
829 1755 1042 1833 veniendum,
1066 1755 1121 1818 ulu
1202 1794 1209 1809 ·
1256 1774 1259 1778 ’

146 1844 247 1928 probe
277 1851 309 1907 et
331 1841 371 1906 ad
399 1845 511 1907 vivum
540 1844 632 1907 nobis
655 1865 674 1906 a
701 1843 767 1907 suis
795 1842 945 1924 operibus
968 1841 1121 1907 describi-
1146 1864 1149 1903 ι
1174 1824 1264 1875 elus
1296 1806 1520 1900 antomasi
1553 1806 1681 1903 atque
1712 1822 1888 1903 llnplum
1919 1821 2011 1874 ⁰5⁸9
2036 1821 2150 1874 ⁰⁰m'

147 1940 202 1993 tur
234 1927 341 2003 Deus,
371 1927 449 1992 dum
478 1950 577 2010 opera
604 1931 674 2011 ipsa
708 1951 775 1993 non
804 1950 843 1991 ex
874 1927 985 1991 iudicii
1019 1926 1121 1990 nostri
1146 1908 1149 2009 i
1173 1926 1364 1995 laentum
1372 1977 1383 2019 ‚
1422 1913 1549 1995 fidem
1581 1914 1671 1995 eius
1710 1913 1893 2024 pendere
1930 1914 1983 1993 ab
2015 1911 2150 1994 eccle·

146 2017 316 2098 pravitate,
341 2014 398 2078 sed
421 2024 572 2079 aeternae
591 2014 737 2079 veritatis
760 2014 873 2097 regula
896 2015 1120 2077 aestimantur.

147 2101 201 2166 Ab
223 2123 260 2165 eo
283 2103 310 2164 si
334 2099 543 2178 deflectimus,
564 2106 599 2164 ut
621 2122 718 2181 irrepet·
738 2101 816 2178 diri,
839 2099 1018 2182 quamlibet¹
1040 2108 1121 2161 stre-

146 2208 213 2251 nua
247 2187 410 2249 enitamur
442 2187 623 2259 celeritate,
658 2187 734 2268 quia
768 2195 876 2250 tamen
910 2192 1005 2249 extra
1034 2185 1122 2248 viam
1262 2189 1288 2247 1.
1308 2134 1457 2257 [Vsum
1485 2189 1649 2264 certequaut
1678 2184 1801 2265 largius
1821 2183 2030 2265 progrediar,
2061 2202 2153 2263 quae-

1520 2035 1606 2117 siae
1638 2034 1802 2115 iudicio.

147 2294 263 2338 cursus
290 2273 367 2346 erit,
395 2294 563 2354 nunquam
591 2270 633 2335 ad
654 2280 774 2336 metam
804 2273 984 2355 pertingere
1010 2271 1123 2335 coritis·
1174 2270 1247 2334 dam
1268 2272 1405 2334 inserere
1426 2290 1535 2351 macic
1556 2270 1694 2351 pretium
1717 2274 1760 2333 est
1781 2271 1819 2333 de
1840 2271 2014 2350 scripturae
2035 2267 2153 2331 autori-

144 2363 201 2441 pet.
246 2355 302 2421 Sic
325 2357 413 2420 enim
431 2358 639 2440 cogitandum
662 2367 725 2422 est:
748 2357 908 2442 fulgorem
930 2357 1032 2421 divini
1051 2355 1123 2419 vul·
1174 2361 1242 2435 tate,
1268 2376 1347 2436 quae
1367 2377 1428 2420 riou
1450 2356 1538 2419 modo
1564 2355 1686 2419 traicias
1705 2344 1895 2436 piaqrareut
1916 2355 1959 2419 ari
1979 2357 2048 2419 eius
2068 2375 2153 2418 retve-

40 2498 45 2511 .
149 2452 217 2515 tus,
248 2464 342 2524 quern
372 2452 403 2506 et
434 2444 597 2525 apostolus
626 2445 657 2513 (l
680 2445 761 2507 Tim.
783 2450 817 2517 a,
843 2448 894 2524 16)
921 2444 1123 2507 inaccessum
1174 2443 1316 2520 rentium,
1339 2443 1393 2506 scd
1413 2463 1531 2506 murreus
1553 2440 1776 2505 saturationem
1797 2443 1942 2505 eximant.
1978 2441 2076 2505 Porro
2094 2439 2152 2505 ubi

148 2539 257 2605 vocat,
293 2550 361 2593 osse
401 2530 494 2594 nohis
528 2531 631 2595 instar
662 2529 900 2611 inexplicabilis
933 2527 1122 2613 labyrinthi,
1174 2549 1356 2593 sennonem
1379 2526 1444 2592 Dei
1465 2549 1535 2591 esse
1556 2528 1610 2609 qui
1638 2529 1845 2609 proponitur,
1869 2528 2069 2592 inconfesse
2091 2536 2150 2603 est,

145 2617 210 2680 nisi
232 2615 324 2679 verbi
351 2614 435 2678 linea
460 2615 495 2678 in
524 2616 630 2696 ipsum
653 2613 842 2698 dirigamur.
888 2615 933 2680 Ut
957 2615 1058 2677 satius
1081 2614 1124 2676 sit
1174 2634 1271 2677 nemo
1310 2627 1360 2677 est
1388 2623 1455 2678 tam
1485 2613 1670 2694 deploratae
1703 2612 1871 2685 audaciam,
1905 2614 1969 2677 nisi
2001 2614 2083 2676 forte
2103 2620 2154 2675 -et

146 2702 181 2765 in
201 2701 330 2765 hacvia
346 2699 543 2777 claudicare,
562 2723 660 2783 quam
679 2711 855 2765 cumaeam
869 2701 1035 2765 celerrime
1048 2720 1123 2764 cur·
1176 2720 1274 2763 sensu
1296 2700 1459 2765 communi
1481 2709 1515 2762 et
1542 2699 1747 2763 humanitate
1769 2721 1895 2783 quoque
1923 2700 1994 2781 ipsa
2014 2697 2153 2763 destitu-

145 2810 225 2852 rere.
262 2786 625 2871 Itaquesaepiusffsal.
647 2790 696 2850 93.
710 2791 760 2850 96.
775 2792 824 2850 st.
839 2792 878 2850 99
898 2797 931 2851 ct
949 2785 1123 2870 similibus)
1175 2794 1242 2861 tus,
1272 2786 1327 2869 qui
1360 2784 1458 2849 fidem
1484 2784 1631 2867 loquenti
1660 2784 1817 2869 derogare
1844 2787 1937 2850 ausit.
1984 2783 2051 2849 Sed
2072 2804 2153 2866 quo-

144 2873 256 2939 Dauid
287 2875 520 2955 superstitiones
548 2896 564 2936 e
589 2873 705 2936 mucida
733 2873 883 2937 tollendas
910 2873 1032 2950 docere,
1065 2891 1124 2952 quo
1174 2872 1264 2935 niam
1286 2893 1352 2936 non
1375 2869 1564 2954 quotidiana
1585 2894 1603 2934 e
1625 2870 1723 2935 coelis
1745 2871 1927 2941 redduntur
1949 2870 2094 2948 oracula,
2118 2877 2155 2934 et

141 2981 231 3043 pura
252 2959 350 3042 uipeat
368 2959 484 3042 reiipiu,
503 2958 608 3022 Deum
625 2963 800 3039 regnantem
817 2959 950 3035 irruerit,-
972 2958 1124 3040 repaaudi
1175 2958 1355 3039 scripturae
1383 2956 1469 3021 solue
1498 2964 1630 3022 exstant
1657 2956 1774 3039 quibus
1802 2959 1909 3022 visum
1936 2966 1986 3021 est
2007 2956 2152 3020 Domino

147 3046 270 3110 rtoraiuc
298 3066 357 3109 riori
382 3050 560 3126 protestatem
587 3044 768 3127 significuus
796 3066 861 3126 qua
884 3045 1049 3126 praeditus
1071 3046 1122 3120 asi,
1175 3064 1268 3107 suam
1305 3050 1482 3126 perpetuae
1513 3044 1697 3107 ,memoriae
1737 3044 1909 3108 veritatem
1948 3063 2151 3109 consecrare:

148 3136 176 3195 et
197 3149 292 3210 quam
311 3131 345 3192 iu
367 3131 512 3194 uniuersa
534 3136 665 3194 araturae
683 3130 900 3213 pubertaturtc
920 3135 1047 3206 caecet,
1070 3129 1124 3193 sed
1175 3149 1234 3193 uou
1257 3128 1320 3192 aleb
1348 3130 1418 3192 iure
1441 3130 1571 3210 plenam
1594 3128 1679 3210 apud
1707 3129 1819 3194 fideles
1840 3131 2046 3194 autoritatem
2068 3128 2154 3193 obti-

149 3216 321 3280 doctriuam
358 3237 420 3295 qua
454 3215 516 3281 sibi
546 3217 717 3299 tecitimum
750 3218 964 3298 petramala-ra
996 3215 1124 3293 asserit,·
1148 3236 1151 3251 ¹
1175 3222 1272 3289 nent,
1295 3235 1390 3295 quam
1411 3214 1465 3278 ubi
1486 3219 1628 3279 statuuat
1647 3236 1663 3280 e
1684 3215 1763 3280 coelo
1780 3217 1926 3295 fluxisse,
1948 3237 1984 3280 ac
2007 3216 2033 3279 si
2056 3216 2154 3278 vivae

149 3302 226 3382 quia
246 3321 407 3383 auriquara
427 3302 512 3365 evadi
540 3308 654 3384 queunt
675 3324 713 3367 ar
734 3301 893 3368 bominum
914 3301 1056 3365 cordibus
1077 3320 1124 3364 er-
1174 3301 1265 3383 ipsae
1287 3300 1351 3365 Dei
1372 3322 1468 3366 voces
1489 3300 1557 3366 illic
1579 3287 1833 3400 exarrdirentur]
1844 3302 1912 3366 Res
1930 3322 2008 3367 sane
2026 3300 2154 3383 dignis·

149 3408 250 3465 rores,
273 3387 366 3451 detrec
382 3388 530 3469 plantata
550 3389 647 3469 fuerit
668 3409 741 3453 uera
764 3388 827 3453 Dei
849 3389 985 3471 cognitae.
1175 3386 1258 3449 sima
1279 3408 1362 3469 quae
1391 3394 1424 3450 et
1445 3395 1605 3452 tractetur
1624 3388 1741 3465 fusius,
1770 3398 1804 3452 et
1824 3389 2007 3452 accuratius
2028 3407 2154 3469 expen-

237 3477 267 3536 4.
311 3471 454 3537 Proinde
479 3474 561 3538 idem
577 3474 744 3554 mopiam
771 3475 827 3539 ubi
856 3474 1123 3539 commemoravit
1176 3471 1279 3536 datur.
1322 3470 1388 3537 Sed
1412 3471 1536 3536 dabunt
1557 3474 1687 3537 veniam
1707 3473 1852 3551 lectores,
1875 3474 1902 3537 si
1922 3474 2027 3557 magis
2049 3472 2154 3554 respi-

151 3558 289 3642 gloriam
300 3556 395 3622 Dcia
416 3559 513 3624 coelis
531 3561 677 3624 enarrari
692 3559 795 3644 (Psal.
811 3565 859 3637 19,
875 3560 918 3643 l),
937 3580 1036 3641 opera
1053 3581 1123 3623 ma·
1176 3559 1260 3623 ciam
1292 3557 1371 3640 quid
1402 3559 1488 3623 ferat
1516 3560 1623 3641 operis
1649 3560 1791 3623 instituti
1821 3561 1918 3638 ratio,
1946 3581 2044 3643 quam
2073 3557 2154 3641 quid

151 3665 254 3706 nuum
265 3645 680 3720 cnunhariafirmamcnta
691 3645 732 3711 ab
743 3646 894 3717 ordinata
910 3644 1036 3709 dierum
1047 3667 1124 3708 noc-
1176 3643 1273 3709 huius
1295 3645 1342 3708 rei
1364 3643 1543 3728 amplitudo
1566 3646 1717 3727 requirat
1763 3644 1911 3710 Invaluit
1933 3653 2041 3710 autem
2065 3643 2155 3727 apud

150 3730 299 3812 tiumque
321 3730 404 3793 serie
421 3730 624 3795 maiestatem
644 3733 714 3797 eius
730 3732 919 3815 praedicari,
943 3731 1061 3795 deinde
1083 3730 1126 3795 ad
1176 3730 1348 3813 plerosque
1369 3731 1662 3813 perniciosissimus
1685 3751 1791 3808 error,
1820 3733 2000 3815 scripturae
2021 3739 2155 3795 tantum

150 3815 242 3880 verbi
258 3816 457 3879 mentionem
472 3816 651 3882 descendit:
673 3818 737 3897 lex,
760 3819 867 3899 inquit
883 3816 986 3901 (Psal.
1011 3821 1058 3893 19,
1079 3815 1124 3900 8),
1176 3816 1282 3880 inesse
1303 3818 1459 3881 momenti
1480 3825 1639 3898 quantum
1656 3816 1704 3880 illi
1723 3818 1875 3883 ecclcsiae
1894 3817 2057 3900 suffragiis
2075 3837 2156 3881 con·

150 3900 285 3964 Domini
298 3901 516 3977 immaculata,
531 3914 726 3968 convertens
737 3905 881 3983 animam
899 3903 1125 3967 testimonium
1177 3899 1315 3966 ceditur:
1346 3925 1383 3968 ac
1412 3904 1540 3967 sivero
1568 3912 1703 3967 aeterna
1728 3903 1987 3986 inviolabilisque
2008 3904 2072 3967 Dei
2096 3922 2155 3967 ve-

149 3986 284 4050 Domini
306 3985 410 4065 fidele,
434 3989 628 4069 sapientiam
649 3998 820 4073 praestans
841 3989 1002 4071 parvulis;
1031 3989 1125 4054 iusti·
1177 3988 1257 4052 ritas
1279 3988 1450 4052 hominum
1471 3988 1606 4052 arbitrio
1628 3989 1797 4054 niteret-ur.
1843 3988 1900 4055 Sic
1922 3991 2010 4054 enim
2032 4008 2156 4072 magno

151 4072 217 4134 tiae
238 4070 375 4135 Domini
398 4084 515 4153 reatae,
537 4074 751 4140 laetificantes
774 4073 888 4154 corda;
915 4082 1124 4157 praeceptum
1177 4095 1251 4138 cum
1273 4072 1412 4139 ludibrio
1435 4075 1569 4157 spiritus
1592 4075 1696 4139 suncti
1719 4085 1895 4158 quaerunt:
1925 4077 2035 4159 ecquis
2057 4074 2155 4138 nohis

151 4155 287 4219 Domini
309 4156 462 4237 lucidum,
483 4158 675 4226 illuminans
694 4161 812 4225 oculos.
857 4160 931 4224 Etsi
948 4161 1029 4224 euim
1047 4160 1126 4224 alios
1177 4158 1274 4224 fidem
1296 4160 1402 4238 faciat,
1425 4160 1506 4225 haec
1529 4182 1549 4225 a
1570 4161 1642 4225 Deo
1663 4161 1844 4244 prodiisse?
1873 4164 1982 4245 eequis
2004 4161 2096 4225 salva
2118 4167 2156 4223 et

150 4262 268 4324 quaque
299 4242 375 4324 lapis
406 4265 485 4309 usus
512 4246 734 4328 comprehaulit
766 4247 931 4330 significat
962 4250 1063 4309 marcai
1091 4246 1126 4308 iu
1176 4244 1300 4309 intacta
1328 4244 1369 4309 ad
1397 4254 1544 4310 nostram
1572 4269 1673 4330 usque
1696 4255 1836 4313 aetatem
1858 4249 2057 4330 pervenisse,
2081 4267 2154 4311 cer-

149 4349 266 4412 ycuerc,
288 4349 386 4408 quum
405 4331 528 4410 frustra
549 4331 639 4397 Deus
659 4353 760 4396 mures
777 4331 910 4414 pqrulm
930 4331 973 4395 ad
993 4351 1026 4395 sc
1047 4330 1127 4394 iuvi
1177 4330 1275 4395 tiores
1296 4329 1431 4396 reddat?
1455 4333 1563 4415 coquis
1584 4333 1788 4416 persuadeat,
1811 4334 1931 4399 librum
1953 4334 2040 4398 hunc
2058 4353 2156 4397 reve-

150 4419 189 4478 ar
209 4414 286 4479 coeli
306 4419 466 4497 terraeque
486 4418 610 4496 intuitu,
634 4418 719 4483 hanc
741 4439 811 4484 esse
828 4417 1024 4500 peculiarem
1042 4416 1126 4480 filio·
1177 4423 1288 4479 renter
1309 4418 1546 4500 excipiendum,
1570 4420 1710 4484 alterum
1732 4441 1867 4484 numero
1885 4418 2153 4503 expungendum,

150 4522 225 4564 rum
247 4500 310 4564 Dei
332 4501 486 4566 scholam.
532 4502 649 4567 Εοᾱεηι
670 4509 785 4584 spectat
803 4503 891 4567 Psal.
909 4507 965 4566 29.
986 4501 1041 4565 ubi
1051 4522 1127 4582 pro-
1176 4500 1380 4567 nisicertam
1404 4506 1541 4569 istarum
1565 4507 1712 4570 omnium
1729 4498 1877 4588 reg'ulam
1900 4507 2036 4572 ccclesia
2057 4526 2156 4589 prae-

144 4585 239 4667 pheta
260 4588 455 4653 comiouatus
472 4589 510 4652 dc
526 4589 657 4653 terribili
677 4589 741 4654 Dei
760 4610 834 4666 uoce,
853 4609 934 4670 quae
950 4589 985 4651 ia
1001 4588 1125 4666 tardru,
1177 4587 1353 4653 scriberet?
1397 4591 1526 4656 Pendet
1547 4592 1656 4675 igitur,
1679 4592 1840 4672 inquiunt,
1862 4591 1902 4656 ab
1920 4593 2074 4658 ecclcsiae
2096 4593 2156 4658 de-

150 4673 263 4749 centia,
286 4673 451 4753 imbribus,
479 4674 655 4738 turbinibus
676 4681 703 4738 et
718 4676 868 4755 procellis
887 4678 1002 4739 terram
1023 4694 1127 4738 mucu-
1177 4675 1413 4755 terminatione,
1435 4685 1469 4741 et
1485 4699 1569 4760 quae
1588 4678 1766 4758 scripturae
1784 4679 1969 4743 reverentia
1986 4678 2155 4760 debeatur,

151 4757 196 4832 tit,
218 4757 386 4837 tremefacit
406 4765 528 4838 ariarates,
551 4761 655 4825 cedros
671 4762 847 4845 canfmuffit,
869 4761 905 4826 iu
924 4762 987 4842 siue
1003 4761 1126 4825 muriam
1178 4768 1211 4822 et
1244 4762 1300 4842 qui
1330 4761 1404 4827 libri
1436 4765 1472 4828 in
1509 4764 1579 4826 eius
1608 4761 1753 4846 catalogo
1785 4764 1938 4829 censendi
1968 4765 2043 4829 sint
2099 4765 2158 4831 Ita

151 4840 284 4918 adri-tat,
306 4845 463 4908 corrictus
481 4846 844 4926 auratusauuuario,
868 4847 945 4928 quia
962 4847 1005 4910 ad
1021 4866 1126 4910 omues
1178 4846 1329 4930 sacrilegi
1353 4848 1508 4925 homines,
1537 4847 1616 4911 dum
1639 4848 1698 4911 sub
1721 4850 1873 4914 ecclesiae
1900 4860 2072 4932 praetextu
2095 4872 2156 4918 vo·

152 4925 217 4990 Dei
238 4945 321 4989 umes
342 4948 421 5008 quae
445 4930 478 4992 iu
499 4952 569 4996 aere
589 4938 740 5012 resonant,
762 4935 854 4999 surdi
875 4938 949 4999 suat
965 4931 1125 4997 increduli.
1177 4931 1251 4996 lunt
1272 4934 1483 4998 effraenatam
1505 4933 1714 5017 tyrannidem
1736 4934 1905 5013 invehere,
1929 4937 2012 5001 nihil
2036 4946 2158 5004 aurant

155 5010 243 5075 Sicut
268 5010 368 5108 ulium
383 5013 558 5094 psalmum,
587 5017 641 5081 ubi
660 5019 826 5103 decripsit
844 5019 996 5085 terribiles
1013 5019 1127 5099 fluctus

153 5117 267 5174 umus,
294 5101 340 5160 aa
362 5098 480 5163 aaudit
499 5101 601 5185 (Psal.
623 5108 672 5181 93,
694 5102 745 5188 5):
773 5107 946 5171 testimomtu
972 5111 1027 5170 tua
1048 5105 1127 5170 ucri

149 5183 244 5266 ficata
263 5188 352 5263 suat;
372 5184 462 5248 decor
483 5187 587 5269 templi
605 5190 661 5266 tut,
683 5193 833 5257 saviatus
854 5193 889 5255 ira
908 5192 1127 5276 largitudinem
1248 5206 1276 5274 l)
1297 5205 1397 5274 θοηίεν
1414 5206 1542 5260 addianis
1556 5208 1744 5274 maerebatis
1763 5207 1828 5279 Cap.
1847 5209 1873 5264 1.
1891 5211 1914 5277 §.
1931 5210 2053 5265 21-24
