4672 5842
224 303 266 362 47

878 292 1144 361 INSTITUTIO
1169 295 1273 359 REL.
1296 293 1474 361 CHRIST.
1500 290 1590 360 1559.

2199 299 2242 361 48

225 489 374 555 custodiis
400 487 535 563 onitu,
569 487 634 548 sive
666 486 839 566 milliacos
867 484 900 545 in
923 489 1053 562 portum
1074 480 1210 543 adducat
1233 485 1236 559 !
1261 484 1509 564 quaeritandum
1537 506 1620 562 esse,
1655 485 1775 566 qnippe
1804 485 1859 565 qni
1887 484 2153 566 praesentissima
2180 507 2242 550 sua

225 575 401 648 incolumes,
424 573 489 634 sice
511 593 531 634 a
549 571 666 635 morbis
687 574 775 634 satiet
796 570 1015 645 senrirnortuos,
1038 568 1103 630 sice
1124 572 1210 629 aestu

225 667 254 726 ct
275 661 409 723 siccitate
431 663 543 721 exurat
565 662 679 723 terras.
707 657 772 719 sioe
799 655 912 719 occrdta
938 655 1119 734 irrigatione
1138 673 1209 734 pra

224 749 288 811 tiae
320 745 491 826 foecundet,
526 744 591 806 sine
623 742 743 806 attollat
775 740 1050 820 contemptissimae
1072 760 1087 801 e
1109 738 1207 819 eulpa,

225 835 291 897 sitae
321 851 462 911 proceres
496 829 623 893 deiiciat
651 850 688 891 ea
717 829 778 890 alto
805 827 969 908 dignatatis
993 825 1111 907 produ:
1135 844 1208 904 pro

222 919 339 999 positis
366 916 518 979 arraudi
547 914 696 995 t‘narrplis
723 912 850 994 colligit,
879 912 934 991 qui
963 916 1121 973 censentur
1144 930 1208 972 esse

224 1004 350 1086 fortuiti
372 1022 478 1078 casus,
508 1001 630 1064 tolidem
652 1020 715 1063 esse
732 999 948 1078 procidentiae
970 996 1104 1060 coelestis
1126 996 1208 1057 lesti-

225 1090 341 1165 monia,
360 1088 548 1168 praesertim
570 1106 639 1148 utero
656 1085 1004 1164 paternacclcnucntiae;
1026 1087 1117 1161 atquc
1135 1081 1207 1143 ltine

222 1176 293 1258 piis
322 1175 395 1237 dari
422 1173 586 1235 materiam
613 1170 761 1246 laetitiae,
791 1171 900 1251 'irripiis
925 1190 993 1232 roro
1020 1173 1046 1231 et
1069 1167 1207 1246 reprobis

227 1282 284 1325 ora
306 1260 433 1324 obstrui.
476 1257 536 1321 seo
558 1257 632 1338 quia
655 1257 757 1319 maior
774 1276 856 1336 pars
878 1255 1037 1318 erroribus
1058 1256 1128 1316 suis
1150 1254 1206 1314 irrr-

227 1347 310 1423 aaa,
340 1348 373 1407 in
401 1349 464 1407 tarn
487 1343 603 1407 illustri
624 1341 741 1405 tlrealro
763 1343 904 1417 caecidit,
935 1340 1086 1405 exclamat
1112 1359 1206 1400 rarae

228 1438 255 1497 ct
277 1431 450 1513 sirrpularis
472 1450 536 1492 esse
554 1428 736 1508 camerulae,
754 1430 925 1509 prudenter·
944 1425 1112 1505 cuprertderc
1133 1424 1206 1486 leaeo

229 1519 293 1583 Dei
315 1538 420 1596 opera,
450 1536 581 1595 qaorum
609 1520 733 1594 aspectu
762 1514 840 1576 ›utnt
863 1513 1031 1594 proliciunt
1054 1511 1107 1589 qtcr'
1130 1509 1232 1572 otto·

228 1605 283 1687 qai
316 1604 459 1667 videntur
488 1621 551 1664 csse
577 1601 760 1663 acutissimi.
819 1599 863 1662 Et
894 1603 972 1663 ccrtc
1006 1566 1232 1679 quaruurnoisl

229 1691 386 1772 splendeat
407 1687 467 1750 Dei
487 1686 599 1768 ploria,
622 1687 677 1748 oia·
699 1687 880 1748 ccrrtesintus
901 1686 1029 1764 qtrisquc
1050 1703 1141 1745 vaus
1162 1685 1206 1743 est

228 1777 297 1864 eius
323 1778 479 1854 spectator.
525 1771 638 1835 Nihilo
671 1773 775 1854 magis
809 1779 865 1834 ant
897 1769 1041 1851 potentia
1068 1775 1125 1830 aut
1154 1787 1205 1829 sa-

228 1861 351 1943 pientia
378 1861 412 1922 in
440 1859 582 1921 tenebris
611 1857 727 1934 latent;
754 1878 892 1938 quarum
914 1855 1018 1921 altera
1039 1851 1205 1934 praeclare
1230 1900 1233 1913 ,

228 1947 367 2028 emergit
399 1944 477 2007 dum
510 1944 685 2024 impiorum
714 1943 846 2019 ferocia,
880 1942 1025 2005 omnium
1055 1916 1233 2020 opinionol

227 2030 472 2114 insuperabilis,
506 2039 669 2093 momento
696 2050 760 2092 ano
795 2028 987 2102 retunditur,
1022 2018 1232 2106 arrogantial

228 2117 393 2191 domatur,
428 2115 605 2178 diruuntur
638 2114 838 2178 validissima
872 2112 1046 2195 praesidia,
1080 2110 1145 2173 tela
1174 2118 1206 2172 et

228 2224 320 2267 arma
350 2203 629 2278 comminuuntur,
663 2202 750 2265 vires
771 2201 1008 2282 infringuntur,
1038 2195 1204 2260 machina·

228 2291 334 2353 tiones
357 2296 563 2363 evertuntur,
593 2300 625 2349 et
652 2307 711 2351 sna
737 2288 882 2370 ipsorum
910 2283 994 2348 mole
1017 2281 1205 2357 concidunt;

228 2396 312 2457 quae
340 2394 439 2454 snpra
463 2372 567 2436 coelos
590 2393 624 2435 se
647 2373 802 2436 efferebat
822 2371 971 2447 audacia,
999 2370 1034 2431 iu
1057 2376 1206 2464 centrum

228 2481 331 2540 usque
349 2467 457 2522 torrete
475 2460 707 2539 prosternitnr3
728 2480 858 2521 rursum
877 2458 1048 2539 eriguntur
1067 2452 1205 2549 humrles
1229 2466 1231 2495 ¹

229 2567 248 2610 ο
270 2544 405 2626 pulvere
428 2543 529 2627 (Psal.
553 2548 621 2621 113,
642 2545 691 2627 7),
715 2554 747 2607 et
769 2546 881 2624 inopes
903 2564 920 2605 e
943 2554 1083 2605 stercore
1105 2557 1205 2601 suscr-

229 2642 351 2708 tantur,
375 2631 519 2711 oppressi
543 2642 575 2693 et
593 2631 704 2695 afflicti
723 2631 763 2694 ab
782 2629 937 2692 extremis
955 2626 1206 2721 angustiis'cru-

229 2724 347 2794 untur,
371 2715 531 2797 deplorati
553 2717 587 2779 in
610 2738 700 2798 spem
723 2716 844 2779 bonam
862 2714 1095 2787 lestituuntur,
1118 2730 1206 2773 mer-

228 2824 299 2866 mes
318 2803 357 2866 de
375 2803 519 2879 armatis,
542 2803 636 2883 pauci
659 2802 698 2866 de
716 2801 874 2884 plurimis,
896 2798 1072 2862 imbecilles
1091 2796 1130 2859 do
1148 2816 1205 2892 va-

227 2889 304 2953 lidis
327 2889 497 2952 victoriam
518 2889 673 2951 referunt
721 2887 885 2968 Sapientia
910 2906 987 2948 vero
1008 2885 1081 2966 ipsa
1101 2902 1206 2944 mum-

228 2976 309 3039 feste
333 2973 464 3038 excellit
480 2973 558 3037 dum
577 2976 700 3055 optima
717 2992 981 3053 unamquamque
995 2992 1066 3033 rem
1089 2988 1205 3050 oppor-

228 3061 368 3123 tunitate
394 3058 575 3140 dispensat,
615 3059 794 3141 quamlibet
832 3057 945 3121 mundi
973 3055 1206 3138 perspicaciam

228 3144 407 3220 confundit,
431 3144 646 3226 deprehendit
668 3152 793 3208 astutos
810 3144 845 3206 in
864 3143 985 3208 astutia
1000 3163 1061 3205 sua
1083 3140 1114 3222 (1
1131 3139 1204 3203 Oor.

231 3235 259 3308 3,
282 3231 345 3312 la),
369 3230 450 3293 nihil
468 3229 606 3312 denique
628 3252 695 3295 non
713 3231 835 3312 optima
855 3231 980 3294 ratione
1003 3233 1205 3308 attemperat.

316 3324 343 3378 a.
390 3316 549 3380 Videmus
576 3338 643 3380 non
671 3317 769 3399 longa
797 3337 858 3380 neo
885 3315 1045 3380 laboriosa
1073 3313 1206 3375 demon·

228 3403 385 3468 suenone
419 3423 500 3484 opus
533 3424 603 3468 esse
635 3402 676 3466 ad
709 3402 853 3466 eruenda
885 3422 967 3484 quae
994 3397 1206 3494 illustrandae

228 3487 485 3569 asserendaeque
508 3488 638 3553 divinae
658 3489 821 3553 maiestati
839 3488 987 3552 serviunt
1005 3486 1204 3559 testimoma;

228 3573 389 3655 siquidem
422 3594 463 3636 ex
495 3576 609 3656 paucis
642 3596 724 3656 quae
755 3573 983 3650 delibavimus,
1015 3589 1206 3653 quocunque

228 3659 396 3735 incideris,
431 3659 511 3724 adeo
539 3671 689 3742 prompta
717 3669 750 3724 et
776 3661 873 3724 obvia
902 3680 971 3723 csse
999 3665 1140 3733 constat,
1170 3665 1207 3716 ut

228 3746 330 3810 oculis
353 3744 517 3828 designari
539 3768 577 3810 ao
599 3745 710 3828 digitis
732 3747 838 3810 notari
860 3745 954 3810 facilc
976 3751 1104 3825 queunt
1144 3741 1206 3803 At

229 3853 291 3913 quo
324 3830 378 3896 hic
412 3852 524 3895 rursus
552 3831 790 3897 observandum
820 3841 883 3907 est,
916 3830 1050 3894 invitari
1079 3849 1137 3891 nos
1166 3825 1207 3889 ad

228 3918 294 3982 Dei
316 3918 481 3994 notitiam,
511 3940 576 3981 non
604 3939 686 3999 quae
714 3918 805 3981 inani
828 3917 1048 4000 speculatione
1070 3917 1207 3977 mouenda

227 4003 264 4066 in
290 4004 409 4067 cerebro
431 4009 552 4066 tantam
573 4005 687 4082 volita,
717 4003 774 4068 sed
802 4024 885 4084 quae
908 4001 1143 4065 solidatorum
1165 3999 1208 4061 sit

228 4097 263 4151 et
285 4089 464 4164 fructuosa,
494 4091 521 4153 si
543 4091 601 4153 rite
622 4089 822 4172 percipiatur
848 4110 867 4151 a
893 4089 985 4152 nobis
1012 4087 1207 4163 raduemquc

228 4180 303 4257 opat
324 4161 362 4237 in'
381 4175 477 4238 corde.
521 4176 554 4239 A
575 4177 642 4239 suis
671 4177 759 4238 enim
784 4175 958 4238 virtutibus
981 4173 1207 4236 manifestatur

228 4260 407 4338 Dominus;
430 4282 569 4341 quarum
590 4262 659 4325 vim
682 4262 759 4343 quia
781 4260 941 4324 sentimus
962 4259 1051 4322 intra
1074 4277 1148 4332 nos,
1175 4266 1207 4318 et

228 4345 393 4411 beneficiis
411 4334 559 4424 fruimur,
582 4347 725 4411 vividius
744 4346 848 4410 multo
866 4346 927 4409 hac
947 4345 1129 4429 cognitione
1147 4362 1206 4404 nos

229 4434 315 4498 affici
338 4454 470 4497 necesse
489 4441 547 4510 est,
571 4454 670 4514 quam
693 4434 720 4497 si
742 4435 852 4497 Deum
873 4433 1129 4511 imaginaremur
1150 4449 1206 4492 cu-

227 4520 280 4583 ius
307 4518 427 4583 nullus
446 4517 488 4581 ad
510 4541 569 4583 nos
603 4541 718 4584 sensus
745 4519 939 4602 perveniret
985 4516 1083 4583 Unde
1110 4513 1206 4577 intel-

228 4603 362 4685 ligimus
390 4605 475 4668 hanc
503 4627 573 4670 esse
595 4605 812 4671 rectissimam
833 4604 898 4667 Dei
920 4601 1096 4685 quaerendi
1119 4600 1205 4664 viam

229 4699 263 4752 et
290 4691 495 4770 aptissimum
523 4691 685 4771 ordinem;
717 4713 784 4754 non
811 4699 848 4754 ut
877 4689 991 4755 audaci
1019 4688 1207 4754 curiositate

229 4784 403 4856 penetrare
427 4784 592 4841 tentemus
614 4777 655 4842 ad
680 4775 908 4842 excutiendam
931 4777 1000 4839 eius
1023 4774 1206 4848 essentiam,

229 4879 313 4941 quac
341 4858 507 4924 adoranda
533 4865 639 4943 potius
668 4872 732 4942 est,
766 4885 863 4947 quam
893 4860 1114 4944 scrupulosius
1142 4858 1207 4921 dis-

230 4942 404 5027 quirenda;
438 4945 496 5008 sed
527 4957 565 5009 ut
593 4949 688 5012 illum
717 4951 752 5013 in
782 4949 849 5013 suis
877 4949 1030 5030 operibus
1063 4954 1208 5012 oontem-

229 5029 373 5113 plemur,
401 5031 518 5113 quibus
540 5053 574 5095 se
596 5035 814 5116 propinquum
837 5035 931 5099 nobis
950 5034 1208 5113 familiaremque

230 5112 340 5181 reddit
367 5137 404 5180 ae
431 5115 668 5197 quodammodo
689 5122 914 5185 communicat
960 5119 1036 5200 Quo
1057 5118 1209 5202 respicie-

230 5202 289 5268 bat
305 5202 470 5284 apostolus
490 5223 591 5284 quum
609 5202 731 5268 diceret
754 5205 841 5287 (Act
865 5211 911 5283 17,
932 5209 1005 5290 27),
1028 5227 1093 5269 non
1111 5206 1209 5290 longe

1262 569 1382 633 virtuto
1407 570 1530 634 habitet
1551 571 1586 632 in
1608 580 1799 654 unoquoque
1816 580 1975 634 nostrum.
2009 571 2153 635 Proinde
2169 571 2241 636 Da·

1261 654 1317 717 vid
1344 654 1446 738 (Psal.
1475 654 1565 739 llo),
1599 656 1853 719 inenarrabilem
1881 658 1950 721 eius
1978 654 2242 739 magnitudinem

1261 753 1336 804 ante
1370 742 1550 815 confessus,
1590 752 1760 823 postquam
1801 742 1842 805 ad
1876 764 2012 824 operum
2044 764 2241 808 commemo-

1261 827 1419 889 rationem
1445 825 1619 905 doscendit,
1643 849 1716 891 eam
1737 829 1842 909 ipsam
1861 850 1895 892 se
1915 837 2147 892 enarntturum
2164 850 2242 910 pro-

1259 913 1377 975 fitetur.
1423 911 1536 993 Quare
1564 922 1597 976 et
1626 936 1684 976 nos
1711 915 1842 977 ineam
1863 914 1926 979 Dei
1954 915 2242 997 investigationem

1260 997 1439 1062 incombere
1460 1000 1550 1075 decet,
1573 1021 1655 1080 quac
1674 999 1719 1064 sio
1738 1021 1930 1081 suspensum
1950 998 2164 1064 admiratione
2186 1001 2239 1063 in·

1260 1084 1393 1165 genimn
1421 1092 1533 1147 teneat
1560 1095 1599 1147 ut
1627 1086 1750 1149 efficaci
1773 1108 1871 1149 sensu
1894 1087 2024 1167 penitus
2046 1086 2143 1149 simul
2167 1087 2240 1150 affi-

1260 1169 1332 1232 ciat,
1372 1170 1417 1232 Et
1435 1168 1708 1251 ‹quernadmodnm
1731 1170 1824 1235 docet
1847 1172 1963 1235 alicubi
1984 1173 2198 1255 Augustinus,
2214 1173 2240 1256 ¹)

1258 1255 1334 1336 quia
1366 1255 1459 1317 illum
1492 1277 1558 1319 non
1592 1279 1762 1338 possumus
1790 1277 1919 1338 capere,
1954 1258 2045 1321 velut
2076 1257 2137 1321 sub
2168 1259 2241 1323 eius

1258 1341 1486 1422 magnitudino
1519 1341 1720 1419 deficientes,
1761 1342 1801 1406 ad
1835 1365 1933 1424 opera
1967 1345 2127 1426 qcspiccre
2160 1365 2240 1408 oon-

1259 1428 1358 1502 vcnit,
1382 1439 1419 1489 ut
1441 1428 1512 1489 cius
1534 1429 1722 1492 reficiamur
1743 1427 1896 1492 bonitate.

1348 1517 1394 1576 10.
1441 1512 1564 1577 Deinde
1587 1515 1742 1578 eiusmodi
1767 1516 1884 1577 notitia
1905 1537 1971 1578 non
1994 1513 2150 1579 modoad
2172 1515 2242 1580 Dei

1258 1598 1382 1661 cultam
1405 1600 1547 1662 excitare
1571 1621 1630 1663 nos
1653 1599 1756 1677 debet,
1782 1601 1838 1664 sod
1861 1600 1902 1663 ad
1923 1622 2015 1683 spem
2037 1622 2164 1684 quoquc
2186 1602 2241 1666 fu-

1258 1689 1352 1747 turae
1375 1686 1461 1747 triae
1484 1687 1745 1767 expergefacere,
1775 1695 1807 1750 et
1833 1688 1965 1769 erigere.
2012 1684 2124 1766 Qurrm
2146 1688 2239 1752 enim

1258 1769 1557 1834 animadvertamus
1580 1793 1661 1852 quac
1679 1773 1841 1836 Dominus
1855 1783 1926 1835 tum
1940 1773 2141 1850 clementiae,
2165 1783 2241 1837 tum

1259 1857 1441 1919 severitatis
1464 1878 1543 1919 suae
1561 1858 1739 1938 specimina
1757 1857 1831 1935 odit,
1855 1859 2008 1922 inchoato
2025 1858 2187 1922 duntaxat
2203 1869 2240 1923 et

1258 1941 1437 2022 serniplena
1469 1964 1553 2017 esse,
1589 1943 1675 2005 hand
1708 1943 1805 2007 dubie
1835 1943 1876 2007 ad
1902 1945 2025 2007 maiora
2053 1945 2098 2008 sic
2127 1946 2239 2026 ipsum

1258 2025 1449 2108 praeludere
1472 2038 1659 2109 reputemus
1681 2039 1823 2110 oportet,
1852 2051 1989 2112 quorum
2016 2031 2239 2095 manifestatio

1257 2107 1417 2194 pledaque
1440 2113 1597 2176 exhibitio
1620 2114 1654 2176 in
1675 2115 1772 2178 aliam
1791 2117 1892 2179 vitam
1911 2115 2069 2179 differtur.
2104 2117 2133 2180 Ε
2158 2138 2238 2181 con·

1257 2220 1352 2262 verso
1382 2200 1451 2280 pios
1480 2200 1520 2262 ab
1542 2200 1652 2282 impiis
1676 2222 1776 2282 quum
1807 2201 1976 2265 videamus
2004 2202 2237 2267 afflictionibus

1258 2286 1404 2366 gravari,
1439 2285 1565 2349 iniuriis
1593 2287 1735 2359 concuti,
1768 2287 1940 2352 calumniis
1968 2288 2122 2369 opprimi,
2158 2309 2237 2352 con-

1257 2369 1399 2433 tumeliis
1421 2371 1612 2453 probrisque
1629 2371 1781 2447 lacorari;
1804 2373 1957 2438 scelestos
1975 2384 2090 2437 contra
2107 2375 2235 2452 florere,

1257 2457 1454 2537 prosperari,
1485 2459 1626 2537 quietem
1657 2479 1731 2521 cum
1759 2458 1918 2542 dignitate
1943 2459 2104 2537 obtinere,
2136 2458 2237 2541 idque

1257 2543 1403 2623 impune:
1434 2543 1582 2623 protinus
1604 2542 1822 2623 colligendum
1844 2554 1907 2620 est,
1937 2544 2073 2608 alteram
2094 2545 2164 2609 fore
2187 2547 2237 2609 ἡ·

1259 2637 1327 2690 tam
1359 2628 1394 2689 in
1425 2650 1489 2709 qua
1517 2645 1549 2690 et
1577 2650 1636 2692 sna
1663 2629 1828 2710 iniquitati
1856 2630 2014 2705 vindicta,
2050 2641 2083 2693 et
2109 2653 2236 2696 merces

1256 2713 1401 2777 iustitiae
1431 2714 1572 2795 reposita
1605 2716 1654 2777 sit.
1701 2715 1754 2779 Ad
1788 2716 1868 2779 baec
1895 2737 1995 2797 quum
2023 2716 2237 2782 observamus

1257 2799 1394 2862 Domini
1411 2800 1524 2863 ferulis
1541 2801 1669 2881 saepius
1688 2800 1800 2865 fideles
1818 2802 1979 2884 castigari,
2002 2811 2092 2866 certo
2115 2804 2237 2868 certius

1258 2886 1454 2949 constituere
1481 2886 1570 2962 licet,
1600 2886 1705 2949 mult-o
1732 2888 1841 2951 minus
1869 2888 1985 2969 impios
2013 2888 2083 2951 eius
2106 2888 2238 2972 flagella

1258 2971 1336 3034 olim
1357 2992 1521 3035 evasuros.
1567 2969 1696 3036 Scitum
1719 2973 1806 3035 enim
1829 2984 1879 3036 est
1900 2972 1981 3036 illud
2001 2974 2237 3059 Augustinifl)

1259 3058 1285 3122 si
1309 3079 1396 3122 nunc
1418 3078 1514 3121 omne
1533 3065 1702 3138 peccatum
1725 3060 1898 3124 manifesta
1915 3059 2110 3141 plecteretur
2120 3082 2237 3142 poena,

1258 3143 1343 3206 nihil
1366 3143 1481 3206 ultimo
1508 3143 1627 3208 iudicio
1657 3146 1818 3209 reservari
1838 3153 2025 3229 putaretur3
2060 3167 2185 3224 rursus,
2209 3147 2239 3212 ai

1258 3228 1384 3292 nnllam
1412 3238 1582 3310 peccatum
1605 3251 1692 3295 nunc
1715 3240 1826 3312 aperte
1848 3232 1940 3296 Deus
1968 3231 2115 3312 puniret,
2145 3232 2239 3296 nulla

1258 3337 1329 3379 esse
1357 3313 1468 3379 divina
1497 3313 1704 3397 providentia
1731 3317 1926 3382 crederetur.
1970 3316 2155 3381 Fatendum
2187 3327 2239 3382 est

1258 3401 1374 3484 igitur,
1403 3400 1440 3463 in
1467 3402 1606 3484 singulis
1627 3402 1689 3465 Dei
1717 3404 1881 3485 operibus,
1910 3404 2102 3485 praesertim
2125 3411 2237 3468 autem

1259 3488 1293 3550 in
1316 3488 1463 3568 ipsorum
1484 3487 1707 3565 universitate,
1730 3510 1795 3552 uon
1817 3511 1909 3554 secus
1932 3499 2029 3571 atque
2053 3491 2087 3552 iu
2105 3489 2235 3569 tabulis,

1259 3571 1403 3654 depictus
1431 3594 1501 3637 esse
1523 3574 1585 3637 Dei
1615 3575 1768 3652 virtutes;
1797 3576 1912 3655 quibus
1939 3577 1974 3638 in
1999 3577 2068 3639 eins
2097 3576 2238 3659 agnitio-

1259 3680 1350 3736 nem,
1373 3667 1406 3720 et
1429 3658 1469 3722 ab
1492 3660 1562 3740 ipsa
1585 3659 1619 3722 in
1642 3681 1746 3723 ueram
1763 3661 1947 3742 plateamque
1969 3661 2159 3726 felicitatem
2187 3663 2239 3725 in·

1259 3745 1382 3808 vitatur
1411 3752 1508 3826 atquo
1536 3745 1669 3809 illicitur
1696 3747 1887 3811 universum
1921 3747 2090 3810 hominum
2122 3769 2238 3829 genus.

1259 3831 1362 3894 Porro
1391 3830 1609 3894 lucidissimae
1637 3853 1738 3912 quum
1767 3832 1833 3897 illic
1861 3839 2052 3915 appareant:
2083 3854 2240 3914 quorsum

1259 3928 1369 3979 tamen
1396 3917 1601 3997 potissimum
1623 3926 1785 3998 spectent,
1809 3918 1887 4000 quid
1909 3918 2054 3996 valeant,
2084 3940 2183 4001 quem
2205 3921 2240 3983 in

1259 4003 1360 4066 finem
1382 4024 1402 4065 a
1424 4003 1516 4066 nobis
1539 4002 1606 4065 sint
1622 4006 1820 4082 reputandae.
1844 4014 1916 4068 tum
1938 4004 2071 4068 demum
2093 4006 2239 4087 assequi·

1259 4110 1334 4151 mur
1362 4087 1440 4151 dum
1467 4089 1501 4151 in
1528 4110 1588 4152 nos
1614 4089 1700 4170 ipsos
1723 4089 1962 4166 descendimus,
1993 4112 2030 4156 ac
2053 4089 2240 4156 considera·

1258 4195 1332 4237 mus
1354 4174 1471 4255 quibus
1491 4173 1595 4238 modis
1620 4177 1764 4239 suumin
1783 4177 1875 4240 nobis
1898 4178 2009 4253 vitam,
2033 4177 2239 4258 sapientiam,

1258 4260 1416 4324 virtutem
1444 4259 1606 4323 Dominus
1634 4271 1777 4339 exserat,
1813 4283 1906 4325 suam
1935 4262 2109 4340 iustitiam,
2145 4264 2240 4327 boni-

1258 4352 1374 4421 tatem,
1408 4344 1616 4410 clementiam
1648 4369 1726 4430 erga
1754 4369 1812 4411 nos
1846 4356 2004 4412 exorceat.
2061 4348 2149 4412 Nam
2181 4350 2241 4414 etsi

1259 4433 1340 4495 iuste
1360 4433 1557 4511 conqueritur
1580 4431 1688 4498 oar-to
1714 4432 1816 4516 (Psal.
1837 4437 1887 4509 cu,
1908 4436 1957 4517 7),
1985 4434 2160 4499 incredulos
2188 4436 2241 4499 do-

1258 4519 1368 4597 sipere,
1391 4519 1467 4598 qnia
1488 4519 1523 4580 in
1544 4517 1676 4581 banarei
1695 4519 1818 4601 perceris
1837 4518 2055 4600 gubernatione
2072 4520 2241 4602 profanatio

1260 4603 1323 4666 Dei
1345 4604 1477 4667 consilio
1499 4626 1559 4667 rum
1577 4605 1760 4685 euperuiunt,
1783 4608 1826 4667 cst
1847 4609 1948 4669 tamen
1967 4606 2020 4670 boc
2039 4607 2241 4672 verissimum

1259 4690 1339 4770 qrtod
1360 4689 1437 4753 alibi
1460 4690 1634 4774 (Paullo,
1658 4692 1710 4770 13)
1739 4689 1828 4766 dicit,
1857 4692 2073 4756 adrnirabilcm
2096 4691 2161 4757 Dei
2188 4713 2241 4759 sa·

1253 4777 1410 4857 pientiam
1433 4776 1491 4840 lrac
1518 4778 1553 4840 in
1569 4781 1663 4857 parte
1686 4775 1825 4838 recedere
1846 4777 1974 4856 capillos
1995 4778 2109 4858 capitis
2130 4778 2241 4845 nosti

1263 4860 1323 4924 Soa
1344 4864 1421 4942 att-ia
1442 4862 1496 4927 lzoc
1517 4865 1731 4951 arpurtteulum
1749 4860 1879 4939 postca
1906 4884 1962 4928 suo
1983 4863 2093 4929 ordia
2111 4863 2243 4947 plenius

1260 4950 1457 5014 troctaudurn
1479 4949 1545 5025 erit,
1569 4965 1650 5008 stunc
1671 4945 1782 5010 muitta

1263 5122 1466 5131 ———-.-——--

1331 5222 1359 5290 1)
1379 5223 1447 5289 Aug.
1466 5220 1494 5270 in
1512 5218 1582 5269 Psal
1601 5217 1659 5271 144.
1738 5220 1899 5290 2)1.ibr.1.
1919 5223 1953 5276 (1ο
1971 5224 2074 5277 civitat
2093 5225 2153 5292 Dei,
2173 5223 2240 5280 οὓ.
