4672 5842
163 288 223 350 901
514 282 605 349 LIB.
627 282 688 348 IV.
731 284 795 350 DE
816 281 1053 351 EXTERNIS
1073 281 1240 352 MEDHS
1263 280 1327 349 AD
1350 281 1581 351 SALUTEM.
1625 285 1724 353 CAP.
1747 285 1810 354 XI.
2102 293 2165 356 902

161 471 311 554 superior
343 470 549 556 (Eugenium
580 492 701 555 papam
734 471 925 556 alloquitur)
960 472 1003 538 ad
1034 471 1133 556 quid?
1188 471 1447 537 commentitium
1469 473 1530 540 hoc
1551 474 1725 556 imperium
1753 475 1859 559 coepit
1880 499 2057 562 emergere,
2081 501 2165 544 non·
2260 539 2265 551 ,

161 578 229 621 non
256 557 344 623 enim
372 555 414 621 ad
441 555 688 637 dominandum,
717 558 847 641 opinor;
874 579 935 624 nos
963 558 1075 641 igitur,
1097 567 1136 625 ut
1188 557 1267 622 dum
1287 557 1389 640 elapsi
1408 566 1486 623 sunt
1503 561 1583 624 anni
1600 561 1772 643 quingenti
1789 583 1890 644 quum
1911 563 1949 628 in
1966 562 2164 632 subiectione

161 642 304 707 multum
320 643 511 727 sentiamus
537 642 703 721 danobis,
732 643 981 708 meminerimus
1002 644 1135 726 imposi·
1186 643 1371 726 principum
1394 644 1500 709 adhuc
1522 645 1701 710 manebant
1726 649 1905 731 pontifices,
1929 669 1995 714 nec
2016 650 2165 732 pontifex
2207 716 2220 725 ,

160 736 233 793 tum
254 728 488 807 ministerium,
511 749 580 792 non
601 728 783 793 dominium
806 728 933 794 datum:
957 728 1044 795 disce
1066 750 1135 794 sar·
1187 730 1257 793 sine
1280 729 1486 811 imperatoris
1508 732 1685 796 autoritate
1712 732 1895 799 creabatur.
1940 734 2053 799 Huius
2075 735 2164 800 ordi-

161 814 235 880 culo
253 814 313 879 tibi
331 835 412 897 opus
429 836 509 892 esse,
533 835 600 878 non
621 830 757 897 sceptro,
779 822 817 879 ut
838 836 919 898 opus
940 816 1040 881 facias
1061 837 1135 898 pro·
1188 815 1241 879 nis
1267 815 1411 880 novandi
1439 817 1641 881 occasionem
1669 819 1821 900 praebuit
1843 819 2004 904 Gregorio
2027 822 2165 902 septimo

160 900 288 983 phetae.
344 900 445 964 Item:
478 900 615 982 planum
647 910 712 979 est,
745 900 898 983 apostolis
930 901 1136 967 interdicitur
1188 899 1366 983 imperator
1387 900 1594 979 Henrichus‚
1623 902 1694 969 eius
1720 905 1863 969 nominis
1885 914 2037 988 quartus,
2066 906 2164 973 homo

161 985 347 1050 dominatus
354 987 393 1065 ;.i
416 1007 493 1070 ergo
511 994 556 1063 tu,
580 994 614 1050 et
635 985 696 1051 tibi
717 1007 877 1068 usurpare
899 987 982 1051 aude
1000 994 1058 1052 aut
1080 987 1136 1052 do-
1187 985 1270 1050 levis
1299 994 1334 1049 et
1361 988 1562 1064 temerarius,
1591 988 1715 1053 nullius
1742 991 1878 1068 consilii,
1900 1012 2041 1073 magnac
2064 990 2166 1058 auda-

160 1072 291 1135 minans
327 1071 564 1154 apostolatum,
603 1078 662 1137 aut
694 1071 889 1155 apostoliens
923 1071 1134 1139 dominatum.
1189 1073 1258 1136 ciac
1279 1080 1313 1136 et
1332 1074 1419 1138 vitae
1441 1072 1624 1138 dissolutae.
1660 1074 1746 1138 Nam
1768 1097 1869 1157 quum
1891 1078 2094 1159 episcopatus
2113 1082 2165 1141 to-

160 1157 207 1221 Et
227 1157 383 1222 contiuuo
405 1165 490 1239 post:
521 1158 627 1221 forma
649 1157 826 1240 apostolica
847 1157 929 1223 haec
950 1165 1008 1235 est,
1033 1158 1136 1223 domi·
1188 1157 1255 1222 tius
1274 1157 1473 1224 Germaniae
1491 1158 1627 1223 haberet
1644 1159 1680 1223 in
1700 1161 1774 1224 aula
1796 1181 1856 1225 sua
1877 1163 1998 1244 partim
2021 1163 2163 1242 venales,
2277 1160 2293 1180 ⁸

160 1241 250 1307 natio
267 1241 484 1321 interdicitur,
506 1243 664 1308 indicitur
681 1244 887 1312 ministratio.
923 1243 1016 1309 Haec
1034 1265 1137 1326 quum
1188 1244 1308 1326 partim
1337 1242 1479 1325 praedae
1507 1245 1681 1326 expositos,
1704 1246 1960 1325 Hildebrandus,
1983 1249 2040 1330 qui
2061 1248 2165 1313 laces·

160 1329 201 1393 ab
229 1328 364 1394 homine
392 1330 438 1394 sic
469 1326 556 1395 dicta
577 1330 647 1394 sint
667 1337 705 1394 ut
725 1331 830 1412 ipsam
852 1328 1026 1395 veritatem
1047 1329 1137 1413 loqui
1189 1327 1272 1394 situs
1295 1328 1336 1393 ab
1357 1351 1395 1394 eo
1416 1330 1531 1408 iuerat,
1554 1329 1759 1413 plausibilem
1777 1340 1988 1414 praetextum
2015 1333 2164 1417 arripuit,

160 1413 314 1479 omnibus
333 1415 442 1497 palam
465 1416 517 1492 sit,
545 1416 611 1479 imo
640 1437 743 1497 quum
765 1416 834 1479 sine
855 1415 932 1480 ullis
952 1416 1061 1481 verbis
1084 1436 1136 1481 res
1190 1435 1252 1496 quo
1281 1436 1316 1479 se
1338 1416 1535 1481 vendicaret.
1588 1415 1675 1495 Quia
1703 1424 1815 1482 autem
1841 1418 2014 1483 videbatur
2044 1419 2166 1484 bonam

160 1499 233 1582 ipsa
250 1507 371 1581 pateat,
390 1500 475 1565 nihil
492 1509 603 1565 tamen
620 1501 738 1584 puduit
760 1522 933 1565 romanum
950 1502 1137 1582 pontificem
1189 1508 1223 1564 et
1249 1501 1337 1582 piam
1366 1523 1498 1567 causam
1535 1522 1647 1583 agero,
1683 1502 1862 1566 multorum
1889 1504 1999 1568 favore
2029 1504 2165 1570 adiuva·

160 1586 196 1648 in
214 1585 350 1650 concilio
369 1587 544 1651 arelatensi
563 1586 746 1665 decernere,
768 1607 958 1668 supremum
980 1588 1032 1652 ius
1054 1586 1136 1651 utri-
1189 1586 1294 1650 batur.
1339 1587 1385 1650 Et
1407 1595 1478 1652 erat
1499 1586 1618 1669 alioqui
1640 1587 1839 1666 Henriehus‚
1868 1597 2000 1671 propter
2022 1590 2165 1654 insolen-

161 1691 265 1754 usquc
288 1671 386 1755 gladii
409 1673 471 1737 sibi
492 1680 673 1755 competere
695 1674 765 1736 iure
787 1672 909 1737 divino.
1189 1672 1306 1735 tiorem
1329 1671 1580 1739 administrandi
1601 1675 1770 1750 rationem,
1793 1675 1956 1756 plerisque
1980 1675 2165 1757 principum

251 1760 298 1820 12.
344 1756 516 1840 Quantum
537 1758 579 1823 ad
601 1757 812 1823 Constantini
833 1757 1041 1823 donatiouem
1063 1780 1136 1841 per·
1190 1777 1316 1822 exosus.
1362 1758 1508 1824 Tandem
1525 1759 1797 1838 Hildebrandus,
1824 1761 1879 1842 qui
1907 1781 1941 1824 se
1964 1759 2165 1842 Gregorium

161 1844 253 1919 tinet,
277 1843 333 1925 qui
351 1844 557 1909 mediocriter
578 1844 614 1908 in
636 1845 765 1909 illorum
784 1853 968 1927 temporum
990 1844 1135 1910 historiis
1189 1843 1364 1925 septimum
1391 1846 1541 1922 vocabat,
1577 1852 1617 1908 ut
1645 1851 1717 1909 erat
1742 1845 1840 1909 homo
1867 1845 2017 1927 impurus
2046 1853 2080 1910 ct
2106 1866 2165 1909 ne·

161 1929 284 1995 versati
306 1938 392 2007 sunt,
415 1951 482 1994 non
509 1950 590 2012 opus
620 1930 742 1995 habent
764 1930 869 1995 doceri
890 1951 990 2012 quam
1011 1931 1054 1997 sit
1076 1930 1137 1995 hoc
1189 1949 1301 2010 quam,
1337 1931 1438 1995 animi
1472 1934 1521 1997 sui
1555 1930 1716 1995 malitiam
1743 1930 1893 2013 prodidit
1944 1930 2038 2012 Quae
2065 1951 2166 1996 causa

162 2035 229 2078 non
250 2014 346 2080 modo
363 2016 555 2094 fabulosum,
579 2015 636 2080 sed
659 2017 758 2080 etiam
781 2016 964 2081 ridiculum.
1010 2014 1078 2080 Sed
1100 2022 1137 2080 ut
1188 2013 1253 2077 fuit
1277 2022 1315 2078 ut
1343 2036 1363 2080 a
1388 2016 1500 2082 multis
1528 2017 1584 2098 qui
1597 2035 1687 2080 ‘oum
1715 2018 2043 2103 eouconspiraverant
2064 2015 2165 2080 desti-

162 2099 353 2165 omittamus
375 2100 539 2176 historias,
562 2124 648 2166 unus
671 2101 852 2186 Gregorius
866 2101 890 2187 ¹)
915 2101 1014 2166 huius
1036 2101 1085 2165 rei
1103 2108 1137 2167 et
1189 2108 1346 2164 tueretur.
1397 2101 1472 2166 Hoc
1504 2110 1615 2168 tamen
1641 2102 1793 2184 profecit,
1824 2111 1862 2166 ut
1889 2104 2024 2184 impune
2051 2102 2166 2167 liceret

160 2184 297 2251 idoneus
326 2193 360 2253 et
385 2187 657 2270 locupletissimus
686 2196 736 2251 est
757 2189 858 2254 testis.
903 2186 991 2251 Nam
1011 2187 1137 2269 quoties
1190 2185 1429 2251 successoribus
1452 2210 1517 2252 non
1544 2187 1641 2251 modo
1669 2189 1785 2269 iugum
1807 2185 2039 2253 excuteresed
2062 2189 2166 2269 impe·

162 2270 202 2335 de
223 2273 420 2354 imperatore
441 2273 593 2355 loquitur,
617 2274 863 2338 serenissimum
890 2273 1059 2337 dominum
1080 2294 1138 2338 vo-
1189 2278 1314 2337 ratores
1341 2293 1468 2355 quoque
1491 2274 1647 2339 obnoxios
1674 2273 1736 2337 sibi
1764 2274 1879 2338 facere.
1923 2273 2001 2338 Huc
2030 2273 2168 2338 accessit

161 2364 223 2436 eat,
254 2365 287 2422 ct
315 2379 349 2422 se
378 2358 551 2442 indignum
580 2358 650 2423 eius
677 2380 818 2424 servum.
863 2359 949 2422 Item
970 2357 1061 2422 alibi:
1085 2380 1137 2423 sa·
1190 2355 1276 2439 quod
1309 2356 1404 2422 multi
1438 2358 1554 2425 deinde
1588 2359 1722 2423 fuerunt
1756 2360 1970 2441 imperatores
1996 2357 2166 2423 Henrioho

162 2442 346 2508 cerdotibus
369 2451 480 2508 autem
501 2465 633 2509 nonen
652 2452 783 2509 terrena
804 2452 964 2527 potestate
988 2443 1137 2510 dominus
1190 2443 1363 2508 similiores
1390 2464 1489 2527 quam
1516 2445 1602 2510 Iulio
1631 2442 1780 2510 Caesari:
1813 2465 1893 2526 quos
1920 2443 2071 2527 subigere
2099 2464 2167 2508 non

162 2536 275 2593 nostor
302 2528 397 2594 eitius
423 2529 629 2614 indignetur,
667 2529 725 2595 sed
753 2529 924 2596 excellenti
951 2530 1137 2596 considera·
1187 2529 1251 2592 fuit
1279 2529 1419 2603 difficile,
1450 2551 1552 2612 quum
1579 2529 1667 2594 domi
1692 2551 1804 2595 rerum
1834 2530 1982 2595 omnium
2004 2530 2110 2594 securi
2133 2534 2167 2593 et

162 2615 259 2692 tione,
288 2624 422 2697 propter
450 2638 527 2680 eum
553 2616 645 2681 ouius
674 2616 761 2681 servi
789 2626 875 2693 sunt,
899 2617 946 2680 eis
967 2616 1016 2679 ita
1033 2615 1137 2680 domi·
1188 2612 1302 2697 ignavi
1324 2614 1517 2693 desiderent,
1542 2615 1598 2680 ubi
1620 2617 1763 2680 maxime
1781 2637 1861 2698 opus
1883 2623 1954 2680 crat
1975 2615 2168 2697 pontificum

160 2709 259 2765 netur
281 2707 319 2764 ut
341 2703 440 2766 etiam
459 2702 600 2766 debitam
618 2703 837 2766 reverentiam
859 2701 1035 2784 impendat
1076 2701 1136 2764 Vi·
1189 2699 1402 2781 cupiditatem
1434 2703 1558 2767 virtute
1593 2698 1627 2766 et
1653 2701 1810 2785 legitimis
1839 2701 1944 2765 modis
1977 2701 2165 2782 reprimere.

162 2785 276 2851 demus
298 2796 337 2850 ut
359 2788 394 2850 in
415 2786 612 2853 subiectione
635 2788 801 2852 communi
822 2786 904 2853 velit
928 2787 1042 2852 haberi
1063 2794 1137 2851 tan·
1189 2785 1350 2851 Videmus
1378 2809 1441 2870 quo
1469 2788 1575 2854 colore
1603 2796 1775 2871 praetexta
1801 2788 1844 2852 sit
1871 2786 2003 2870 egregia
2029 2786 2088 2850 illa
2109 2784 2167 2850 do-
2199 2835 2204 2854 .

162 2893 261 2954 quam
283 2873 554 2956 unusepopu10.
589 2872 664 2937 Non
683 2874 772 2937 enim
790 2874 924 2938 alterius
945 2873 1136 2955 cuiuspiam,
1190 2871 1281 2935 natio
1311 2871 1537 2952 Constantini,
1564 2893 1631 2956 qua
1665 2874 1840 2956 imperium
1861 2870 2060 2938 occidentale
2080 2891 2168 2955 papa

162 2957 220 3020 scd
238 2978 331 3022 suam
348 2959 414 3025 illic
431 2979 563 3025 eausam
586 2959 663 3042 agit
699 2958 844 3043 Alibifl)
866 2959 902 3022 in
924 2958 1138 3040 omnipotenti
1191 2957 1349 3023 traditum
1370 2961 1431 3025 sibi
1454 2961 1566 3044 tingit.¹

161 3042 235 3106 Deo
252 3043 379 3108 confido
397 3044 484 3127 quod
501 3046 633 3128 longam
650 3045 715 3127 piis
732 3045 873 3109 dominis
890 3045 993 3110 vitam
1007 3044 1137 3123 tribuet,
1279 3049 1327 3108 14.
1371 3045 1504 3110 Interea
1524 3045 1682 3128 temporis
1703 3067 1770 3110 non
1797 3049 1967 3110 cessarunt
1988 3041 2167 3125 pontifices,

164 3135 198 3191 et
219 3149 278 3193 nos
299 3131 358 3194 sub
378 3152 478 3195 manu
500 3138 611 3196 vestra
633 3130 811 3196 secundum
841 3152 935 3196 suem
955 3131 1138 3196 misericor-
1191 3150 1281 3195 nunc
1301 3129 1426 3209 fraude,
1449 3153 1538 3196 nunc
1560 3129 1707 3215 perfidia,
1737 3152 1826 3195 nunc
1848 3129 1957 3207 armis,
1986 3128 2023 3191 in
2044 3127 2168 3193 alienas

164 3212 252 3276 diam
274 3213 432 3297 disponet.
471 3217 585 3299 Neque
607 3216 686 3282 haee
709 3216 782 3281 ideo
805 3215 928 3281 adduxi
949 3216 1034 3299 quod
1056 3216 1140 3280 mihi
1192 3214 1330 3282 ditiones
1353 3215 1522 3296 invadere;
1550 3219 1666 3284 urbem
1695 3236 1823 3299 quoque
1844 3216 1960 3297 ipsam,
1983 3232 2066 3297 quae
2087 3219 2168 3279 tune

162 3300 368 3380 propositum
386 3303 430 3367 sit
447 3303 534 3367 hanc
557 3301 597 3365 de
616 3300 822 3367 Constantini
844 3303 1020 3367 donatione
1040 3323 1139 3385 quae-
1192 3302 1296 3367 libera
1323 3311 1403 3381 erat,
1432 3311 1511 3367 ante
1539 3325 1644 3369 annos
1672 3310 1803 3369 centum
1826 3301 1956 3367 circiter
1977 3307 2011 3366 et
2031 3299 2169 3382 triginta

164 3382 305 3448 stionem
326 3387 457 3468 penitus
479 3395 633 3454 excutere
639 3411 647 3467 ;
671 3388 729 3453 scd
750 3396 880 3453 tantum
902 3397 940 3452 ut
962 3387 1067 3453 obiter
1088 3388 1139 3454 vi·
1192 3390 1228 3453 in
1254 3394 1449 3471 potestatem
1477 3410 1570 3454 suam
1591 3389 1805 3472 redegerunt;
1836 3386 1939 3452 donec
1959 3387 1995 3450 in
2017 3405 2090 3449 eam
2109 3405 2167 3467 po-

165 3469 266 3533 deant
298 3470 435 3538 lectores
458 3496 556 3557 quam
585 3471 755 3556 pueriliter
782 3474 988 3541 mentiantur
1015 3475 1140 3539 Roma·
1192 3473 1330 3538 tentiam
1352 3483 1515 3540 venerunt
1536 3496 1638 3559 quam·
1657 3470 1753 3539 hodie
1780 3472 1943 3550 obtinent,
1967 3478 2001 3536 et
2044 3491 2081 3535 rc
2103 3490 2169 3553 qua

165 3575 293 3634 nenses,
321 3579 422 3638 quum
449 3566 617 3624 terrenum
638 3561 812 3642 imperium
839 3581 898 3625 suo
920 3558 1067 3643 pontifici
1088 3581 1140 3625 as·
1193 3559 1247 3626 vel
1273 3559 1445 3626 retinenda
1474 3561 1528 3627 vel
1554 3559 1707 3645 augenda
1734 3558 1952 3624 christianum
1982 3578 2020 3621 or
2062 3557 2169 3621 mita

166 3661 275 3706 serere
297 3651 468 3710 conantur.
518 3646 583 3727 Quae
601 3645 721 3727 foedior
738 3645 915 3728 Augustini
939 3645 1062 3710 succus·
1083 3648 1141 3710 im·
1194 3646 1344 3711 ducentis
1373 3648 1468 3711 annis
1498 3648 1674 3732 (coeperant
1710 3647 1794 3710 euim
1826 3649 1992 3724 autequam
2027 3642 2089 3706 cibi
2115 3662 2169 3705 re-

160 3726 315 3807 pudeutiu
329 3729 400 3809 fuit,
418 3733 474 3810 qui
490 3733 524 3795 iu
542 3752 637 3795 eausa
655 3737 719 3796 tem
735 3732 895 3813 deplorata
913 3752 1038 3814 operam
1048 3751 1141 3798 suum
1187 3736 1298 3815 perere
1324 3733 1414 3797 urbis
1440 3732 1647 3818 demiratum)
1675 3731 1851 3796 turbarunt
1875 3737 1912 3792 ut
1934 3723 2170 3809 propemodum

164 3817 193 3878 et
210 3813 351 3895 linquam
367 3835 494 3880 romano
508 3816 819 3898 poutificc‘oeuditore
837 3837 937 3883 ausus
949 3822 1000 3882 est.
1039 3817 1140 3897 Valla,
1192 3817 1404 3902 perdiderint.
1450 3818 1539 3884 Olim
1565 3840 1667 3901 quum
1694 3817 1755 3881 sub
1785 3813 1947 3896 Gregorio
1961 3811 1986 3894 ¹)
2009 3811 2170 3874 bonorum

164 3899 248 3981 quod
274 3898 394 3964 bomini
421 3901 502 3965 dbcto
529 3907 557 3967 et
585 3904 669 3967 ocis
690 3905 810 3986 ingenii
831 3903 959 3986 difficile
981 3922 1043 3967 nou
1064 3908 1139 3983 erat,
1193 3903 1483 3969 ecclesiasticorum
1504 3904 1652 3968 custodes
1674 3922 1808 3966 manum
1833 3899 2005 3994 iniicerent
2026 3893 2170 3994 praediis

164 3984 268 4050 aalide
294 3985 484 4066 refutaverat
510 3986 651 4068 sabulum
676 3989 773 4053 illata
820 3989 928 4071 Neque
959 3993 1062 4054 tumen
1091 3990 1142 4073 (ut
1192 4011 1276 4073 quae
1305 3988 1482 4056 censebant
1508 3989 1662 4054 ecclesiae
1691 4007 1770 4063 esse,
1795 4004 1832 4048 ac
1853 3981 1955 4047 fiscah
1977 4002 2068 4046 more
2090 3987 2170 4046 trtu·

165 4069 253 4134 boue
269 4092 388 4152 purum
409 4073 445 4136 tu
466 4072 555 4137 rebus
576 4073 789 4139 eumerus
813 4073 1013 4159 assumtus)
1035 4077 1141 4141 anuto
1193 4076 1241 4142 los
1262 4077 1489 4158 Mprimercnt
1509 4075 1545 4137 in
1567 4074 1700 4156 signum
1720 4069 1964 4146 vendicationis,
1988 4067 2171 4151 Gregorius

165 4156 290 4221 clueat
306 4177 386 4237 quoe
402 4157 446 4222 od
462 4177 528 4221 rem
544 4157 670 4237 sedura
680 4165 776 4224 aaut.
806 4161 964 4243 Irrumpit
982 4160 1140 4240 Steucbus,
1193 4168 1303 4228 coacto
1321 4159 1546 4243 episcoporum
1563 4159 1707 4234 concilio,
1727 4156 1872 4240 graviter
1888 4156 1924 4219 in
1938 4173 2065 4218 morem
2075 4151 2171 4217 illum

167 4260 204 4306 ue
224 4243 361 4324 pmidos
387 4244 520 4308 ocenias
545 4244 666 4325 spargit
693 4245 735 4308 ud
756 4246 876 4311 claram
896 4248 995 4311 lucem
1015 4247 1142 4313 obruen-
1192 4248 1366 4330 profanum
1394 4246 1558 4322 invectus,
1586 4246 1716 4328 rogavit
1744 4262 1854 4306 annon
1878 4260 1938 4323 pro
1960 4239 2171 4336 anathemate

166 4327 249 4392 dum.
285 4327 332 4394 Et
349 4335 428 4394 certe
448 4348 511 4394 uon
532 4329 639 4392 minuc
657 4329 776 4412 frigide
796 4332 917 4397 donini
938 4333 990 4397 rui
1011 4353 1142 4398 causam
1193 4333 1354 4398 haberant
1375 4330 1529 4396 clericum
1552 4331 1608 4415 qui
1631 4352 1690 4396 sua
1712 4333 1827 4411 sponte
1847 4327 2059 4408 inscriptione
2081 4320 2171 4422 tituli

167 4414 339 4494 egitquum
355 4414 522 4496 sifardus
538 4415 708 4495 quispiam,
726 4417 809 4482 idem
825 4438 858 4483 ee
875 4420 1140 4501 equeamulaus,
1193 4418 1430 4501 possessionem
1464 4416 1607 4498 aliquam
1639 4435 1796 4498 occupare
1829 4420 1986 4489 tentaret;
2020 4408 2172 4507 similiter

175 4498 286 4564 Vollce
306 4501 554 4584 rumusculum
575 4499 629 4564 sed
650 4501 746 4583 diffluo
768 4507 813 4566 eet
833 4522 931 4569 cauae
952 4505 1067 4570 sedicet
1090 4505 1142 4570 cui
1194 4505 1393 4588 episcopum,
1411 4504 1469 4585 qui
1485 4501 1521 4566 id
1537 4503 1591 4568 vel
1608 4503 1681 4567 fieri
1697 4501 1910 4587 praeciperet,
1929 4496 1983 4563 vel
1997 4515 2171 4594 suomrus·

167 4583 244 4648 tates
268 4592 420 4667 patruos
452 4586 587 4652 macedo
618 4587 752 4651 redimat
778 4607 886 4668 popm
917 4610 1013 4670 aeque
1039 4594 1142 4655 auum
1195 4611 1234 4655 su
1265 4591 1389 4656 factum
1424 4610 1491 4654 non
1522 4589 1688 4672 plecteret.
1741 4586 1866 4654 Omnes
1906 4585 2170 4666 pronuntiarimt,

167 4668 258 4750 digni
291 4673 467 4743 emacuit
500 4670 629 4738 rubidae
656 4692 734 4753 quos
759 4693 831 4753 sper
857 4674 939 4738 lucri
963 4675 1141 4756 frustretur,
1195 4676 1379 4742 anathema
1425 4673 1463 4741 Si
1485 4675 1572 4740 tituli
1593 4674 1804 4757 inscriptione
1826 4667 1965 4736 fundum
1987 4666 2171 4745 vendicare,

169 4754 262 4818 suuti
283 4756 447 4842 Ergutiuo
467 4759 598 4842 contigit.
1110 4766 1113 4780 '
1194 4762 1321 4827 facinus
1344 4771 1395 4829 est
1415 4763 1626 4828 anathemate
1648 4761 1785 4844 dignum
1801 4759 1836 4821 in
1854 4755 1986 4821 clerico:
2009 4753 2065 4819 ubi
2086 4759 2172 4817 totos

259 4843 306 4904 13.
352 4843 527 4910 Caeterum
549 4845 577 4910 si
599 4843 672 4928 quis
695 4852 824 4926 tempus
848 4843 995 4926 requirat
1016 4867 1057 4911 ex
1079 4869 1142 4932 quc
1196 4846 1357 4916 ducentos
1392 4869 1496 4914 annos
1529 4846 1615 4911 nihil
1647 4845 1737 4910 aliud
1768 4843 1969 4908 meditantur
2001 4839 2173 4937 pontifices

1195 4954 1293 5016 quam
1314 4934 1447 5018 proelia,
1471 4933 1641 5017 sanguinis
1662 4931 1864 5007 effuuonem,
1894 4926 2099 4992 exercituum
2120 4946 2173 4990 ιιι·

171 5012 374 5024 ᾖ..

173 5176 178 5184 .
238 5130 268 5200 l)
285 5132 373 5202 Epist
397 5133 421 5185 5.
440 5135 502 5188 libr.
521 5133 552 5197 Ως
570 5135 657 5205 Epist.
677 5134 719 5189 20.
737 5138 798 5190 libr.
817 5136 849 5200 3;
867 5137 955 5207 Epist.
973 5137 1014 5191 61.
1032 5139 1094 5193 libr.
1113 5138 1143 5202 2;

170 5198 257 5268 Epist.
275 5199 317 5254 31.
337 5202 398 5254 libr.
417 5200 442 5254 4
511 5201 541 5270 2)
560 5203 648 5273 Epist
665 5203 708 5258 34.
727 5207 787 5259 libr.
806 5204 831 5259 4
1269 5206 1299 5274 1)
1316 5205 1440 5260 Habetur
1457 5207 1519 5260 libr.
1537 5205 1562 5259 «1
1581 5206 1684 5275 Regist.
1704 5219 1725 5256 c.
1744 5201 1785 5256 88.

1914 5284 1969 5338 57·
