4672 5842
130 304 192 365 in
387 302 673 369 1111111111
695 301 1872 378 1111111111111111111111111111111.11111
2073 317 2139 379 us
2233 295 2237 301 “

129 491 167 555 in
188 491 312 555 timore.
356 490 423 556 Ubi
450 491 603 556 decenter
626 489 702 556 fidei
724 491 907 570 1111111111,
935 513 1019 575 quae
1040 493 1105 557 Dei
1156 513 1234 558 vero
1251 491 1431 573 Christum,
1455 495 1555 559 veluti
1577 496 1690 577 procul
1713 504 1865 576 stantem,
1888 504 1921 562 et
1938 521 2003 563 non
2025 503 2136 582 potius

129 574 371 642 misericordiae
398 577 566 655 innititur,
596 598 672 642 cum
699 578 852 661 religioso
880 579 996 643 timore
1030 600 1105 643 con·
1157 580 1192 642 in
1214 578 1307 643 nobis
1329 579 1529 644 habitantem
1553 580 1727 646 debeamus
1748 585 1899 665 cogitare.
1945 584 2023 649 Ideo
2045 589 2135 653 enim

129 663 254 746 iungit,
281 683 346 743 quo
372 684 430 727 nos
460 663 546 727 affici
575 685 706 728 necesse
734 672 785 728 est
813 665 938 747 quoties
966 665 1003 727 in
1029 685 1105 729 con·
1157 664 1198 729 ab
1219 665 1289 746 ipso
1311 665 1450 729 salutem
1473 675 1715 748 exspectamus,
1737 688 1804 732 non
1826 669 1902 752 quia
1924 672 2052 737 eminus
2074 696 2135 738 no-

129 758 278 830 spectum
310 748 440 813 divinae
480 750 660 814 maiestatis
697 748 908 832 prodeuntes,
953 772 995 814 ex
1034 749 1105 815 eius
1157 751 1207 815 bis
1230 762 1397 831 appareat;
1426 751 1482 816 sed
1505 754 1661 834 quianos
1684 755 1888 835 corporisne
1911 757 2043 833 insitos,
2066 780 2134 823 non

129 833 303 916 splendore
324 844 446 916 quanta
467 835 511 898 sit
530 843 642 899 nostra
663 837 865 901 obscoenitas
883 836 1104 919 intelligimus.
1158 834 1252 900 modo
1285 857 1418 899 suorum
1450 839 1598 901 omnium
1629 838 1788 902 bonorum
1820 842 1994 922 participes
2026 845 2133 924 111111,

130 921 219 984 Vere
251 919 350 984 etiam
382 918 515 985 8111111
544 921 656 1003 (Prov.
677 925 732 999 28,
758 921 827 1004 lt),
860 920 939 985 dum
973 922 1105 985 beatum
1158 922 1215 986 sed
1241 923 1292 986 111
1314 943 1439 1004 quoquc
1460 924 1570 1004 ipsius.
1615 924 1759 988 Proinde
1786 926 1847 990 hoc
1868 926 2012 1007 ipsorum
2035 950 2134 1014 argu-

130 1006 296 1069 hominem
325 1008 530 1087 pronuntiat,
559 1007 616 1088 qui
645 1015 747 1072 terret
769 1006 898 1072 assidue
922 1028 976 1072 cor
998 1027 1104 1084 suum,
1157 1018 1304 1070 mentum
1323 1009 1368 1072 sic
1387 1018 1565 1090 retorqueo
1595 1007 1633 1073 81
1652 1018 1684 1072 tc
1702 1011 1809 1091 ipsum
1828 1012 2021 1091 consideras,
2044 1024 2134 1080 certa

129 1092 285 1173 quoniam
304 1089 513 1156 induratione
540 1093 577 1155 in
602 1093 726 1156 malum
755 1093 924 1158 corruitur.
969 1093 1016 1157 At
1040 1100 1106 1156 ter-
1158 1093 1337 1172 damuatio;
1365 1093 1599 1175 sedquoniam
1621 1094 1773 1160 Christus
1800 1095 1857 1160 tibi
1886 1119 1960 1162 cum
1983 1102 2134 1165 omnibus

129 1199 237 1241 rorem
255 1177 418 1261 intelligit,
441 1179 497 1259 qui
514 1199 574 1242 nos
591 1180 750 1243 cautiores
768 1177 893 1256 reddat,
916 1184 1105 1241 nouantem
1158 1181 1226 1243 suis
1248 1180 1343 1243 bonis
1366 1180 1412 1244 sic
1435 1181 1692 1245 communicatus
1714 1188 1777 1259 est,
1800 1191 1835 1244 ut
1858 1184 1966 1246 omnia
1988 1186 2056 1249 1111
2077 1194 2134 1250 tua

128 1284 193 1345 quo
215 1263 327 1328 afflicti
350 1264 574 1342 concidamus,
604 1263 684 1327 dum
713 1265 836 1329 scilicet
864 1265 992 1328 animus
1014 1264 1049 1327 in
1070 1284 1105 1327 se
1157 1266 1254 1343 fiant,
1283 1273 1320 1327 ut
1347 1266 1407 1330 fias
1436 1266 1505 1330 eius
1532 1266 1729 1343 membrum,
1758 1267 1901 1349 adeoque
1929 1292 2032 1333 unum
2058 1293 2134 1335 cum

129 1349 291 1426 confusus,
315 1349 349 1412 in
372 1350 444 1413 Deo
467 1372 502 1415 se
523 1350 692 1433 recolligit,
715 1351 750 1414 in
771 1350 828 1414 illo
850 1350 996 1433 origitur,
1020 1347 1107 1430 apud
1157 1352 1241 1433 ipso,
1274 1351 1401 1414 iustitia
1433 1352 1503 1415 eius
1537 1359 1594 1415 tua
1626 1360 1759 1432 peccata
1791 1353 1913 1432 obruit,
1948 1356 2036 1419 salus
2064 1358 2134 1421 eius

130 1456 166 1499 se
186 1435 295 1516 ipsum
318 1434 475 1513 deiectum
504 1435 630 1500 diffisus
651 1437 727 1514 sibi,
755 1436 843 1500 illius
864 1435 983 1500 fiducia
1004 1434 1106 1516 respi-
1157 1446 1248 1500 tuam
1270 1436 1512 1500 damnationem
1536 1436 1656 1512 abolet,
1680 1439 1749 1519 ipse
1772 1460 1831 1502 sua
1853 1438 2014 1521 dignitate
2032 1442 2133 1506 inter-

129 1529 190 1584 rat
235 1520 379 1585 Proinde
400 1521 483 1585 nihil
506 1522 622 1599 obstat,
646 1523 725 1605 quin
747 1522 844 1587 simul
867 1531 900 1586 ct
921 1530 1106 1585 terreantur
1157 1522 1242 1587 cedit
1270 1544 1310 1585 nc
1338 1523 1371 1585 in
1400 1530 1609 1604 conspectum
1631 1523 1695 1586 Dei
1721 1524 1833 1588 veniat
1860 1525 2131 1609 tualindignitas.

128 1606 255 1683 fideles,
279 1618 312 1670 11
333 1608 540 1672 securissima
562 1608 779 1672 consolatione
802 1609 981 1689 potiantur;
1009 1615 1106 1688 prout
1157 1606 1213 1672 Sic
1235 1620 1285 1671 111
1305 1628 1399 1671 sane:
1433 1607 1602 1672 Christum
1631 1629 1650 1671 a
1676 1609 1770 1672 uobis
1792 1631 1960 1691 separare,
1989 1620 2046 1675 aut
2074 1634 2135 1677 nos

127 1692 272 1756 nuncin
294 1694 584 1757 suamvanitatem
607 1694 715 1758 oculos
733 1702 937 1770 convertunt,
961 1692 1104 1757 nuncin
1157 1693 1304 1776 abipso,
1338 1694 1472 1757 minime
1495 1694 1662 1759 convenit:
1691 1693 1747 1758 sed
1774 1703 1912 1777 utraque
1939 1718 2039 1760 manu
2067 1699 2132 1761 for-

128 1779 193 1843 Dei
222 1779 393 1843 veritatem
421 1780 523 1841 animi
556 1779 786 1862 cogitationem
819 1780 974 1843 referunt.
1026 1778 1105 1858 Quo-
1157 1780 1233 1842 titer
1255 1779 1396 1843 retinere
1419 1789 1547 1861 oportet
1568 1801 1641 1843 eam
1663 1801 1726 1861 qua
1749 1801 1783 1844 se
1801 1781 1895 1844 nobis
1913 1782 2134 1866 agglutinavit

128 1864 226 1941 modo,
248 1864 326 1929 dicet
347 1866 516 1947 quispiam,
538 1866 574 1928 in
594 1865 696 1930 eodem
718 1867 823 1930 aetrno
841 1865 941 1929 sedem
954 1862 1106 1926 habebant
1157 1865 1352 1930 societatem.
1408 1865 1462 1929 Ita
1499 1886 1559 1928 nos
1597 1866 1760 1946 apostolus
1798 1867 1949 1931 instituit.
2005 1867 2133 1950 Corpus

124 1970 226 2032 pavor
251 1955 280 2014 ct
304 1949 407 2030 fides?
455 1951 572 2031 Nempe
598 1952 692 2014 sicuti
719 1971 769 2015 cr
785 1952 921 2031 opposito
948 1955 1051 2030 torpor
1078 1952 1106 2012 et
1157 1950 1303 2032 quidem,
1328 1951 1433 2032 inquit
1456 1951 1565 2033 (Rom.
1585 1954 1620 2026 8,
1646 1952 1715 2033 10),
1745 1963 1910 2016 mortuum
1930 1963 1980 2016 est
2000 1963 2134 2035 propter

130 2036 283 2100 anxietas.
334 2035 422 2100 Nam
449 2058 546 2118 qnam
571 2037 664 2117 impii
690 2036 891 2100 indolentiam
918 2034 981 2099 sibi
1008 2054 1105 2097 accer-
1157 2046 1339 2118 peccatum;
1363 2036 1420 2099 scd
1442 2038 1575 2117 spiritus
1588 2036 1721 2111 Christi,
1745 2038 1800 2118 qui
1823 2038 1858 2100 in
1880 2039 1971 2102 vobis
1993 2039 2131 2118 habitat,

129 2125 214 2198 sant,
247 2142 285 2186 ne
312 2121 383 2202 qais
412 2123 505 2186 timor
535 2121 598 2186 Dei
624 2142 675 2186 cos
701 2122 856 2199 sollicitet,
889 2127 976 2202 arpet
1003 2125 1105 2183 tamen
1158 2123 1226 2188 vita
1248 2130 1297 2185 est
1316 2131 1448 2204 propter
1465 2123 1630 2186 iustitiam.
1660 2120 1850 2187 8111111111
1872 2124 2009 2187 istorum
2027 2146 2133 2209 nuga-

129 2227 180 2271 eos
200 2205 264 2273 Dei
284 2208 450 2286 indicium,
471 2228 509 2272 ne
530 2213 737 2287 assequantur
754 2207 834 2288 qnod
853 2211 1008 2288 appetunt.
1053 2204 1106 2269 Ita
1158 2216 1305 2271 mentum
1339 2207 1444 2271 dicore
1476 2207 1646 2272 debuerat:
1680 2208 1833 2273 Christus
1866 2208 1997 2291 quidem
2028 2211 2132 2275 vitam
2197 2256 2205 2272 .

129 2293 210 2357 nileit
237 2292 369 2374 impedit
393 2296 560 2374 qcsominns
589 2313 663 2357 suos
688 2298 824 2357 exerceat
852 2293 939 2357 Dens
971 2293 1014 2356 ad
1047 2290 1106 2354 bu·
1158 2293 1244 2375 apud
1266 2315 1301 2357 se
1323 2293 1435 2372 habet;
1458 2293 1514 2358 sed
1537 2315 1604 2370 vos,
1627 2303 1664 2357 ut
1681 2304 1759 2359 11111
1776 2302 1970 2376 peccatores,
1993 2296 2134 2362 manetis

130 2379 303 2457 militatem,
331 2383 367 2442 nt
393 2379 515 2459 sortiter
541 2379 707 2444 militando
733 2378 790 2442 sab
813 2380 922 2460 fream
943 2378 1107 2441 modestice
1158 2380 1255 2443 morti
1276 2388 1308 2444 et
1329 2378 1530 2443 damnationi
1552 2381 1691 2444 obnoxii.
1726 2381 1826 2462 Atqui
1849 2380 1944 2463 longe
1967 2381 2063 2445 alitor
2085 2382 2134 2446 lo·

131 2485 164 2528 sc
195 2463 356 2528 cohibeant.
417 2465 522 2546 Atque
560 2465 614 2529 boe
644 2465 745 2546 faisse
778 2465 911 2545 apostoli
942 2463 1105 2526 canitiem
1157 2467 1275 2546 quitur.
1319 2465 1423 2529 Docet
1456 2466 1542 2528 euim
1571 2487 1643 2529 earn
1676 2486 1774 2547 quarn
1801 2487 1820 2528 a
1850 2466 1942 2531 nobis
1968 2488 2134 2531 meremur

132 2551 229 2630 liquet
258 2570 296 2615 11
326 2556 480 2629 ccidente,
517 2551 571 2615 nbi
603 2556 701 2615 iaetus
737 2556 765 2614 ct
802 2551 945 2614 treoceris
978 2568 1106 2612 cuasam
1159 2550 1405 2615 damnationem
1438 2549 1564 2615 Christi
1603 2551 1707 2615 salute
1740 2551 1926 2633 absorptam
1959 2574 2045 2631 csse;
2084 2560 2134 2617 at-

130 2636 272 2718 assipnat
303 2636 367 2701 Dei
399 2636 635 2717 beneplacitam,
675 2658 734 2717 qao
771 2637 825 2701 dat
862 2635 932 2699 scis
970 2639 997 2697 et
1035 2635 1107 2698 bene
1157 2659 1220 2719 que
1254 2635 1295 2700 ad
1327 2635 1360 2699 id
1389 2636 1663 2714 confirmandum,
1697 2658 1735 2701 ea
1764 2658 1861 2719 quam
1890 2638 1985 2701 attuli
2007 2639 2134 2703 ratione

130 2722 204 2786 cette
235 2727 264 2786 et
294 2728 416 2787 strenae
435 2723 593 2805 prosequi.
639 2721 682 2784 ln
708 2722 790 2785 dam
816 2741 942 2786 1111111
969 2720 1107 2799 accipere
1158 2724 1274 2786 utitur:
1301 2723 1378 2804 quia
1399 2721 1552 2786 Christus
1574 2745 1640 2786 non
1663 2730 1758 2787 entra
1778 2744 1836 2787 nos
1859 2733 1916 2800 est,
1939 2723 1995 2787 scd
2017 2724 2052 2786 in
2074 2746 2133 2789 no·

130 2808 268 2873 mevenit
298 2808 381 2872 illud
409 2809 577 2890 prophetae
603 2807 699 2892 (Hos.
721 2813 753 2886 3,
775 2808 826 2891 b).·
851 2805 1011 2887 parebunt
1043 2805 1107 2886 filii
1157 2807 1207 2872 bis
1228 2808 1362 2885 habitat,
1385 2828 1445 2871 nec
1467 2806 2026 2873 solumindividuosocietatisuoxu
2040 2810 2135 2873 nobis

132 2893 235 2964 teca
260 2895 303 2959 ad
325 2893 430 2958 Deam
456 2894 549 2959 etad
569 2893 839 2971 11111111111111,Ι
866 2893 943 2974 qnia
971 2912 1033 2956 non
1060 2910 1106 2954 so-
1158 2894 1323 2971 adhaeret,
1347 2893 1403 2957 scd
1424 2894 1566 2959 mirabili
1584 2895 1960 2976 quadamcommunionc
1976 2895 2011 2957 in
2029 2916 2142 2979 unum,

130 2979 196 3043 tam
216 2980 323 3060 pictas
344 2981 548 3045 reverentiam
569 2979 633 3044 Dei
653 2980 766 3063 qipnit,
795 2979 849 3042 sed
876 2980 950 3059 ipsa
978 2977 1105 3042 dulcedo
1158 3001 1274 3062 corpus
1302 2980 1469 3044 nobiscum
1497 2980 1649 3045 coalescit
1677 2981 1712 3043 in
1741 2980 1810 3044 dies
1831 2981 1937 3063 magis
1959 3000 1996 3043 ac
2018 2981 2133 3064 magis,

130 3067 328 3131 ctsuacdas
352 3068 475 3147 cratiae
501 3066 655 3131 bmnincm
683 3067 718 3129 in
745 3086 777 3129 se
804 3066 873 3145 ipso
894 3065 1042 3128 deiectam
1069 3063 1106 3125 ti-
1158 3065 1260 3130 donec
1289 3087 1392 3128 unum
1420 3067 1548 3147 penitus
1574 3066 1741 3131 nobiscum
1770 3068 1836 3129 fiat.
1890 3065 1998 3146 Neque
2030 3072 2134 3130 tamen

131 3172 214 3216 more
239 3152 336 3216 simul
357 3156 384 3216 ct
405 3153 614 3217 admiratione
639 3150 751 3215 imbuit
778 3158 813 3214 at
834 3171 856 3214 a
877 3149 945 3214 Deo
964 3148 1104 3231 pendeat,
1157 3152 1288 3232 infitior,
1318 3151 1399 3231 qaod
1425 3172 1526 3231 nuper
1551 3152 1638 3230 diei,
1671 3152 1826 3232 qaasdam
1859 3152 2014 3215 interdum
2040 3152 2163 3216 inter-s

130 3257 220 3318 seque
241 3238 402 3301 bamititer
422 3237 571 3302 subiiciat
590 3238 659 3303 eins
674 3238 839 3318 potentiae.
1157 3237 1316 3318 captiones
1335 3237 1410 3317 fidei
1431 3239 1612 3320 cord-inpare,
1629 3243 1728 3317 proiit
1747 3239 1817 3301 cias
1838 3237 2032 3301 imbecillitas
2056 3239 2136 3302 inter

217 3326 267 3386 24.
312 3323 426 3404 Neque
454 3330 565 3387 tamen
592 3324 638 3389 sic
663 3323 771 3388 locum
792 3323 930 3388 facimus
951 3320 1105 3404 pestilen·
1156 3324 1301 3387 violentos
1322 3323 1455 3404 impetus
1476 3323 1534 3387 buc
1555 3324 1602 3387 oet
1623 3324 1701 3388 illuc
1717 3324 1858 3402 flectitur.
1904 3320 1957 3386 Ita
1979 3324 2012 3386 in
2034 3325 2135 3388 densa

129 3409 275 3470 tissimae
304 3406 544 3489 philosophiae,
576 3429 675 3490 quam
702 3407 852 3473 nonnulli
878 3407 1106 3488 sernipapistae
1156 3409 1291 3490 catiqine
1312 3410 1516 3476 tentationem
1537 3409 1706 3490 suffocatur
1727 3411 1794 3472 eius
1816 3410 1928 3473 tamen.
1972 3408 2135 3489 Quidquid

131 3491 250 3557 cudere
272 3490 367 3557 hodie
389 3494 424 3556 in
446 3494 575 3577 angulis
594 3494 765 3576 incipiunt.
799 3493 887 3574 Quia
908 3494 993 3558 enim
1018 3512 1105 3557 cras-
1157 3500 1261 3559 tanton
1283 3494 1411 3573 actitat,
1433 3516 1454 3558 c
1475 3495 1645 3575 quaerendi
1666 3494 1730 3559 Dei
1752 3495 1853 3558 startia
1874 3514 1936 3558 non
1957 3494 2084 3559 desistit.

130 3599 204 3644 sam
224 3577 315 3641 illam
333 3577 576 3657 dubitationem,
599 3601 683 3662 quae
707 3583 741 3644 in
759 3580 878 3645 scholis
895 3579 1017 3643 tradita
1034 3578 1104 3654 1111,
1245 3584 1294 3643 25.
1339 3580 1407 3644 Nec
1436 3580 1531 3645 alitor
1559 3580 1690 3645 disserit
1710 3578 1917 3657 Beruardus,
1946 3602 2047 3662 quum
2072 3580 2136 3645 hoc

130 3665 218 3728 tueri
239 3673 413 3746 nequeunt,
436 3666 628 3749 confugiunt
649 3665 690 3730 ad
712 3665 801 3731 aliud
817 3677 1048 3741 commentum,
1070 3671 1107 3727 ut
1157 3674 1388 3749 argumentum
1410 3687 1451 3729 er
1472 3668 1616 3747 professo
1638 3677 1767 3744 tractat,
1792 3665 1926 3730 homilia
1947 3666 1982 3728 in
2005 3665 2135 3731 dedica·

130 3750 288 3815 fiduciam
314 3748 539 3815 incredulitate
567 3751 705 3816 mixtam
731 3753 862 3817 faciant.
908 3749 1043 3830 Quoties
1070 3751 1106 3812 in
1157 3755 1244 3815 tione
1271 3751 1384 3832 templi
1411 3753 1537 3834 quinta:
1573 3754 1652 3830 Dei,
1686 3753 1835 3834 inquam,
1865 3752 2021 3815 beneficio
2051 3771 2135 3813 nou-

132 3835 305 3900 Christum
337 3836 544 3917 respicimus,
582 3838 725 3902 fatentur
761 3838 831 3903 illic
864 3858 925 3901 nos
957 3836 1106 3901 inveniro
1158 3859 1328 3919 nunquam
1350 3836 1390 3902 de
1413 3839 1522 3902 anima
1544 3839 1701 3922 cogitans,
1726 3839 1838 3902 videor
1860 3836 1942 3898 mihi
1964 3837 1999 3898 in
2022 3856 2060 3898 ea
2077 3856 2136 3900 ve·

132 3922 263 4004 plenam
288 3922 371 3986 bena
398 3921 550 4005 sperandi
577 3924 764 4003 materiam;
797 3923 854 3988 sed
881 3923 957 4005 quia
978 3943 1106 4003 semper
1158 3924 1219 3987 luti
1252 3923 1315 3986 duo
1347 3924 1506 4004 quaedem
1539 3926 1703 3989 contraria
1734 3924 1892 3988 invenire.
1948 3918 1986 3984 81
2019 3922 2134 4001 ipsam,

132 4008 259 4090 indigui
282 4030 396 4072 sumus
417 4007 483 4072 illis
505 4009 655 4073 omnibus
677 4009 784 4087 honis,
813 4030 896 4091 quae
918 4010 953 4072 in
975 4006 1107 4072 Christo
1159 4018 1255 4091 prout
1276 4010 1311 4072 in
1333 4030 1368 4072 se
1391 4020 1615 4086 1111111111,
1641 4011 1781 4086 intucor,
1804 4007 1844 4071 de
1866 4027 1904 4069 oa
1921 4006 2005 4070 nihil
2025 4007 2136 4072 verius

132 4094 224 4159 nobis
247 4094 444 4171 offeruntur,
472 4092 587 4158 volunt
611 4094 817 4178 indignitatis
837 4102 966 4158 nostrae
987 4095 1107 4158 iutuitu
1160 4096 1267 4160 dicere
1299 4116 1446 4178 possum,
1480 4117 1579 4177 quam
1612 4096 1653 4159 ad
1685 4094 1826 4157 nihilum
1855 4114 1924 4156 osse
1957 4092 2134 4157 redactam.

133 4201 191 4244 nos
213 4181 365 4245 fluctuari
387 4190 419 4244 et
441 4180 611 4244 haesitare.
655 4180 696 4244 In
718 4202 855 4259 summa,
878 4180 1108 4244 conscientiam
1160 4181 1249 4262 Quid
1277 4180 1374 4243 modo
1402 4201 1531 4244 necesso
1559 4191 1609 4245 ost
1636 4180 1782 4263 singulas
1809 4179 1878 4257 eius
1901 4179 2048 4242 miserias
2074 4199 2135 4241 nu·

132 4266 178 4330 sic
199 4274 350 4330 11111111
372 4266 459 4329 inter
481 4286 572 4348 spem
594 4273 628 4330 et
650 4275 782 4344 metum,
805 4275 843 4330 ut
859 4287 918 4349 per
935 4265 1109 4330 intervalla
1160 4289 1301 4344 merare,
1330 4287 1427 4347 quam
1451 4268 1494 4330 sit
1515 4275 1650 4330 onerata
1671 4266 1826 4346 pcccatis,
1855 4265 1960 4328 offusa
1981 4263 2134 4341 tenebris,

132 4360 165 4416 et
185 4352 274 4416 vices
295 4351 359 4416 lmc
381 4359 480 4434 atquc
502 4352 580 4416 illuc
602 4352 757 4430 alternet;
779 4373 871 4434 spem
888 4374 965 4417 vero
987 4360 1109 4416 11111-
1161 4355 1287 4416 irretita
1308 4349 1484 4429 illecebris,
1507 4353 1658 4434 pruriens
1680 4350 1964 4432 concupiscentiis,
1995 4347 2136 4411 obnoxia

133 4446 203 4502 tum
231 4438 277 4503 sic
303 4437 390 4502 inter
421 4459 456 4502 se
488 4438 674 4517 conferunt,
707 4445 744 4501 ut
771 4438 828 4503 illa
861 4439 1027 4502 exoriente
1056 4437 1110 4502 hic
1161 4438 1380 4520 passionibus,
1409 4437 1543 4520 impleta
1564 4437 1782 4513 illusionibus,
1812 4456 1915 4518 prona
1943 4453 2071 4514 semper
2095 4430 2139 4495 ad

132 4524 350 4606 opprimatur,
388 4523 450 4588 hoc
479 4532 672 4607 resurgente
705 4525 762 4589 illa
790 4546 921 4589 rursum
950 4522 1107 4588 concidat.
1161 4523 1302 4601 malum,
1331 4524 1366 4587 in
1396 4525 1510 4588 vitium
1539 4544 1634 4587 omne
1657 4523 1825 4606 proclivis,
1855 4531 2018 4603 postremo
2043 4519 2137 4601 igno·

132 4609 186 4672 Ita
218 4618 326 4685 satan,
363 4610 418 4674 ubi
451 4610 517 4674 iam
551 4610 641 4675 videt
671 4621 800 4693 apertas
833 4609 1003 4674 machinas
1036 4607 1109 4672 illas
1162 4610 1281 4673 minine
1314 4617 1347 4673 et
1379 4609 1574 4675 confusionis
1607 4608 1724 4692 plena?
1780 4606 1944 4671 Nimirum
1983 4605 2009 4666 si
2047 4605 2137 4685 ipsae

133 4696 251 4776 quibus
280 4695 357 4760 fidei
390 4695 619 4760 certitudinem
656 4696 823 4761 destruere
861 4704 958 4759 antea
996 4694 1109 4758 solitus
1162 4716 1288 4778 quoqne
1309 4696 1454 4760 iustitiae
1476 4717 1588 4761 omnes
1611 4695 1653 4758 ad
1675 4695 1786 4758 lumen
1799 4690 1946 4758 veritatis
1962 4691 2136 4771 inspectae,

133 4792 212 4856 erat,
236 4803 323 4846 nuuc
346 4781 430 4845 nihil
451 4781 570 4860 valere,
593 4783 733 4865 obliquis
755 4780 912 4847 cuniculis
931 4800 1004 4843 eam
1021 4779 1109 4844 labe·
1162 4781 1252 4847 velut
1284 4802 1413 4862 pannus
1444 4790 1666 4846 menstruatae
1698 4779 1925 4854 inveniuntur,
1959 4776 2138 4841 iniustitiae

133 4866 238 4930 facere
260 4878 404 4932 conatur.
451 4866 567 4948 Qualis
595 4878 704 4933 autem
726 4869 790 4932 erit
812 4866 869 4929 illa
886 4865 1006 4930 fiducia
1027 4887 1110 4948 quae
1163 4867 1315 4950 deinceps
1344 4867 1454 4949 quales
1482 4865 1743 4949 reputabuntur?
1788 4862 1967 4930 81111111
1995 4861 2138 4944 quodin

133 4949 269 5017 subinde
291 4953 508 5036 desperationi
529 4954 643 5019 cedet?
683 4953 722 5019 Si
743 4952 924 5030 Christum,
947 4952 1109 5033 inquiunt,
1163 4953 1256 5016 nobis
1289 4963 1353 5031 111,
1387 4953 1541 5018 tenebrae
1570 4964 1662 5028 sunt,
1695 4952 1786 5034 ipsae
1814 4948 1968 5014 tenebrae
1996 4955 2138 5030 quantae

133 5038 335 5116 consideras,
364 5049 454 5105 certa
480 5039 582 5119 salum
615 5040 644 5104 si
672 5039 714 5104 ad
742 5049 774 5104 11
796 5039 905 5121 ipsum
926 5037 1110 5114 reverteris,
1163 5046 1261 5101 crunt
1283 5039 1417 5121 (Matth.
1438 5045 1466 5116 6,
1486 5038 1565 5124 23)?
1611 5036 1700 5118 Quid
1722 5035 1843 5121 igitur?
1867 5037 1937 5099 sino
1960 5034 2057 5099 dubio
2079 5055 2138 5099 va·
2191 5100 2194 5105 ,

132 5131 221 5189 corta
248 5124 424 5190 damnatio.
468 5126 560 5209 Ergo
587 5125 725 5190 alternis
753 5125 969 5191 diffidentiam
997 5123 1111 5188 11111-
1163 5123 1257 5187 nitati
1280 5125 1396 5190 similis
1416 5126 1520 5190 factus
1549 5134 1599 5190 est
1622 5125 1732 5202 homo;
1761 5123 1797 5186 in
1823 5121 1965 5186 nihilum
1986 5120 2139 5185 redactus
2204 5159 2206 5163 >

132 5231 210 5275 nam
233 5231 325 5293 spem
346 5211 383 5274 in
405 5211 971 5296 111111111111111111111111111.
1008 5209 1113 5290 Quasi
1164 5218 1214 5274 est
1235 5208 1345 5292 hom0;
1368 5211 1452 5276 nihil
1473 5220 1524 5276 est
1546 5211 1652 5276 homo.
1687 5208 1857 5290 Quomodo
1878 5216 1989 5270 tamen
2006 5205 2140 5288 penitus

235 5311 450 5382 cassiopea.
486 5312 544 5368 ror.
564 5311 607 5369 11.
1899 5306 1933 5359 ’27
