4672 5842
219 291 281 353 547
416 282 422 296 '
867 281 1134 349 INSTITU'HO
1157 283 1262 351 Rau.
1286 279 1467 348 CHRIS'I'.
1494 285 1583 346 1559.
2166 281 2228 343 548

221 474 409 556 corrumpit
455 470 595 536 Scholae
621 472 656 535 in
679 470 822 536 deterius
844 492 972 553 semper
994 470 1199 548 aberrarunt,
1252 471 1344 537 Haec
1371 472 1455 535 ratio
1483 477 1535 535 est
1563 491 1622 533 cur
1650 476 1742 533 tanta
1768 467 2004 551 repugnantiae
2026 466 2133 550 specie
2154 487 2230 549 pro-

223 560 325 626 16666
359 556 491 623 tandem
523 558 691 639 praecipiti
725 558 821 621 ruina
853 554 1024 621 devolutae
1054 565 1132 620 sunt
1158 555 1201 620 ad
1252 558 1439 622 missionem
1468 557 1533 638 legi
1555 576 1621 619 non
1643 554 1743 619 semel
1766 564 1918 637 opponat.
1964 551 2002 617 Si
2024 553 2159 636 exlege
2182 567 2232 618 est

223 645 385 729 quendam
407 643 690 727 pelagianismum.
725 645 775 707 Ac
796 663 856 706 nec
868 643 1046 725 Augustini
1068 641 1200 723 quidem
1253 642 1447 720 haereditas,
1471 643 1537 706 iam
1559 662 1624 705 non
1647 650 1698 705 est
1719 662 1761 704 ex
1782 639 1996 723 promissione
2014 637 2149 722 (Gala,
2167 640 2230 722 18),

223 730 400 806 sententia,
424 729 477 793 vel
500 730 615 794 saltem
638 727 794 811 loquendi
815 728 914 806 ratic,
937 749 996 809 per
1018 729 1200 792 66161616-
1253 737 1389 811 atquae
1411 728 1523 792 ecdem
1545 727 1651 809 capite
1673 728 1709 790 in
1732 726 1817 791 hanc
1839 726 2035 791 sententiam
2058 724 2230 790 habentur.

222 815 373 899 cipienda
394 824 452 879 est.
495 816 640 879 Tametsi
662 815 749 879 enim
772 815 902 896 egregie
925 814 1092 878 hominem
1110 813 1200 877 omni
1254 814 1351 881 Certe
1380 821 1414 879 et
1440 814 1495 879 lex
1521 814 1593 895 ipsa
1615 835 1690 884 suas
1714 812 1813 876 habet
1834 811 2072 893 promissiones.
2120 809 2232 891 Quare

222 902 367 968 iustitiae
389 900 486 964 laude
508 901 643 983 spoliat,
673 922 710 965 ac
735 907 837 963 totam
858 899 923 962 Dei
946 900 1070 982 gratiae
1092 906 1200 963 traus-
1254 902 1289 966 in
1316 899 1584 983 promissionibus
1613 898 1809 982 evangelicis
1830 897 2021 961 distinctum
2048 895 2172 978 aliquid
2194 918 2232 962 ac

222 987 349 1065 scribit,
384 987 523 1069 gratiam
558 994 667 1049 tamen
698 985 740 1049 ad
767 985 1057 1049 sanctificationem
1092 985 1200 1062 refert,
1254 985 1419 1051 diversum
1442 1006 1512 1049 esse
1533 992 1676 1066 oportet,
1706 985 1770 1047 nisi
1800 983 1937 1048 velimus
1963 983 2058 1046 fateri
2085 982 2233 1064 ineptam

222 1074 344 1157 quain
365 1073 453 1136 vitae
477 1073 654 1136 novitatem
677 1092 736 1152 per
756 1072 908 1152 spiritum
930 1092 1171 1153 regeneramur.
1254 1094 1325 1137 esse
1347 1072 1562 1136 collationem.
1595 1068 1702 1151 Quale
1725 1079 1833 1134 autem
1856 1067 1943 1132 istud
1965 1069 2037 1146 erit,
2059 1068 2123 1132 nisi
2145 1067 2232 1151 quod

311 1163 359 1222 16.
406 1155 576 1240 Scriptura
609 1166 733 1234 autem,
767 1178 867 1237 quum
900 1156 941 1219 16
974 1156 1051 1220 fidei
1078 1157 1203 1220 iustitia
1255 1159 1417 1242 gratuitae
1445 1165 1538 1234 sunt,
1573 1176 1610 1221 ac
1638 1156 1707 1220 sola
1727 1155 1791 1219 Dei
1820 1152 2042 1219 miserirordiae
2068 1154 2231 1231 suffultae,

222 1245 382 1327 loquitur,
405 1243 502 1326 longe
523 1243 586 1306 alio
608 1263 668 1306 nos
691 1241 793 1306 ducit:
819 1262 937 1323 nempe
959 1249 997 1306 nt
1016 1242 1056 1306 ab
1080 1242 1202 1306 intuitu
1255 1266 1355 1327 quum
1376 1243 1458 1326 legis
1479 1243 1709 1324 promissiones
1731 1241 1772 1305 ab
1791 1261 1925 1324 operum
1948 1239 2130 1305 conditione
2149 1262 2231 1323 pen-

101 1397 104 1405 ,
223 1352 359 1414 operum
382 1337 566 1393 nostrorum
591 1328 712 1404 aversi,
742 1328 778 1391 in
801 1328 864 1391 Dei
886 1327 1143 1392 misericordiam
1165 1347 1202 1391 ao
1255 1328 1375 1394 deant?
1408 1329 1514 1408 Neque
1527 1327 1752 1410 bicebpuuuiut
1769 1328 1935 1407 quispiam,
1953 1326 2119 1406 repiuiiari
2136 1347 2233 1407 quam

223 1415 348 1482 Christi
370 1415 600 1496 perfectionem
623 1421 753 1477 tantum
775 1414 996 1495 respiciamus.
1031 1411 1202 1495 Siquidem
1255 1437 1293 1480 ea
1309 1416 1442 1497 proprie
1464 1419 1563 1478 auerte
1585 1419 1613 1477 et
1634 1413 1726 1477 libero
1744 1412 1875 1477 arbitrio
1897 1413 2052 1476 iustitium
2075 1411 2234 1476 obtrudere

223 1502 311 1567 bunc
339 1500 580 1564 iustificationis
607 1499 755 1563 ordinem
784 1499 892 1576 docet,
927 1498 1014 1581 quod
1041 1499 1202 1581 principie
1255 1501 1322 1566 Deo
1352 1501 1457 1564 661111
1487 1500 1632 1564 tremisses.
1684 1499 1815 1580 Quaado
1847 1499 1915 1561 61116
1946 1499 2121 1578 exceptione
2151 1499 2236 1562 decet

222 1594 424 1671 peccatorem
447 1584 612 1649 hominem
635 1607 727 1649 mera
744 1586 952 1668 gratiutaque
969 1584 1114 1649 bonitate
1136 1585 1204 1666 dip-
1258 1586 1382 1651 Paulus
1415 1587 1509 1668 legem
1540 1586 1670 1650 iubendo
1703 1584 1784 1649 611111
1810 1584 1960 1666 prodesse
1992 1582 2102 1666 (Rom.
2123 1586 2159 1660 8,
2185 1583 2235 1667 3).-

222 1677 312 1737 uetur
334 1671 488 1752 ceruitecti
509 1671 617 1748 Deus,
646 1670 729 1734 nihil
752 1672 786 1734 in
809 1671 896 1753 ipso,
926 1691 989 1753 quo
1013 1670 1054 1734 ad
1076 1669 1203 1734 miseri·
1256 1673 1332 1753 quia
1353 1693 1440 1736 uerte
1462 1672 1580 1752 estqui
1602 1671 1744 1751 impleat,
1767 1691 1829 1734 uon
1850 1674 1970 1732 uuum
1992 1690 2030 1733 ec
2052 1669 2157 1752 culpo,
2181 1669 2236 1735 sed

226 1756 369 1825 cordiam
391 1766 575 1834 moveatur,
599 1764 772 1840 reputans,
795 1757 858 1821 nisi
880 1756 1062 1835 miseriam,
1085 1757 1204 1838 quippe
1255 1779 1294 1822 ee
1310 1758 1551 1839 perfectissimis
1568 1757 1745 1839 quibusque.
1779 1755 1914 1819 Dilectae
1932 1760 2008 1819 certe
2025 1757 2235 1836 praeabum

227 1865 322 1927 quem
354 1841 445 1906 videt
477 1864 496 1906 a
527 1841 622 1907 bonis
655 1842 807 1926 operibus
840 1864 975 1925 prorsus
1006 1841 1131 1907 nudum
1166 1857 1226 1905 ac'
1255 1849 1300 1908 est
1333 1849 1424 1924 capiet
1457 1844 1547 1926 lepis,
1579 1863 1675 1923 quum
1707 1843 1749 1907 ed
1779 1862 1847 1906 eoru
1875 1861 1930 1905 ros
1961 1840 2073 1922 sumet
2100 1841 2234 1923 spirituo

228 1950 380 2007 vacuum3
415 1950 435 1992 6
467 1950 501 1992 66
535 1929 605 2009 ipso
634 1950 767 1992 causam
792 1938 907 2011 petens
935 1951 993 1993 cur
1023 1928 1072 1991 illi
1104 1927 1204 1991 bene-
1257 1928 1336 1993 Dei:
1362 1950 1418 1994 cur
1444 1935 1571 1993 11611661
1592 1929 1679 1993 uobis
1701 1930 1841 1993 iustitiae
1861 1946 1973 2004 causa,
1999 1928 2064 1990 uisi
2092 1927 2175 2007 qued
2200 1928 2235 1991 iu

225 2016 340 2090 faciat,
364 2013 450 2096 quod
472 2023 672 2095 peccatorem
696 2015 805 2096 ipsum
826 2014 982 2079 bonitatis
1005 2035 1082 2079 suae
1105 2034 1205 2078 sensu
1256 2016 1374 2080 6666116
1399 2017 1493 2080 etiem
1518 2015 1629 2079 11111116
1657 2020 1715 2093 est,
1744 2015 1869 2095 ideoque
1891 2035 1952 2095 per
1979 2032 2011 2077 se
2032 2013 2113 2077 1111111
2136 2014 2236 2094 pretii

227 2101 364 2179 afficiat,
393 2100 448 2181 qui
464 2102 487 2182 ¹)
519 2099 559 2164 de
587 2102 727 2182 propriis
754 2100 904 2182 operibus
933 2098 1075 2177 diffisus,
1101 2107 1205 2164 totam
1257 2102 1417 2166 1161611119

227 2186 341 2252 salutis
370 2207 448 2249 suae
476 2206 638 2249 summam
672 2187 707 2249 in
734 2186 837 2268 ipsius
865 2184 1121 2251 misericordiam
1153 2207 1204 2248 re·
1347 2190 1394 2251 18.
1441 2187 1612 2253 Secundus
1635 2184 2055 2268 locusest(Gal.3,12):
2084 2184 2172 2267 quod
2194 2207 2235 2250 ex

227 2272 323 2337 iiciat.
368 2270 435 2336 Hic
462 2279 512 2335 661
533 2270 607 2335 fidei
631 2292 760 2350 sensus,
786 2293 845 2352 per
872 2292 971 2353 quem
991 2280 1142 2353 peccator
1169 2271 1204 2333 iu
1257 2271 2153 2356 1666661116166111661616661116661,6161111661616
2175 2278 2235 2352 est,

227 2357 462 2508 possessionem
490 2357 580 2420 venit
605 2379 683 2421 suae
712 2358 842 2434 salutis,
872 2356 950 2421 dum
979 2379 1020 2421 ex
1043 2356 1205 2440 evangelii
1258 2361 1335 2441 quia
1366 2359 1473 2424 iustus
1506 2380 1547 2424 ex
1575 2356 1639 2422 fido
1665 2359 1769 2436 11161;
1802 2357 1856 2422 lex
1884 2363 1993 2421 autem
2020 2378 2088 2420 non
2117 2364 2168 2421 est
2194 2379 2236 2422 ex

249 2443 375 2508 octrina
397 2442 543 2525 agnoscit
564 2443 635 2507 Dec
656 2465 691 2508 66
713 2443 973 2521 reconciliatum
996 2442 1082 2524 quod
1104 2444 1205 2506 inter·
1258 2445 1331 2521 fide,
1354 2444 1412 2509 sed
1429 2446 1485 2526 qui
1502 2446 1615 2510 1666111
1631 2444 1713 2509 haec
1730 2444 1837 2521 homo,
1860 2442 2001 2509 1116116
2019 2443 2108 2526 ipsis.
2145 2441 2236 2523 Quc-

228 2527 362 2596 cedente
390 2526 514 2593 Christi
544 2528 682 2607 iustitia,
713 2529 888 2611 impetrata
913 2536 1121 2610 peccatorum
1153 2550 1204 2592 rc-
1258 2531 1354 2596 modo
1377 2531 1497 2614 alioqui
1519 2538 1684 2596 constaret
1705 2538 1951 2612 argumentum,
1975 2530 2038 2593 uisi
2060 2530 2237 2594 conveniat

228 2615 397 2692 missione,
425 2614 620 2679 iustificatus
643 2617 698 2693 sit,
729 2623 762 2679 61
791 2636 979 2696 quanquam
1002 2615 1120 2696 spiritu
1141 2614 1205 2678 Dei
1258 2618 1295 2683 in
1316 2617 1477 2682 calculum
1499 2616 1575 2681 fidei
1603 2637 1668 2681 non
1691 2615 2017 2697 16611666616,661
2032 2634 2234 2694 1116161666

171 2745 180 2755 -
228 2706 454 2784 regeneratus,
484 2721 550 2764 non
572 2701 606 2764 in
627 2701 722 2765 bonis
745 2699 911 2782 operibus,
941 2701 1057 2782 quibus
1079 2701 1206 2765 incum-
1252 2703 1405 2785 peracuta
1422 2702 1508 2768 esse?
1530 2704 1613 2779 Lex,
1631 2702 1746 2784 inquit,
1768 2698 2076 2766 estafidedivcrsa
2099 2697 2232 2779 Quare?

228 2787 292 2865 bit,
322 2786 379 2850 661
407 2786 530 2851 166616
553 2784 678 2852 Christi
704 2787 829 2851 iustitia
851 2787 1026 2867 repositam
1048 2785 1108 2850 sibi
1132 2808 1206 2869 per·
1258 2790 1438 2872 Propterea
1459 2789 1544 2871 quod
1569 2787 1611 2852 ad
1638 2788 1726 2853 illius
1752 2788 1911 2852 iustitiam
1937 2806 2037 2867 opera
2060 2786 2233 2868 requirim-

227 2878 361 2957 petuam
388 2872 549 2938 iustitiam
575 2872 704 2956 cogitat
750 2872 842 2937 Haec
871 2872 926 2936 ubi
953 2871 1123 2955 sigillatim
1149 2894 1206 2936 cx·
1259 2885 1321 2940 tur.
1365 2875 1457 2959 Ergo
1480 2875 1520 2939 61
1543 2875 1643 2939 huius
1664 2873 1825 2939 iustitiam
1848 2872 1996 2956 sequitur
2017 2893 2082 2936 non
2103 2872 2233 2954 requiri.

227 2980 330 3043 pensa
351 2959 488 3033 fuerint,
517 2960 723 3043 perspicuam
745 2959 927 3023 6661661166
950 2968 1080 3023 nostrae
1102 2957 1206 3040 expli·
1259 2962 1313 3025 Ex
1341 2963 1405 3026 ista
1433 2961 1588 3026 relatione
1616 2969 1765 3044 apparet,
1799 2960 1880 3025 citra
1909 2978 2043 3039 operum
2071 2958 2235 3035 meritum,

229 3045 392 3110 cationcm
420 3042 568 3108 reddent.
613 3044 810 3125 Quanquam
838 3044 900 3107 alio
922 3065 1020 3125 quam
1042 3045 1208 3126 proposita
1258 3048 1325 3111 imo
1347 3056 1441 3111 extra
1461 3068 1597 3129 operum
1614 3047 1769 3110 meritum
1786 3044 1965 3123 iustificari,
1988 3045 2042 3127 qui
2060 3043 2125 3108 fide
2142 3044 2236 3109 iusti-

230 3129 296 3194 sint
317 3127 431 3192 ordine
453 3129 569 3194 melius
593 3130 791 3213 digerentur.
833 3128 901 3195 Sed
922 3151 1039 3212 parum
1061 3131 1207 3207 interest
1259 3135 1414 3209 ficantur,
1443 3135 1520 3215 quia
1547 3132 1627 3198 11166
1652 3154 1725 3197 6661
1745 3152 1844 3214 quam
1865 3129 2074 3214 evangelium
2096 3130 2237 3214 largitur

229 3212 325 3279 medo
347 3213 432 3277 inter
449 3235 484 3277 se
501 3215 549 3278 ita
564 3216 769 3294 cohaereant,
793 3224 921 3280 utrem
941 3222 1043 3280 totam
1065 3216 1128 3281 1116
1150 3237 1207 3281 ex·
1260 3219 1419 3284 iustitiam
1440 3219 1565 3302 accipit
1602 3217 1823 3302 Evangelium
1846 3225 1956 3280 autem
1978 3236 2016 3280 66
2039 3215 2152 3300 alege
2175 3215 2235 3280 dif-

231 3299 372 3385 positam
394 3307 545 3382 certeque
567 3303 794 3366 confirmatam
814 3302 1002 3366 habeamus.
1259 3305 1331 3383 1611,
1355 3304 1440 3387 6661
1461 3303 1612 3388 operibus
1633 3326 1700 3369 non
1718 3303 1832 3386 alligat
1848 3303 2016 3381 iustitiam,
2038 3300 2150 3367 sedin
2168 3302 2236 3367 sola

320 3389 367 3448 17.
402 3385 468 3448 Hic
489 3388 647 3451 memoria
664 3394 810 3470 repetere
828 3388 982 3453 convenit
999 3409 1096 3470 quam
1115 3389 1207 3472 prius
1260 3391 1324 3455 Dei
1351 3391 1574 3456 misericordia
1597 3390 1740 3455 collocat.
1786 3387 1902 3453 Simile
1926 3388 2084 3470 estquod
2106 3387 2236 3453 adRc-

230 3471 423 3536 relationem
451 3472 679 3537 constituimus
707 3474 794 3537 inter
814 3472 913 3537 fidem
935 3482 968 3537 61
989 3475 1206 3557 evangelium,
1259 3497 1374 3541 manos
1396 3476 1441 3559 (4,
1461 3477 1496 3559 2)
1517 3476 1698 3554 contendit,
1727 3474 1897 3539 Abraham
1924 3495 1991 3538 non
2018 3474 2140 3539 habere
2168 3474 2237 3558 glo-

230 3556 307 3639 quia
333 3553 410 3620 inde
437 3557 611 3622 iustificare
640 3557 759 3622 dicitur
786 3558 867 3624 fides
895 3558 981 3641 quod
1008 3559 1151 3626 oblatam
1173 3562 1208 3625 iu
1260 3562 1368 3627 riandi
1389 3564 1577 3639 materiam,
1606 3563 1682 3644 quia
1703 3561 1785 3626 fides
1806 3560 1855 3624 illi
1875 3561 1910 3624 iu
1931 3560 2091 3625 iustitiam
2113 3561 2157 3626 sit
2174 3562 2235 3622 im·

230 3641 401 3724 evangelio
434 3642 592 3707 iustitiam
625 3645 741 3725 recipit
773 3654 807 3709 et
838 3646 1053 3727 amplectitur.
1111 3644 1208 3726 Quod
1260 3655 1389 3733 putata;
1418 3669 1455 3714 ae
1484 3649 1765 3713 confirmationem
1786 3646 1929 3723 subiicit,
1957 3642 2044 3728 quod
2065 3653 2137 3710 tum
2157 3644 2232 3709 fidei

231 3735 422 3811 6616111661
444 3728 650 3812 evangelium
673 3729 938 3809 1161161616111,
964 3753 1001 3796 eo
1023 3731 1208 3796 excluditur
1261 3736 1404 3800 iustitiae
1425 3735 1600 3812 16666661,
1627 3734 1684 3798 ubi
1704 3731 1797 3797 66116
1823 3739 1900 3797 6661
1921 3752 2020 3814 opera
2040 3731 2155 3813 quibus
2177 3728 2233 3793 de-

231 3815 336 3881 omnis
359 3834 494 3898 operum
514 3813 738 3880 consideratio.
774 3814 870 3897 Quod
884 3838 985 3899 quum
1001 3817 1082 3882 alias
1100 3840 1206 3900 saepe,
1261 3821 1377 3886 beatur
1398 3842 1530 3887 merces.
1576 3820 1656 3898 Ubi,
1679 3819 1799 3901 inquit,
1824 3825 1901 3882 sunt
1921 3839 2034 3900 opera,
2058 3817 2122 3881 illis
2143 3814 2233 3879 debi-

231 3908 302 3965 tum
314 3899 439 3964 duobus
457 3900 535 3964 locis
552 3901 867 3967 clarissimePaulus
885 3901 1094 3968 demonstrat.
1121 3904 1208 3968 Nam
1261 3915 1332 3970 tum
1354 3909 1534 3989 praemium
1554 3905 1759 3988 eependitur;
1782 3903 1867 3986 quod
1886 3903 1984 3968 16161
2002 3901 2086 3979 fidei,
2108 3902 2233 3985 gratui-

232 3984 274 4050 ad
296 3985 611 4071 Romanosque)
639 3987 747 4071 legem
774 3997 807 4053 61
828 3989 1036 4072 evangelium
1064 3989 1152 4053 inter
1173 4012 1208 4054 66
1261 4000 1333 4056 tum
1354 4003 1411 4057 est.
1447 3992 1616 4075 Siquidem
1639 3991 1877 4066 6116116166,
1900 3983 2234 4072 quibusillicutitur,

232 4071 410 4150 conferens,
433 4072 567 4151 iustitia,
589 4071 704 4155 inquit,
731 4096 814 4156 quae
836 4074 970 4158 exlege
991 4083 1050 4152 661,
1080 4076 1126 4141 616
1148 4075 1207 4140 ha-
1261 4100 1374 4143 sensus
1408 4079 1473 4145 huo
1505 4100 1630 4161 quoque
1664 4077 1815 4159 pertinet.
1862 4073 1958 4155 Quod
1978 4074 2145 4140 'subnectit
2174 4072 2235 4137 ali·

232 4156 300 4222 bet:
329 4158 384 4239 qui
411 4157 524 4222 1666111
552 4158 633 4224 haec
658 4159 769 4238 homo,
798 4160 888 4225 11161
915 4161 949 4224 16
976 4160 1064 4244 ipsis.
1115 4160 1207 4242 Quae
1260 4173 1383 4246 quanto
1405 4172 1487 4246 post,
1510 4164 1581 4229 idec
1603 4186 1644 4228 ex
1663 4163 1727 4228 fide
1747 4184 1807 4227 nos
1825 4161 1970 4227 obtinere
1988 4158 2235 4239 haereditatem,

231 4249 341 4308 autem
363 4242 438 4308 fidei
461 4255 511 4308 est
532 4244 665 4322 iustitia,
688 4246 829 4311 salutem
846 4245 1034 4324 denuntiat,
1058 4248 1086 4312 si
1103 4247 1207 4313 credi·
1260 4257 1298 4313 ut
1324 4249 1504 4314 secundum
1531 4251 1685 4334 gratiam3
1718 4249 1789 4313 binc
1816 4246 1940 4330 colligit
1965 4245 2143 4331 gratuitam
2165 4268 2237 4310 esse

230 4328 317 4394 deris
338 4329 374 4393 in
396 4327 577 4409 66116166,
601 4332 891 4398 61616666166666
909 4332 1009 4398 166116
1024 4335 1207 4408 Dominum
1260 4334 1510 4414 haereditatem,
1538 4337 1615 4419 quia
1641 4334 1706 4400 fide
1732 4334 1920 4419 percipitur.
1964 4332 2061 4399 Unde
2087 4331 2137 4410 id,
2171 4333 2235 4397 nisi

229 4414 356 4494 Iesum,
390 4425 424 4479 61
456 4415 542 4496 6661
569 4424 663 4499 pater
690 4417 784 4482 illum
812 4419 983 4484 suscitavit
1009 4442 1029 4484 6
1058 4420 1205 4484 mortuis.
1259 4423 1335 4503 quia
1367 4421 1448 4487 fides
1481 4424 1550 4486 sine
1582 4443 1717 4505 operum
1751 4417 1962 4495 adminiculo,
2003 4426 2072 4483 tota
2103 4419 2138 4482 in
2170 4418 2236 4482 Dei

229 4501 376 4566 Videsne
404 4511 442 4565 61
466 4502 548 4586 legis
571 4512 605 4566 et
626 4503 794 4586 evangehi'
810 4501 983 4570 discrimen
1013 4506 1204 4584 1166166161,
1258 4507 1515 4573 misericordiam
1541 4507 1720 4573 recumbit?
1770 4505 1875 4586 Atque
1901 4505 2004 4569 cedern
2030 4525 2123 4569 sensu
2150 4503 2237 4567 hauet

230 4587 315 4669 quod
341 4587 399 4652 illa
419 4588 570 4671 operibus
592 4588 749 4653 iustitiam
778 4590 913 4669 tribuat,
941 4591 1003 4656 hoc
1025 4593 1107 4658 citra
1128 4612 1205 4674 ope·
1258 4593 1349 4658 dubie
1376 4595 1454 4660 alibi
1475 4595 1585 4680 (Rom.
1610 4598 1646 4673 3,
1666 4593 1721 4675 21)
1747 4593 1830 4656 16661
1855 4591 2011 4655 iustitiam
2033 4590 2098 4656 Dei
2123 4589 2237 4668 absque

229 4695 302 4737 rum
324 4673 505 4739 subsidium
528 4676 705 4759 gratmtam
726 4675 906 4759 largiatur?
939 4677 1083 4761 Insignis
1105 4679 1204 4757 locus,
1259 4680 1321 4763 leqc
1340 4682 1573 4762 manifestatum
1594 4700 1667 4758 esse,
1690 4679 1835 4759 quumvis
1856 4678 2063 4742 testimenium
2084 4675 2192 4739 babeat
2213 4697 2234 4738 6

230 4766 262 4823 61
288 4761 344 4841 661
370 4781 430 4824 nos
459 4782 479 4824 a
507 4762 619 4826 multis
643 4760 888 4827 difficultatibus
915 4764 1076 4829 extricare
1097 4771 1204 4846 queat,
1259 4766 1321 4848 lepe
1342 4771 1370 4831 et
1380 4766 1555 4848 6166116111,
1585 4767 1661 4848 quia
1689 4765 1815 4829 exclusa
1837 4763 1900 4845 1666
1920 4762 2065 4845 operitis
2086 4761 2236 4827 adiuuari

229 4844 257 4908 si
278 4844 507 4927 intelligamus,
531 4869 613 4925 eam,
636 4868 718 4929 quae
735 4848 829 4912 nobis
846 4869 906 4931 per
924 4850 1132 4934 evangelium
1149 4848 1206 4915 do·
1258 4857 1362 4935 116961,
1384 4874 1438 4918 uec
1457 4853 1611 4933 spuendo
1630 4871 1686 4915 166
1705 4871 1773 4913 eam
1793 4850 1950 4929 consequi,
1977 4848 2031 4913 sed
2052 4866 2164 4914 1661166
2186 4867 2236 4912 cc

229 4936 341 5006 natur,
375 4930 533 4996 iustitiam
565 4932 647 5016 legis
680 4933 919 5000 conditionibus
952 4936 1092 5001 solutam
1125 4957 1204 5002 6666.
1257 4938 1504 5004 6616611666
1526 4937 1721 5018 recipiamus.

1230 5045 1233 5126 q
1348 5028 1396 5089 19.
1441 5024 1514 5088 Iam
1534 5023 1691 5105 perspicit
1710 5021 1813 5086 lector
1833 5029 1958 5101 quanta
1975 5021 2138 5104 aequitate
2160 5019 2237 5084 doc·

1230 5108 1381 5185 11116616
1407 5116 1553 5174 nostram
1581 5106 1678 5171 hodie
1706 5105 1872 5188 sophistae
1897 5106 2107 5187 cavillentur,
2134 5126 2236 5188 quum

298 5198 509 5263 66661661.
548 5201 616 5255 Olim
636 5206 786 5273 tegebatur:
804 5224 864 5276 quo.
1231 5192 1233 5243 3
1259 5193 1398 5260 dicimus
1424 5194 1591 5259 hominem
1620 5192 1688 5258 sola
1714 5192 1778 5257 fide
1805 5192 1983 5258 iustificari
2028 5192 2113 5257 Fide
2140 5192 2235 5257 iusti-
