4672 5842
134 312 196 372 515
386 307 476 373 LIB.
500 307 563 372 ΠΙ.
608 309 672 374 DE
693 308 828 376 MODO
850 309 1200 377 PERCIPOENDAE
1223 308 1413 377 OHRISrI
1435 311 1654 380 annulae
1698 309 1798 380 CAP.
1821 313 1884 381 XI.
2075 323 2138 386 556

133 499 232 578 derat,
251 516 289 562 ue
306 501 383 562 esset
398 497 555 578 perfectus
572 497 768 580 redemptor?
804 498 906 578 Atqui
922 498 1005 565 uihil
1022 498 1112 564 aliud
1162 498 1337 580 loquutum,
1363 501 1429 564 uisi
1454 505 1488 565 ut
1511 500 1647 566 Iudaeos
1668 501 1790 567 viribus
1811 504 1881 568 suis
1900 505 1997 586 frdos
2017 508 2140 573 555555·

132 583 229 648 voluit
248 583 410 664 propheta,
433 603 527 664 quam
543 581 649 646 Deum
670 589 761 649 cetra
781 604 814 649 se
834 585 915 648 nihil
935 589 1111 650 mutuatim
1162 590 1247 664 cerat,
1267 586 1358 650 stulte
1377 586 1439 650 sibi
1456 607 1620 669 arropasse
1638 588 1802 668 iustitiam,
1825 611 1921 669 quum
1940 592 2025 656 solus
2049 591 2138 659 Chri·

132 690 210 748 esse,
240 690 335 751 raeque
354 669 456 750 fuisse
476 669 541 733 ullo
561 669 701 733 subsidio
723 670 868 734 adiutum
889 672 932 736 ad
953 692 1010 744 eros
1029 671 1111 735 redi-
1162 671 1204 734 sti
1225 672 1358 751 spriritus
1385 692 1453 736 eom
1474 674 1562 738 uobis
1584 672 1733 753 mutuat,
1760 695 1822 738 nou
1843 677 1984 741 studium
2007 699 2046 742 ee
2062 700 2138 759 pro-

131 757 268 820 mendas.
316 755 403 835 Quod
431 754 507 818 aliis
536 755 636 819 555555
663 754 793 820 breuiter
820 757 956 839 55555555
987 756 1111 821 Paulus
1156 756 1231 836 prio
1254 762 1386 820 naturae
1407 762 1498 822 motu.
1542 757 1643 838 Atqui
1669 778 1729 821 uon
1756 760 1970 826 obseruantia
1991 764 2138 831 5555555555

131 841 242 926 (Rom.
263 846 296 919 3,
317 839 390 923 25),
423 841 554 905 salutem
583 840 672 904 uobis
700 842 822 907 dedisse
849 844 884 905 55
911 844 1110 906 ostertsiouem
1162 842 1272 924 tepolis
1293 847 1322 905 el
1342 843 1532 925 coaupelicae
1549 844 1695 921 iustitiae,
1718 864 1813 924 quam
1835 847 1913 913 alibi
1936 847 2060 913 Paulus
2082 850 2138 916 cd-

131 948 209 991 suae
230 927 376 991 iustitiae.
423 925 485 990 Sed
506 925 559 989 hoc
581 927 710 990 minime
731 929 836 991 euertit
857 929 938 1009 quod
958 928 1036 992 alibi
1057 929 1109 993 do
1161 927 1247 991 ducit
1268 926 1358 1011 (Gal.
1379 931 1407 1006 3,
1432 933 1479 992 ll.
1503 926 1566 1009 12),
1589 929 1712 993 excludi
1729 932 1880 1011 quaelibet
1896 954 1998 1015 opera
2021 941 2050 999 ct
2066 956 2137 1017 quo-

132 1018 190 1091 cet,
218 1033 274 1078 aas
294 1013 391 1076 unius
411 1011 548 1076 haurietis
568 1011 737 1077 obedientia
761 1015 859 1077 iustos
880 1034 945 1079 esse
967 1012 1057 1099 (ibid.
1079 1017 1107 1093 5,
1161 1032 1279 1093 ceraque
1311 1018 1457 1077 55555555
1486 1013 1581 1078 titulo.
1632 1013 1728 1078 Docet
1759 1019 1842 1081 cuim
1873 1020 2028 1084 iustitiam
2061 1022 2138 1104 lepis

135 1096 198 1182 19).
248 1097 393 1179 Denique
424 1099 569 1178 quisquis
600 1097 755 1178 duplicem
785 1100 941 1164 iustitiam
972 1100 1108 1178 inuoluit,
1160 1097 1241 1162 ham
1261 1118 1339 1176 esse,
1361 1104 1395 1161 ut
1416 1099 1548 1163 salutem
1570 1097 1713 1178 obtineat,
1736 1104 1791 1181 qui
1806 1106 1966 1184 praest'tit
1985 1107 2068 1187 quad
2088 1107 2138 1171 lca

130 1205 169 1249 ue
193 1184 352 1265 quiescant
380 1184 514 1247 miserae
540 1183 666 1246 animae
694 1186 729 1248 iu
757 1205 845 1248 55555
872 1190 900 1248 et
927 1186 1021 1250 unica
1044 1184 1109 1250 Dei
1161 1184 1256 1264 55555,
1284 1184 1440 1248 iustitiam
1461 1205 1531 1248 ocra
1550 1184 1639 1265 fide-i,
1664 1185 1694 1248 si
1716 1188 1870 1253 credimus
1893 1189 2051 1255 Christum
2072 1212 2137 1257 csse

128 1269 363 1349 misericordia,
388 1267 547 1333 Christum
568 1269 716 1351 implexis
737 1271 840 1352 spinis
855 1292 917 1352 per
937 1271 1109 1336 ludibrium
1161 1276 1317 1334 55555555
1344 1275 1372 1333 et
1398 1272 1618 1334 resmreaissc.
1661 1269 1717 1335 Ad
1743 1272 1816 1338 hacc
1838 1275 2010 1341 videbimus
2025 1282 2137 1358 postea

129 1360 262 1422 corruat.
1159 1375 1215 1419 suo
1237 1356 1308 1433 loco,
1331 1356 1456 1420 5555555
1473 1376 1539 1420 esse
1557 1354 1676 1420 Christi
1693 1356 1844 1438 bertedeld,
1863 1362 2137 1442 sanctificationem

220 1444 267 1504 13.
313 1438 381 1505 Sed
414 1440 567 1522 quoniam
599 1439 685 1505 bona
711 1461 788 1522 pars
816 1441 987 1506 hominum
1014 1442 1108 1507 iusti·
1161 1446 1188 1504 ct
1219 1442 1382 1505 iustitiam.
1436 1440 1522 1506 Crede
1554 1443 1695 1522 sequitur
1726 1464 1764 1506 ue
1796 1447 1980 1525 spiritualia
2013 1450 2137 1530 quidem

130 1528 210 1591 tiam
241 1548 284 1590 ex
315 1526 380 1590 fide
408 1535 442 1590 55
469 1526 620 1608 oporibus
653 1527 866 1608 compositam
901 1529 1107 1612 imaginatur,
1160 1548 1254 1608 opera
1275 1528 1310 1590 iu
1331 1527 1486 1592 calculum
1505 1528 1618 1605 accire,
1640 1527 1694 1591 uhi
1711 1530 1968 1612 oisiustifieaudi
1987 1535 2138 1614 55155551-

128 1622 428 1696 praemonstremus
460 1609 494 1674 id
527 1632 668 1693 quoque,
711 1613 757 1677 sic
788 1614 877 1677 inter
909 1636 944 1679 se
976 1612 1108 1678 differre
1159 1612 1316 1676 scribitur.
1362 1612 1427 1676 Nec
1450 1633 1520 1677 uero
1550 1611 1686 1691 Paulus,
1720 1615 1774 1677 ubi
1799 1622 1890 1699 repat
1918 1617 2014 1701 (quod
2035 1640 2136 1700 cuper

129 1698 205 1763 fidei
226 1718 424 1780 operumque
446 1698 621 1775 iustitiam,
644 1706 683 1761 55
704 1698 808 1763 altera
831 1707 938 1764 stante
959 1720 1108 1764 necessa·
1160 1697 1268 1781 citaoi)
1298 1697 1463 1762 Abrabam
1494 1697 1603 1762 habere
1634 1718 1691 1762 cur
1721 1700 1870 1782 plarietur
1903 1705 1989 1783 apud
2021 1704 2135 1784 Deum,

129 1785 178 1848 rio
196 1784 300 1848 altera
322 1790 497 1849 evertatur.
535 1783 628 1847 Dicit
644 1783 820 1867 Apostolus
839 1785 940 1934 ffhil.
955 1789 984 1864 3,
999 1785 1049 1870 7),
1072 1808 1107 1849 55
1159 1785 1236 1864 quia
1263 1783 1408 1866 operibus
1435 1785 1539 1847 iustus
1563 1804 1625 1847 nou
1651 1789 1708 1862 est,
1740 1787 1887 1871 restriupi
1914 1789 1968 1854 hcc
1990 1789 2073 1854 debet
2094 1789 2137 1855 ad

129 1870 241 1935 omnia
267 1891 326 1952 pro
348 1870 542 1934 stercoribus
564 1877 731 1951 reputasse
754 1879 792 1933 ut
814 1869 840 1935 C
868 1871 1107 1936 5555515511-
1159 1869 1310 1934 literalem
1329 1874 1357 1933 et
1378 1874 1538 1933 cateruam
1564 1870 1713 1934 uirtutmu
1731 1874 1876 1953 speciem,
1906 1874 1953 1938 cel
1973 1874 2064 1939 liberi
2085 1896 2137 1940 ar-

129 1957 267 2033 faeeret,
294 1962 328 2020 et
354 1955 390 2018 in
411 1955 466 2018 illo
489 1956 687 2036 reperiretur
708 1977 774 2020 non
796 1956 920 2021 habens
941 1979 1035 2021 suam
1057 1958 1107 2021 iu·
1159 1956 1247 2020 bitrii
1267 1960 1425 2034 55555555,
1452 1955 1506 2019 scd
1534 1956 1678 2036 quamuis
1704 1957 1884 2038 spiritualis
1909 1965 1936 2023 et
1959 1960 2024 2041 sere
2045 1955 2137 2044 aupe-

129 2043 255 2107 stitiam
275 2062 358 2124 quae
380 2049 431 2105 555
453 2062 494 2105 ex
515 2041 601 2124 lege,
631 2041 688 2106 sed
710 2052 861 2123 quaeest
881 2064 923 2106 ex
944 2043 1009 2107 fide
1031 2042 1107 2107 Iesu
1160 2040 1222 2105 lica
1240 2041 1338 2122 fuerit
1353 2039 1559 2122 patriarchae
1580 2042 1658 2120 rita,
1683 2059 1745 2106 555
1766 2047 1868 2108 tauma
1889 2051 2048 2127 suppetere
2069 2067 2136 2128 ape-

130 2128 271 2205 Christi,
299 2127 458 2191 iustitiam
480 2148 563 2209 quae
585 2136 636 2191 est
658 2150 699 2190 ox
721 2128 792 2191 Dec
814 2150 873 2210 per
895 2128 1020 2193 1151555,
1047 2129 1106 2192 Vi·
1157 2148 1231 2191 rum
1253 2127 1372 2204 merita,
1395 2147 1474 2207 quae
1495 2125 1546 2190 illi
1568 2128 1723 2191 iustitiam
1745 2148 1849 2193 caram
1871 2128 1938 2195 Deo
1960 2133 2134 2212 acquirant.

129 2213 186 2278 des
209 2222 242 2277 et
263 2213 501 2277 contrariorum
523 2233 594 2276 5555
616 2213 670 2277 hic
692 2215 977 2296 comparationem,
1002 2222 1035 2278 et
1055 2214 1106 2277 in·
1250 2216 1295 2275 15.
1343 2210 1493 2276 Crassius
1507 2213 1609 2291 paulo
1633 2212 1823 2293 Scholastici,
1847 2217 1902 2298 qui
1917 2219 2137 2298 praeparatio·

129 2300 232 2365 dicari
253 2299 418 2382 propriam
440 2298 600 2364 iustitiam
623 2307 773 2382 oportere
794 2320 854 2382 pro
872 2298 1025 2365 derelicto
1046 2299 1106 2365 115-
1159 2319 1213 2364 ues
1233 2318 1311 2362 suas
1330 2298 1456 2361 misceat
1461 2322 1472 2377 ,·
1492 2296 1526 2361 hi
1547 2303 1650 2362 tamea
1671 2320 1735 2363 555
1754 2301 1859 2366 minus
1874 2323 1975 2382 prauo
1997 2303 2136 2386 damnate

129 2387 199 2450 beri
239 2386 278 2451 ab
319 2406 355 2449 55
393 2385 447 2466 qui
487 2383 567 2449 velit
599 2382 724 2449 Christi
756 2386 918 2450 iustitiam
949 2387 1104 2451 obtinere.
1158 2384 1316 2465 simplices
1336 2388 1365 2447 et
1385 2384 1524 2448 incautas
1546 2384 1702 2464 imbuunt,
1730 2386 1786 2449 555
1808 2393 1975 2468 praetentu
2002 2390 2138 2469 spiritus

129 2469 243 2552 Quare
266 2470 342 2535 alibi
360 2470 470 2555 (Rom.
494 2475 547 2548 10,
567 2469 602 2554 3)
626 2469 710 2535 hanc
728 2470 858 2536 Iudaeis
885 2472 1001 2537 ruinae
1028 2493 1105 2537 cau·
1158 2476 1185 2534 et
1204 2470 1335 2554 pratiae,
1356 2469 1603 2533 misericordiam
1622 2469 1694 2550 Dei,
1716 2492 1796 2552 quac
1817 2473 1885 2537 sola
1906 2474 2046 2555 trepidas
2068 2475 2138 2539 aui-

128 2559 207 2620 sam'
233 2557 332 2621 fuisse
366 2556 480 2634 tradit,
520 2554 616 2637 quod
641 2578 734 2621 suam
767 2556 915 2622 volentes
947 2558 1105 2623 iustitiam
1158 2577 1227 2621 mas
1243 2555 1374 2636 placare
1395 2559 1510 2634 potest,
1544 2560 1680 2639 tepentes.
1727 2557 1795 2621 Nos
1817 2580 1886 2623 vcro
1906 2560 2045 2642 solemur
2067 2581 2137 2626 eum

129 2642 289 2721 stabilire,
329 2643 474 2706 iustitiae
506 2641 571 2705 Dei
603 2663 669 2706 555
701 2646 834 2706 ruerunt
867 2644 1011 2709 subiecti.
1067 2641 1106 2708 si
1160 2642 1270 2720 Paulo,
1292 2639 1461 2720 iustificari
1482 2642 1570 2720 apud
1592 2640 1697 2706 Deum
1719 2643 1795 2726 lepis
1815 2645 1963 2726 55555555
1984 2647 2039 2711 sed
2060 2647 2137 2727 quia

127 2729 295 2811 propriam
316 2729 475 2792 iustitiam
497 2727 691 2793 stabiliendo
714 2729 777 2793 Dei
798 2729 956 2794 iustitiam
980 2730 1105 2796 excuti·
1158 2750 1179 2792 a
1200 2728 1278 2811 lepis
1299 2727 1505 2791 obseruatione
1532 2727 1617 2810 loupe
1639 2747 1742 2792 555555
1762 2729 1928 2809 absumus,
1955 2730 2027 2794 hiric
2054 2731 2137 2796 celli-

128 2835 217 2893 mus,
245 2831 282 2878 55
310 2814 396 2879 hanc
422 2833 672 2896 consequamur,
703 2820 830 2896 oportet
850 2816 993 2897 profecto
1014 2816 1105 2880 illam
1155 2816 1275 2897 pimus,
1308 2832 1388 2894 quae
1420 2813 1556 2876 manime
1594 2813 1636 2877 ad
1668 2815 1823 2879 iustitiam
1858 2816 1961 2880 ualere
1999 2816 2137 2881 deberem

128 2901 258 2982 penitus
291 2900 420 2965 aboleri.
466 2898 507 2962 Id
538 2900 646 2982 ipsum
680 2920 807 2982 quoque
834 2901 978 2966 ostendit
1003 2924 1105 2984 quum
1158 2921 1266 2980 55555,
1299 2898 1367 2963 ideo
1394 2896 1477 2963 nihil
1504 2918 1561 2962 uos
1589 2899 1712 2979 iuuare,
1741 2901 1818 2982 quia
1840 2902 1908 2966 illis
1929 2902 2135 2968 destituimur.

130 2994 229 3070 nogat
250 3007 309 3069 per
330 2985 437 3068 legem
459 2984 590 3050 excludi
612 2985 840 3068 gloriationem
861 2995 1024 3065 nostram,
1048 2986 1106 3053 sed
1161 2987 1249 3067 Quod
1281 2985 1323 3048 ad
1354 2983 1499 3066 culparer
1525 2985 1675 3065 papistas
1692 2987 1829 3068 pertinet
1856 2987 1904 3051 uel
1929 2986 2135 3068 scholasticae,

128 3071 307 3154 perfidem
328 3071 438 3155 (Rom.
459 3074 488 3150 3,
508 3069 573 3156 27).
619 3070 715 3136 Unde
737 3073 891 3154 sequitur,
914 3074 1106 3157 quantisper
1158 3071 1330 3155 dupliciter
1347 3069 1400 3134 hic
1418 3069 1590 3134 falluntur:
1610 3078 1643 3134 et
1659 3071 1745 3152 quod
1764 3069 1862 3136 fidem
1879 3068 2134 3155 appellanteon·

127 3167 239 3222 manet
259 3156 547 3240 quantulacunque
566 3179 702 3240 operum
712 3157 846 3237 iustitia,
868 3179 1001 3224 manere
1012 3160 1105 3225 nobis
1158 3157 1311 3223 scientiae
1328 3153 1566 3235 certitudinem,
1584 3156 1852 3239 inexspeetenda'
1867 3158 1970 3222 aDeo
1988 3179 2047 3241 pro
2063 3178 2133 3224 me·

128 3243 322 3306 nonnullam
345 3241 506 3325 gloriandi
523 3244 704 3307 materiam.
737 3243 810 3308 Iam
828 3245 856 3309 si
874 3244 955 3309 fides
973 3266 1105 3310 omnem
1157 3245 1229 3309 ritis
1246 3241 1404 3318 mercede,
1423 3247 1456 3305 et
1473 3241 1560 3323 quod
1578 3243 1718 3325 gratiam
1735 3242 1800 3307 Dei
1817 3264 1884 3307 non
1901 3243 2063 3326 gratmtae
2080 3244 2133 3307 iu-

128 3327 354 3410 gloriationcm
375 3327 528 3407 excludit,
550 3350 625 3393 cum
646 3328 771 3394 iustitia
786 3328 864 3394 fidei
880 3332 996 3396 sociari
1013 3331 1104 3396 nullo
1157 3331 1265 3395 stitiae
1286 3327 1544 3411 imputationem,
1568 3327 1625 3392 sed
1643 3328 1794 3411 spiritum
1817 3326 1858 3393 ad
1876 3329 2022 3393 studium
2038 3351 2133 3395 sanc·

127 3420 224 3495 pacto
244 3412 371 3477 iustitia
391 3435 528 3496 operum
549 3421 663 3496 potest.
707 3414 750 3478 In
771 3415 859 3481 huuc
880 3438 1014 3482 sensum
1035 3424 1103 3482 tam
1157 3417 1262 3481 titatis
1279 3414 1490 3479 adinventam
1507 3414 1775 3496 interpretantur.
1802 3415 1937 3497 Legunt
1955 3414 2042 3497 apud
2056 3435 2132 3499 apo-

128 3498 216 3562 clare
237 3498 378 3579 loquitur
399 3506 515 3580 quarte
538 3500 641 3581 capite
663 3499 704 3563 551
722 3501 898 3582 Romanos,
921 3511 958 3568 ut
974 3503 1103 3568 nullum
1156 3500 1276 3567 stolum
1299 3500 1416 3585 (Hebr.
1439 3504 1486 3579 11,
1507 3499 1555 3584 6);
1583 3498 1790 3566 accedentem
1812 3499 1853 3564 ad
1874 3501 1985 3565 Deum
2006 3507 2133 3584 oportet

128 3583 255 3648 cavillis
284 3592 341 3647 aut
367 3586 689 3667 tergiversationibus
712 3585 819 3652 locum
848 3588 1020 3671 relinquat.
1065 3587 1104 3656 si
1155 3588 1299 3670 primum
1321 3585 1453 3650 credere
1475 3584 1561 3668 quod
1582 3586 1675 3650 Deus
1697 3587 1753 3664 sit,
1777 3585 1894 3651 deinde
1916 3586 2001 3669 quod
2022 3608 2132 3651 remu·

127 3669 294 3753 operibus,
317 3668 423 3751 inquit
445 3670 554 3753 (Rom.
573 3676 607 3750 4,
628 3670 677 3755 2),
705 3674 898 3738 iustificatus
926 3684 976 3740 est
995 3674 1103 3740 Abra·
1155 3680 1288 3738 nerator
1314 3672 1358 3736 sit
1385 3671 1616 3753 quaerentibus
1644 3694 1686 3736 sc.
1738 3670 1806 3736 Sed
1833 3693 1899 3736 non
1926 3672 2133 3737 animadver-

127 3756 221 3834 ham,
251 3755 352 3820 habet
378 3755 524 3839 gloriam.
570 3754 760 3842 Subiungit:
791 3760 882 3842 55551
909 3781 976 3823 555
1004 3760 1104 3826 habet
1156 3768 1231 3823 tunt
1261 3760 1334 3841 quis
1366 3757 1410 3821 sit
1442 3756 1620 3842 quaerendi
1651 3757 1776 3821 modus.
1820 3758 1862 3821 In
1895 3759 2027 3821 nomine
2054 3777 2132 3821 vero

127 3841 265 3924 gloriam
298 3842 385 3923 apud
414 3842 534 3905 Deum.
589 3842 799 3926 Consequens
830 3867 907 3930 ergo
941 3854 1003 3925 est,
1023 3869 1103 3911 mon
1156 3847 1280 3930 gratiae
1302 3865 1357 3909 eos
1375 3843 1579 3920 hallucinari,
1603 3843 1712 3925 palam
1732 3845 1771 3907 fit
1793 3864 1834 3906 ex
1857 3863 1969 3906 eorum
1992 3841 2130 3924 scriptis.

127 3928 340 3993 iustificatum
371 3949 441 3991 esse
473 3927 634 4008 operibus.
684 3930 783 3994 Ponit
815 3929 931 3996 deinde
963 3933 1102 3996 alterum
1155 3929 1361 3996 [lombardus
1375 3930 1400 4014 ¹)
1439 3930 1528 3994 enim
1566 3929 1830 3993 iustificationcm
1868 3948 1927 4009 per
1960 3925 2132 3992 Christum

127 4022 389 4097 argumentuma
407 4014 586 4078 contrariis.
618 4011 731 4093 Quum
750 4014 940 4099 rependitur
951 4017 1103 4101 operibus
1156 4017 1250 4082 nobis
1273 4015 1384 4081 datam
1404 4015 1530 4080 duobus
1557 4013 1662 4077 modis
1682 4015 1926 4095 intorpretatur.
1971 4013 2131 4091 Primum,

128 4121 259 4179 merces,
280 4099 314 4164 id
332 4101 370 4163 fit
388 4122 430 4163 ex
447 4098 564 4177 debito,
587 4121 654 4163 555
672 4122 713 4163 ex
730 4103 846 4184 gratia.
881 4104 977 4168 Fidei
995 4111 1105 4170 autam
1155 4104 1269 4185 inquit,
1292 4124 1379 4167 mors
1391 4101 1515 4166 Christi
1537 4120 1596 4164 nos
1612 4099 1776 4175 iustificat,
1799 4097 1879 4162 dum
1900 4120 1959 4181 per
1980 4121 2054 4164 eam
2075 4122 2133 4165 ex-

128 4186 284 4249 tribuitur
308 4186 434 4250 iustitia
463 4184 641 4250 secundum
668 4187 817 4269 gratiam.
862 4190 953 4273 Ergo
980 4189 1013 4253 id
1037 4213 1104 4255 non
1156 4189 1277 4253 citatur
1303 4188 1421 4254 caritas
1447 4189 1483 4251 in
1505 4184 1655 4250 cordibus
1676 4186 1811 4262 nostris,
1835 4206 1899 4267 qua
1927 4186 2005 4251 iusti
2031 4186 2132 4250 cffici-

128 4279 245 4335 estex
270 4271 396 4336 moritis
425 4292 569 4355 operum.
613 4271 734 4336 Valeat
759 4273 861 4355 igitur
882 4296 994 4340 eorum
1017 4298 1104 4341 som·
1156 4296 1246 4355 mur;
1275 4273 1392 4340 deinde
1413 4272 1499 4355 quod
1521 4293 1579 4354 per
1601 4269 1738 4335 eandem
1765 4271 1963 4335 exstinctum
1985 4278 2036 4336 est
2056 4291 2131 4351 pec·

127 4357 232 4435 nium,
264 4358 319 4439 qni
345 4357 504 4422 iustitiam
532 4378 574 4421 ex
601 4356 664 4422 fide
692 4365 726 4420 et
752 4360 903 4441 operibus
930 4363 1105 4427 conflatam
1157 4368 1277 4438 catum,
1300 4381 1362 4442 quo
1385 4380 1444 4423 nos
1466 4359 1611 4441 captivos
1634 4354 1810 4421 distinebat
1831 4356 1987 4433 diabolus,
2012 4364 2048 4419 ut
2064 4356 2132 4419 iam

126 4443 425 4509 comminiscuntur.
1158 4466 1225 4510 non
1250 4446 1371 4511 habeat
1397 4443 1484 4510 unde
1511 4465 1571 4508 nos
1597 4444 1738 4508 damnet.
1782 4442 1884 4506 Vides
1911 4449 1950 4504 ut
1971 4441 2033 4504 Dei
2056 4460 2131 4524 gru—

217 4534 263 4591 11.
312 4529 429 4593 Subtilc
450 4530 600 4611 effipiam
626 4528 735 4592 trabem
756 4549 789 4594 se
804 4537 921 4611 putant
940 4532 1103 4614 sophistae,
1158 4533 1239 4596 tiam
1260 4533 1433 4616 praecipue
1454 4532 1490 4594 in
1507 4530 1736 4596 iustificatione
1757 4526 1948 4605 consideret,
1971 4535 2132 4608 qnatenus

127 4615 182 4694 qui
204 4615 266 4677 sihi
288 4634 326 4678 55
343 4617 517 4695 scripturae
534 4615 753 4696 depravatione
770 4620 798 4678 ct
814 4617 964 4683 inanibus
980 4619 1105 4685 canillis
1157 4617 1199 4682 ad
1220 4619 1307 4683 bona
1324 4638 1422 4700 opera
1438 4639 1497 4699 per
1515 4617 1650 4698 spiritns
1668 4615 1775 4680 sancti
1790 4613 1930 4698 gratiam
1948 4611 2130 4695 dirigimur.

127 4699 216 4766 ludos
241 4705 269 4764 et
293 4700 422 4765 delicias
447 4700 586 4782 fociuut;
613 4722 688 4764 5555
710 4722 804 4783 opera
825 4709 991 4783 seponunt,
1025 4727 1104 4786 quae
1156 4704 1272 4768 Voluit
1293 4704 1416 4769 seilicet
1435 4703 1617 4786 Augustini
1639 4700 1826 4784 opinionem
1848 4698 1952 4781 sequi;
1977 4696 2034 4761 sed
2055 4717 2132 4781 pro-

128 4784 291 4849 litcraliter
311 4791 432 4850 mutum
455 4787 590 4852 etliberi
608 4787 734 4851 arbitrii
751 4793 861 4851 carrata
878 4794 966 4854 cetra
987 4788 1104 4855 Cleristi
1156 4790 1208 4856 cul
1230 4791 1386 4873 sequitur,
1409 4798 1507 4871 atque
1526 4788 1625 4853 etiam
1649 4795 1774 4868 crecta
1791 4785 1972 4848 imitatione
1989 4783 2132 4848 multum

126 4871 263 4950 55555555
282 4873 404 4953 faciunt
424 4871 561 4937 huniues
582 4874 718 4938 meadum
738 4875 876 4957 repcuiti.
911 4874 953 4941 Id
970 4897 1040 4941 vero
1060 4877 1104 4943 ad
1156 4877 1313 4956 deflectit;
1339 4876 1415 4959 quia
1436 4883 1470 4939 et
1490 4875 1641 4939 obseurat
1667 4873 1696 4937 si
1723 4869 1802 4953 quid
1824 4869 1863 4933 ab
1885 4870 1942 4934 illo
1963 4870 2133 4953 perspicue

126 4975 222 5035 opera
246 4958 431 5037 spiritualia
458 4964 595 5039 spectare
622 4964 743 5043 555555.
788 4960 842 5026 Ita
862 4963 1030 5027 secuudum
1054 4983 1104 5028 eos
1156 4961 1279 5027 dictum
1301 4971 1368 5041 est,
1391 4969 1424 5026 et
1444 4957 1528 5043 quod
1550 4980 1618 5023 555
1638 4957 1717 5023 55155
1738 4959 1906 5040 impurum
1926 4958 1962 5022 in
1983 4957 2038 5021 illo
2062 4962 2135 5022 erat

127 5045 192 5105 tam
216 5041 278 5122 hdo
307 5064 403 5125 quam
429 5045 571 5126 opmibus
602 5046 792 5129 iustificatam
817 5046 918 5127 homo,
951 5049 1038 5114 uude
1065 5069 1103 5113 ue
1820 5073 1824 5080 ·

125 5127 189 5190 siut
204 5130 340 5210 propria
361 5130 465 5210 555555
484 5151 594 5217 opera
612 5131 667 5198 sul
689 5133 770 5199 dena
794 5132 912 5200 Christi
932 5141 961 5200 ct
981 5155 1101 5218 reperc-

127 5214 259 5279 ratiouis
278 5214 409 5295 fructus.
443 5214 583 5281 Paulum
606 5220 688 5284 mim
709 5241 770 5284 aaa
791 5221 858 5287 5155
880 5222 917 5286 de
936 5241 1034 5286 causa
1055 5221 1103 5285 da
1164 5268 1169 5277 -
1224 5234 1554 5304 mensurandis.
1575 5232 1656 5286 tac.
1678 5233 1701 5284 1.

231 5311 344 5371 Caluini
361 5332 454 5386 opera.
491 5317 549 5373 Vol.
564 5318 609 5374 Π.
1894 5315 1928 5368 35

1156 5137 1360 5145 -—-——----—-
