4672 5842
84 325 145 386 569
321 320 411 386 LIB.
434 320 497 386 111.
540 321 605 386 DE
628 318 765 402 MODO
786 320 1137 388 PEROIPIDNDAD
1161 319 1351 387 caulam
1375 320 1593 387 GRA'HAE.
1638 320 1738 388 OAP.
1761 321 1858 388 xlv,
2032 328 2093 390 170

82 509 362 577 sanctificabitur?
417 509 673 592 Responderunt
715 522 825 575 autem
864 509 1061 575 sacerdotes:
1115 511 1256 594 gratiam
1277 530 1337 592 per
1359 530 1457 591 opera
1478 509 1685 574 tradiderunt
1691 535 1699 592 ;
1722 510 1778 575 sed
1802 532 1820 576 6
1843 533 1999 587 converso
2022 522 2094 578 tum

81 619 158 661 non.
201 598 249 661 Et
277 596 362 660 dixit
388 597 582 680 Haggaeus:
616 597 643 660 si
675 597 822 679 tetigerit
852 596 997 679 pollutus
1027 597 1063 659 in
1114 595 1243 679 placere
1271 595 1404 659 demum
1425 617 1524 678 opera
1545 596 1601 661 ubi
1624 618 1762 679 persona
1784 599 1925 680 gratiam
1946 600 2037 682 prius
2059 602 2094 664 in

81 683 193 747 anima
215 682 337 765 aliquid
361 682 497 761 horum,
519 702 631 747 66666
653 680 948 746 contaminabitur?
993 682 1060 746 Re·
1114 681 1189 746 Dei-
1214 688 1389 763 conspectu
1423 682 1595 746 invenerit.
1640 682 1870 766 Religioscque
1904 692 1954 748 est
1983 685 2094 750 obser-

80 769 286 852 spcnderunt
311 767 506 833 sacerdotes:
535 768 819 833 contaminabitur.
856 768 952 832 Dixit
969 767 1062 851 Hag-
1114 767 1242 834 vandus
1264 767 1318 832 hic
1340 767 1419 831 ordo
1442 766 1597 851 adquem
1617 769 1857 851 scripturancs
1875 791 1976 834 16666
1995 771 2092 837 ducit.

143 877 195 920 us:
231 857 277 920 816
308 855 446 937 6666168
475 857 552 950 1816ι
570 862 647 919 6616
679 854 796 919 faciem
828 873 950 931 meam,
984 853 1063 919 dicit
1114 854 1312 936 Respexisse
1333 853 1515 917 Dominum
1538 853 1580 919 ad
1601 854 1695 934 Abel,
1722 856 1834 920 scribit
1855 856 1974 935 Moses,
1997 865 2031 920 et
2052 856 2094 921 ad
2121 906 2124 913 ,

117 942 262 1020 ominus,
296 948 330 1005 et
362 942 410 1005 sic
441 962 537 1006 omne
569 961 651 1022 opus
679 953 840 1003 manuum
868 960 994 1018 eorum,
1029 946 1063 1004 et
1115 961 1214 1023 opera
1243 940 1312 1003 eius
1342 939 1442 1021 (Gen.
1466 945 1495 1018 4,
1518 941 1562 1023 4).
1606 938 1725 1018 vides,
1757 949 1796 1005 ut
1823 941 2005 1006 Dominum
2034 943 2100 1007 h0·.

81 1029 195 1091 omnia
225 1048 308 1109 quae
341 1026 520 1091 obtulerint
555 1026 654 1103 mihi,
695 1026 916 1089 contaminata
954 1032 1060 1089 erunt
1114 1026 1258 1089 minibus
1292 1026 1470 1109 propitium
1500 1025 1649 1109 designet
1684 1038 1859 1110 antequam
1899 1027 1940 1090 ad
1980 1049 2095 1093 eorum
2142 1020 2145 1027 ’

80 1114 219 1180 Utinam
252 1113 333 1178 haec
367 1112 532 1177 sententia
564 1111 619 1176 vel
657 1112 789 1195 plenam
821 1109 921 1175 fidem
952 1118 1063 1192 posset
1115 1133 1214 1195 opera
1241 1110 1413 1195 respiciat?
1457 1109 1568 1191 Quare
1589 1113 1849 1195 purificationem
1872 1112 1978 1180 cordis
1999 1136 2094 1196 prae·
2130 1155 2136 1165 ·

81 1197 229 1265 obtinere
261 1199 349 1282 apud
379 1221 455 1277 668,
486 1198 540 1263 vel
572 1198 747 1262 memoriae
780 1197 880 1279 probe
911 1197 1061 1262 insidere.
1115 1197 1230 1263 cedere
1261 1204 1398 1280 oportet,
1430 1205 1468 1261 ut
1499 1217 1582 1280 6666
1614 1219 1634 1262 6
1665 1196 1759 1263 66118
1792 1197 1953 1280 prodeunt
1985 1221 2093 1282 opera,

80 1286 186 1350 Nemo
213 1287 391 1363 66116681,
420 1283 601 1367 quamlibet
629 1283 749 1367 alioqui
776 1290 846 1347 tota
872 1282 942 1348 vita
958 1283 1062 1365 flagi·
1115 1283 1255 1366 benigne
1283 1281 1397 1347 aDeo
1426 1283 1645 1365 excipiantur,
1680 1286 1755 1364 quic
1783 1304 1903 1365 semper
1929 1287 2009 1368 cipet
2034 1287 2095 1352 1116

79 1372 199 1450 tiosos,
244 1372 302 1454 qui
340 1370 539 1454 persuadere
579 1370 641 1434 sibi
680 1370 842 1434 sustineat
880 1368 967 1451 quod
1007 1368 1061 1433 116
1115 1369 1268 1433 Ieremias
1295 1367 1339 1452 (5,
1360 1367 1394 1450 3)
1424 1371 1589 1449 sententia,
1618 1370 1719 1435 666168
1745 1369 1809 1434 Dei
1837 1373 1988 1451 respicere
2016 1373 2095 1437 ceri

80 1458 245 1523 Dominus
277 1458 364 1523 clare
396 1457 596 1540 pronuntiat
643 1453 751 1519 Simul
779 1475 817 1519 ac
843 1455 1062 1536 nequissimus
1115 1460 1215 1521 tatem.
1259 1455 1363 1519 Porro
1387 1455 1489 1519 solam
1510 1455 1608 1519 fidem
1628 1478 1698 1521 esse
1720 1477 1785 1540 666
1804 1456 1903 1520 corda
1921 1457 2094 1522 hominum

81 1545 217 1627 quisque
239 1564 305 1609 uno
328 1543 380 1609 vel
409 1544 511 1608 611616
538 1541 622 1624 legis
650 1541 756 1606 officio
782 1541 973 1623 perfunctus
1002 1546 1061 1621 est,
1113 1541 1345 1624 purificantur,
1374 1542 1509 1624 spiritus
1537 1547 1669 1606 8666168
1695 1564 1756 1625 661
1782 1563 1818 1607 68
1840 1543 1933 1606 Ρ6111
1955 1545 2095 1609 68861611

80 1651 147 1696 non
173 1629 301 1695 (1611161
327 1630 389 1695 8111
423 1629 566 1694 iustitias
596 1627 667 1692 loco
699 1633 884 1708 acceptum·
901 1627 994 1706 ferri;
1028 1637 1063 1690 at
1114 1625 1202 1712 (Act.
1231 1631 1279 1704 15,
1311 1628 1355 1711 9),
1388 1625 1476 1691 unde
1509 1635 1636 1692 6668161
1666 1630 1818 1712 61116616
1844 1649 1915 1693 6886
1948 1630 1983 1693 16
2015 1652 2095 1695 vcra

80 1715 245 1791 Dominus
266 1716 437 1795 reclamat,
467 1714 593 1780 nullam
620 1713 699 1778 inde
726 1712 851 1795 acquiri
878 1713 1061 1778 sanctifica-
1113 1713 1254 1794 vivaque
1273 1712 1339 1776 fids
1360 1713 1619 1777 fundamentum.

80 1802 204 1867 tionem
231 1803 297 1867 nisi
325 1801 422 1875 cerda
448 1802 541 1884 prius
570 1800 654 1864 bene
680 1807 830 1883 purgato.
880 1798 994 1880 Neque
1021 1819 1061 1862 eo
1201 1801 1230 1863 9.
1275 1797 1493 1880 Inspiciamus
1533 1821 1622 1864 nunc
1655 1798 1732 1881 quid
1768 1799 1911 1865 habeant
1948 1800 2094 1866 iustitiae

82 1895 263 1967 contentus,
283 1888 499 1952 contaminari
510 1885 617 1952 cordis
634 1885 832 1968 impuritate,
851 1904 1062 1966 quaecunque
1113 1905 1193 1966 6668
1220 1885 1254 1948 16
1283 1882 1396 1949 ordine
1424 1892 1540 1968 quarte
1572 1885 1747 1968 posuimus.
1810 1886 1986 1965 Fatemur,
2015 1885 2094 1951 dum

82 1996 103 2039 a
123 1974 348 2057 peccatoribus
369 1973 533 2056 prodeunt
553 1993 661 2055 66616,
685 1978 859 2037 asseverat
904 1970 1062 2035 Facessat
1113 1990 1174 2035 nos
1191 1970 1412 2037 intercedente
1424 1970 1551 2036 Christi
1566 1971 1691 2036 iustitie
1709 1973 1770 2037 sibi
1788 1972 1974 2037 reconciliat
1990 1970 2092 2052 Deus,

81 2073 160 2144 ergo
187 2081 307 2125 nomen
332 2061 475 2125 iustitiae
503 2059 544 2124 ab
571 2057 623 2122 118
656 2055 807 2139 operibus
840 2076 923 2139 quae
955 2055 1061 2139 66116-
1114 2077 1152 2121 ac
1170 2057 1314 2140 gratrrite
1333 2064 1541 2140 peccatorum
1558 2057 1748 2122 remissione
1766 2057 1905 2122 donatos
1919 2079 1978 2141 pro
1995 2059 2093 2124 iustis
2165 2108 2169 2113 .

80 2146 181 2212 tionis
208 2167 265 2211 ore
292 2144 429 2210 Domini
459 2144 667 2209 damnantur.
712 2142 759 2206 Et
790 2163 888 2225 quam
920 2141 1061 2225 eleganti
1114 2141 1223 2221 habet,
1246 2164 1322 2207 cum
1343 2142 1501 2208 eiusmodi
1522 2143 1745 2208 misericordia
1767 2146 1971 2209 coniunctam
1994 2144 2093 2208 simul

81 2233 295 2297 similitudine
325 2230 407 2297 illud
435 2228 658 2296 demonstrat?
691 2235 821 2311 poterat
853 2227 942 2292 enim
974 2226 1061 2292 obie-
1114 2249 1185 2293 6886
1214 2228 1301 2294 hanc
1330 2229 1401 2294 eius
1433 2227 1696 2306 beneficentiam,
1729 2228 1817 2312 quod
1849 2252 1908 2313 per
1941 2231 2094 2313 spiritum

81 2320 180 2398 ctari,
221 2324 371 2384 sanctum
405 2315 637 2382 inviolabiliter
671 2333 748 2380 6886·
776 2312 863 2396 quod
897 2312 1062 2379 Dominus
1114 2335 1212 2379 suum
1233 2320 1385 2379 sanctum
1405 2316 1441 2379 in
1463 2314 1557 2379 66118
1585 2315 1727 2395 1611161,
1757 2317 1850 2380 66168
1871 2317 1994 2382 virtute
2016 2338 2092 2380 666-

80 2405 308 2487 praecepisset
350 2400 428 2488 Ipse
457 2424 536 2468 vero
565 2408 679 2466 666116
706 2400 853 2484 6666611,
887 2400 972 2463 nihil
997 2400 1060 2463 mi·-
1113 2400 1330 2482 cupiscentiae
1352 2402 1460 2465 'carnis
1482 2409 1614 2465 6681166
1641 2403 1747 2485 magis
1775 2423 1812 2467 ac
1839 2403 1945 2486 magis
1965 2403 2001 2466 in
2023 2400 2093 2467 dies

80 2511 160 2555 rum
181 2511 251 2555 6886
277 2491 304 2556 81
332 2512 415 2573 quae
437 2489 641 2555 sanctificata
663 2492 741 2552 sunt
761 2487 797 2549 in
819 2485 892 2569 lege
914 2484 1058 2566 Domini,
1113 2486 1367 2565 mortificantur,
1396 2507 1457 2550 nos
1477 2507 1554 2552 vero
1577 2488 1834 2567 sanctificamur,
1857 2487 1920 2554 hoc
1943 2494 2091 2554 681666-

79 2575 304 2658 161616161661
325 2577 483 2659 spurcitia
504 2574 783 2651 contaminantur,
807 2593 908 2669 quum
930 2592 1060 2636 sacrum
1113 2593 1281 2637 sacramur
1305 2571 1450 2637 Domino
1477 2571 1513 2636 in
1539 2594 1654 2642 veram
1680 2574 1770 2639 vitae
1795 2575 1987 2658 puritatem,
2021 2595 2092 2639 cor·

81 2662 286 2728 attrectando
307 2662 479 2727 immunda
498 2682 619 2726 manus
640 2660 799 2743 profanet.
1113 2656 1208 2723 dibus
1229 2658 1351 2724 nostris
1372 2657 1409 2722 in
1429 2656 1512 2742 legis
1529 2659 1719 2741 obsequium
1739 2660 1895 2725 formatis.
1940 2659 1988 2725 Ut
2010 2659 2091 2725 haec

168 2751 197 2813 8.
241 2747 394 2814 Eandem
421 2750 510 2813 enim
537 2767 671 2813 causam
696 2744 827 2829 egregie
855 2742 942 2825 apud
970 2742 1060 2808 Iesa-
1112 2744 1155 2808 sit
1171 2745 1346 2828 praecipua
1363 2751 1477 2809 nostra
1494 2745 1656 2825 voluntas,
1679 2745 1841 2810 voluntati
1865 2746 1935 2810 eius
1957 2747 2090 2823 servire,

79 2835 147 2900 iam
172 2834 217 2921 (1,
246 2837 302 2920 13)
330 2836 546 2918 persequitur.
591 2832 642 2897 Ne
669 2832 829 2908 offeratis,
857 2829 978 2913 inquit,
1008 2850 1060 2894 sa·
1113 2849 1150 2893 66
1172 2831 1244 2894 6168
1266 2828 1429 2895 duntaxat
1449 2830 1586 2915 gloriam
1604 2830 1710 2896 modis
1727 2832 1878 2896 omnibus
1900 2831 2089 2914 provehere.

80 2921 240 2987 crifioium
271 2922 396 2986 frustra
403 2945 411 3000 ;
444 2922 616 2985 incensum
649 2916 848 2983 abominatio
880 2923 931 2980 681
961 2914 1060 2995 16111;
1112 2915 1292 2980 Enimvero
1314 2917 1414 2981 etiam
1437 2916 1516 2981 dum
1544 2918 1649 2982 sancti
1677 2917 1810 2999 spiritus
1839 2917 1939 2982 ductu
1964 2918 2000 2980 in
2027 2917 2091 2982 viis

81 3007 233 3074 66166168
263 3016 297 3073 61
324 3008 535 3074 solennitates
568 3011 696 3070 vestras
729 3003 798 3067 odit
828 3002 940 3071 anima
971 3022 1060 3079 mea;
1112 3000 1249 3066 Domini
1276 3000 1497 3081 ambulamus,
1525 3024 1567 3066 ne
1593 3010 1706 3067 tamen
1728 3005 1831 3069 nostri
1853 3003 1945 3068 obliti
1966 3003 2091 3067 animos

80 3093 166 3159 16616
187 3103 266 3159 sunt
287 3094 371 3158 mihi
395 3093 549 3170 16616816,
575 3090 723 3156 laboravi
751 3089 929 3167 sustinene;
957 3108 1060 3170 quum
1112 3087 1280 3168 tollamus,
1320 3095 1491 3153 remanent
1524 3089 1779 3171 imperfectionis
1813 3089 1969 3173 reliquiae
2008 3109 2092 3169 quae

81 3180 295 3246 extenderitis
328 3201 448 3245 manus
476 3186 615 3256 vestras,
649 3183 796 3243 avertam
814 3174 938 3240 ·0culos
970 3194 1080 3238 meos⁴
1111 3173 1206 3240 nobis
1232 3173 1429 3239 humilitatis
1456 3183 1687 3258 argumentum
1712 3175 1900 3258 praebeant
1943 3174 2019 3239 Non
2041 3180 2092 3238 est

81 3285 102 3328 a
133 3265 241 3344 vobis3
280 3287 383 3348 quum
417 3263 716 3346 multiplicaveritis
756 3261 953 3338 orationem,
992 3280 1060 3324 666
1111 3260 1232 3343 168168,
1256 3261 1303 3325 611
1325 3262 1488 3343 scriptura
1509 3262 1541 3347 (1
1561 3260 1667 3345 Regg.
1688 3264 1717 3339 8,
1737 3261 1809 3346 46),
1839 3261 1895 3360 qui
1915 3261 2013 3325 faciat
2034 3260 2091 3324 bo-

79 3350 253 3415 exaudiam
260 3375 269 3429 ;
301 3373 420 3415 manus
446 3351 536 3415 enim
565 3356 695 3414 vestrae
726 3347 842 3431 plenae
876 3353 953 3410 sunt
984 3367 1059 3410 san·
1111 3368 1191 3410 num
1211 3355 1245 3411 61
1266 3367 1332 3411 666
1353 3355 1474 3430 peccet.
1515 3345 1657 3427 Qualem
1678 3368 1756 3431 ergo
1778 3347 1937 3412 iustitiam
1959 3367 2001 3410 61
2023 3347 2091 3410 8618

79 3437 195 3519 guine:
223 3436 395 3514 lavamini,
423 3433 541 3500 mundi
563 3441 681 3514 estote,
712 3434 838 3498 auferte
860 3431 984 3497 malum
1005 3453 1059 3498 co-
1111 3431 1263 3514 operibus
1280 3434 1463 3497 etiamnum
1480 3431 1693 3498 obtinebunt?
1728 3433 1881 3498 Primum
1899 3431 1980 3511 dico,
2004 3431 2092 3515 quod

78 3521 277 3605 gitationum
296 3529 492 3588 vestrarum.
539 3518 629 3600 Quid
651 3519 760 3585 isthuc
782 3519 845 3584 eibi
872 3519 945 3584 vult
972 3517 1059 3600 quod
1112 3518 1271 3600 optimum
1294 3519 1335 3584 61
1356 3518 1423 3584 illis
1467 3519 1583 3596 roferri
1604 3527 1720 3601 potest,
1744 3518 1854 3603 eliqua
1874 3526 1985 3583 166166
2006 3540 2091 3583 sem-

78 3607 245 3672 Dominus
279 3608 327 3672 116
360 3616 498 3672 6668661
531 3604 574 3670 61
608 3603 800 3689 obsequium
835 3626 913 3670 suae
951 3601 1063 3688 legis?
1110 3625 1170 3687 per
1191 3605 1299 3669 661618
1321 3541 1511 3687 1666111616
1531 3626 1718 3688 1686618661
1740 3612 1774 3670 61
1795 3612 1987 3686 corruptum
2009 3627 2089 3683 6886,

78 3692 152 3757 1166
184 3714 263 3757 vero
295 3694 380 3758 nihil
411 3693 466 3759 hic
492 3693 620 3776 respuit
648 3690 734 3774 quod
762 3692 805 3757 sit
832 3711 873 3754 61
901 3706 1060 3774 germana
1111 3711 1149 3754 ac
1170 3696 1327 3773 tanquam
1350 3690 1472 3774 aliquid
1500 3690 1599 3757 faecis
1622 3690 1806 3756 admixtum
1829 3689 1957 3755 habere.
1980 3692 1983 3699 '
2004 3689 2090 3754 Seli·

77 3778 162 3878 legis
183 3777 422 3845 observatione:
447 3780 539 3844 cuius
563 3778 698 3843 initium
719 3799 790 3843 esse
812 3776 933 3859 ubique
955 3774 1057 3855 docet,
1110 3782 1175 3859 gat,
1205 3776 1348 3859 inquam,
1377 3798 1419 3842 61
1447 3784 1516 3842 1616
1542 3798 1603 3843 866
1631 3778 1701 3843 1116
1723 3785 1855 3842 8666168
1875 3775 1942 3839 Dei
1963 3796 2088 3854 servus,

80 3885 245 3931 sincerum
272 3867 323 3931 sui
348 3865 490 3930 nominis
516 3864 676 3930 timorem
720 3864 784 3928 Illo
815 3863 958 3940 sublato,
991 3883 1058 3927 666
1111 3861 1197 3945 quod
1228 3863 1263 3926 in
1295 3863 1366 3928 6168
1394 3885 1496 3929 66186
1527 3863 1671 3927 maxime
1704 3863 1863 3926 eximium
1896 3881 1931 3925 se
1984 3861 2091 3926 utabit

78 3952 175 4016 modo
202 3972 311 4036 nugae
343 3957 422 4016 sunt
448 3971 659 4035 quaecunque
685 3950 733 4014 illi
767 3950 968 4028 offeruntur,
1001 3947 1059 4014 sed
1111 3947 1249 4014 edidisse
1256 3971 1264 4029 ;
1281 3946 1365 4013 bene
1383 3949 1533 4016 revolvat
1550 3948 1697 4031 singulas
1712 3954 1842 4031 partes:
1866 3882 2090 4029 deprehendet

78 4036 218 4103 foetidae
240 4036 541 4120 abominandaeque
563 4035 682 4101 sordes.
727 4036 818 4101 Dant
843 4055 932 4101 nunc
954 4035 1058 4120 hypo-
1109 4034 1222 4117 procul
1244 4033 1343 4100 dubio
1365 4036 1484 4101 alicubi
1506 4032 1592 4119 quod
1609 4035 1718 4098 carnis
1739 4032 1946 4115 putredinem
1967 4034 2087 4117 sapiat;

80 4123 194 4203 611166,
228 4134 261 4189 61
292 4124 477 4190 involutam
510 4121 606 4186 corde
638 4124 836 4206 pravitatem
868 4122 1058 4199 retinentes,
1109 4120 1240 4202 quando
1273 4143 1442 4204 nunquam
1469 4143 1509 4187 ea
1535 4127 1587 4185 681
1612 4127 1726 4184 668116
1755 4119 1906 4184 alacritas
1935 4119 1976 4184 ad
2005 4120 2087 4185 bene

78 4207 191 4274 Deum
211 4209 365 4294 operibus
386 4208 539 4275 studeant
561 4206 729 4273 demereri.
769 4208 873 4290 Atqui
892 4208 999 4290 magis
1021 4228 1058 4272 ac
1110 4206 1275 4290 agendum
1294 4228 1378 4290 quae
1400 4229 1471 4274 esse
1493 4207 1603 4287 debet;
1637 4204 1694 4271 sed
1716 4206 1751 4269 in
1773 4227 1871 4272 cursu
1892 4205 2088 4272 retardando

78 4297 185 4379 magis
207 4296 269 4363 hoc
291 4296 388 4362 modo
410 4295 595 4360 irritabunt.
649 4294 878 4359 Exsecrabiles
899 4295 987 4358 enim
1009 4293 1059 4358 illi
1109 4293 1215 4357 multa
1236 4292 1395 4361 debilitas.
1440 4293 1636 4377 Quanquam
1657 4312 1727 4356 non
1748 4291 1902 4357 obscuras
1924 4313 1994 4357 6886
2016 4312 2087 4355 ma—

78 4391 159 4446 8661
178 4383 354 4466 1166161616
375 4383 543 4460 victimae;
580 4379 649 4444 sola
678 4387 843 4444 rectorum
873 4380 975 4444 oratio
1005 4400 1058 4445 66-
1110 4378 1200 4443 66168
1217 4377 1367 4445 videmus
1383 4381 1501 4464 quibus
1518 4400 1668 4463 respersa
1685 4378 1752 4443 8161
1769 4399 1867 4460 66616
1885 4384 2086 4455 8666161666

78 4476 173 4550 66616
190 4477 240 4533 681
259 4469 309 4533 illi
327 4469 440 4552 (Prov.
463 4472 511 4544 15,
531 4465 576 4550 8).
614 4464 946 4549 Censtituimusergo
964 4475 1059 4530 61116
1109 4465 1160 4530 fac
1181 4475 1293 4529 tamen
1314 4466 1552 4532 minutissimos
1579 4486 1650 4531 6886
1676 4486 1798 4530 naevos
1825 4463 1998 4528 duntaxat:
2029 4460 2088 4526 sed

79 4553 230 4633 dubium,
259 4554 345 4637 qnod
362 4554 626 4638 vulgatissimum
648 4572 719 4616 esse
737 4550 834 4616 debet
853 4553 1059 4618 mediocriter
1109 4573 1153 4616 an
1184 4550 1292 4616 oculos
1319 4550 1385 4617 Dei
1416 4553 1500 4617 nihil
1533 4551 1716 4630 offendent,
1750 4570 1860 4616 661661
1893 4547 2011 4632 661168
2044 4569 2087 4612 66

77 4639 112 4704 16
135 4641 306 4724 8611616118
328 4642 519 4706 exercitato:
553 4659 636 4722 quae
658 4637 713 4703 vel
733 4658 862 4702 summo
884 4637 1057 4721 splendore
1109 4637 1223 4703 stellae
1250 4637 1382 4720 quidem
1408 4659 1510 4722 purae
1538 4638 1636 4703 sunt?
1681 4637 1866 4714 Habemus,
1894 4655 1955 4698 nec
1982 4654 2087 4698 unum

78 4727 253 4808 conspicua
277 4735 356 4792 sunt
382 4747 481 4811 opera
513 4729 549 4792 in
584 4724 771 4790 hominibus
801 4722 948 4787 nondum
981 4745 1058 4789 vere
1108 4746 1129 4789 a
1149 4724 1270 4790 sanctis
1293 4726 1384 4789 exire
1409 4746 1506 4807 opus,
1535 4722 1620 4807 quod
1642 4724 1670 4788 si
1691 4723 1726 4786 in
1746 4743 1781 4786 se
1803 4729 1988 4799 censeatur,
2017 4739 2087 4784 666

79 4813 304 4893 sanctificatis,
343 4820 413 4878 tam
448 4813 563 4896 procul
593 4811 759 4877 6168866
789 4809 916 4874 iustitia
939 4828 1057 4887 ,coram
1107 4819 1274 4876 mereatur
1287 4813 1417 4876 iustam
1437 4809 1597 4894 opprobrii
1618 4808 1793 4873 mecedem.

77 4895 229 4977 Domino,
252 4907 290 4963 ut
309 4907 444 4982 peccata
465 4905 668 4964 censeantur.
712 4898 764 4963 Ac
790 4895 927 4979 proinde
953 4896 1056 4962 veris-
1198 4901 1244 4962 10.
1279 4896 1419 4976 Deinde,
1438 4896 1565 4962 61166181
1583 4895 1656 4961 fieri
1676 4902 1786 4978 posset
1806 4898 1844 4957 ut
1866 4892 1976 4976 aliqua
1992 4891 2085 4957 66118

78 4982 161 5048 81616
180 4983 229 5049 illi
247 4983 272 5070 ¹)
293 4986 349 5068 qui
377 5006 444 5051 non
471 4984 634 5052 conciliari
656 5003 815 5066 personae
837 4981 931 5066 apud
946 4981 1057 5046 Deum
1107 4980 1956 5066 688661616616666166186161666666616,66661
1972 4986 2085 5044 161666

77 5124 283 5134 ----
1106 5068 1379 5152 66666166186118
1408 5075 1457 5134 est
1484 5067 1527 5133 ad
1554 5066 1727 5132 delendam
1748 5064 2085 5151 exstinguendamque

146 5190 176 5258 1)
193 5191 220 5244 1
289 5191 449 5244 616611.
475 5191 633 5261 deposuit.
658 5191 946 5263 6816686866
971 5189 1056 5243 vera·
1107 5176 1238 5220 omnem
1260 5154 1452 5221 menonem
1472 5154 1593 5256 prioris
1613 5154 1771 5235 iustitiae,
1798 5160 1837 5217 ut
1858 5153 1905 5217 ait
1925 5149 2086 5250 91⁸0th

76 5259 234 5318 1616166161
268 5258 444 5333 66868161.
1106 5241 1178 5327 (lu.
1212 5247 1265 5322 18,
1296 5242 1361 5327 24).
1418 5239 1482 5309 0111
1509 5248 1543 5307 et
1573 5241 1712 5307 Iacobus
1741 5238 1792 5326 (2,
1825 5240 1880 5323 10)
1913 5245 2081 5304 consentit
