4672 5842
810 1710 1543 1844 raaauonnunn

170 1954 433 2102 Secundum
463 2011 543 2092 hoc
576 2010 740 2092 Calvini
772 2010 906 2091 nostri
937 2008 1156 2111 volumen,
1189 2008 1303 2119 quod
1334 2008 1432 2112 tibi,
1464 2007 1667 2089 benevole
1699 2006 1853 2113 lector,
1892 2008 2078 2089 nondum
2110 2038 2176 2091 se-

169 2159 314 2239 11190111
352 2157 490 2268 spatio
531 2170 629 2266 post
661 2156 823 2237 editum
860 2156 1044 2266 primum
1085 2155 1229 2265 elapso
1267 2153 1501 2258 offerimus,
1541 2154 1729 2236 continet
1768 2153 1961 2235 ultimam
1997 2154 2177 2235 Institu-

169 2304 294 2386 tionis
323 2303 482 2386 latinae
513 2302 813 2405 recensionem,
846 2332 973 2410 quam
1004 2312 1127 2383 autor
1158 2304 1399 2383 0111101559
1432 2300 1701 2409 praecedenti
1725 2300 1901 2382 subinde
1924 2311 2177 2382 retractatae

163 2449 389 2532 substituit
420 2448 616 2558 deinceps
657 2478 741 2530 non
773 2447 954 2558 amplius
986 2446 1243 2529 mutandam.
1295 2447 1362 2527 De
1394 2447 1512 2527 cuius
1544 2446 1746 2553 fontibus,
1777 2446 1978 2527 methodo
2011 2459 2056 2527 et
2087 2445 2178 2526 edi·
2243 2460 2246 2467 '

161 2597 352 2678 tionibus
390 2594 648 2677 authenticis
654 2656 667 2701 ,
707 2624 840 2702 quum
878 2593 921 2674 in
959 2592 1282 2701 Prolegomenis
1320 2592 1476 2673 nostris
1515 2593 1651 2703 primo
1690 2592 1892 2675 volumini
1936 2591 2177 2702 praemissis

163 2742 480 2826 accuratissime
513 2740 674 2822 dictum
705 2740 780 2845 sit,
816 2768 902 2821 non
933 2737 1143 2848 estquod
1174 2736 1321 2817 multis
1353 2750 1397 2819 te
1428 2738 1508 2821 hoc
1541 2739 1632 2822 loco
1664 2769 1887 2822 moremur.
1951 2736 2065 2857 Satis
2096 2738 2174 2819 ha·

161 2891 313 2971 bemus
345 2901 389 2970 te
423 2887 650 2992 monuisse,
682 2896 850 2967 textum
884 2914 1011 2993 quem
1040 2884 1121 2965 tibi
1147 2862 1399 2995 exhibemus
1432 2916 1598 2969 summa
1628 2918 1724 2969 cum
1755 2885 1978 2995 diligentia
1999 2884 2054 2968 ad
2085 2883 2173 2965 edi-

162 3036 322 3117 tionem
359 3034 479 3115 iilam
522 3032 755 3144 principem
797 3031 922 3113 modo
963 3030 1179 3111 laudatam
1216 3059 1464 3140 expressum
1506 3061 1618 3139 esse,
1663 3032 1724 3114 ita-
1761 3047 1904 3115 tamen
1942 3043 1991 3112 ut
2038 3032 2179 3114 omnia

162 3182 353 3262 ciusdem
384 3189 601 3290 postrema
635 3177 936 3279 additamenta,
968 3205 1076 3285 quae
1107 3175 1152 3256 in
1182 3176 1488 3285 antiquioribus
1520 3178 1833 3288 exemplaribus
1855 3178 2043 3260 nondum
2065 3208 2178 3260 com-

160 3340 405 3437 paruerant,
439 3326 553 3436 typis
585 3324 762 3407 cursivis
798 3323 887 3404 sive
918 3322 1083 3427 italicis,
1116 3351 1221 3430 quos
1245 3324 1389 3405 dicun*
1436 3324 1681 3406 excudenda
1711 3354 1964 3407 curaremus.
2011 3324 2178 3406 Eodem

160 3471 289 3551 modo
319 3472 574 3553 mutationes
607 3498 752 3553 omncs
784 3470 827 3551 in
859 3468 1041 3578 singulis
1073 3468 1243 3550 vocibus
1276 3498 1340 3550 a*-
1385 3470 1600 3588 ,rasium
1632 3470 1801 3579 syntaxi
1831 3484 2023 3580 repertas
2052 3460 2175 3553 nota-

160 3616 322 3718 vimus,
362 3643 446 3723 quo
476 3618 628 3699 clarius
667 3616 927 3697 indefessum
964 3614 1112 3696 Nostri
1148 3614 1192 3695 in
1232 3616 1500 3698 retractando
1543 3616 1888 3727 emendandoque
1930 3628 2006 3698 suo
2049 3645 2175 3728 opere
2223 3610 2230 3629 '

163 3761 355 3843 studium
386 3760 457 3841 vel
494 3762 536 3842 in
576 3763 757 3845 minimis
791 3760 1062 3870 conspicuum
1093 3760 1291 3841 eluceret.
1353 3760 1501 3843 Unum
1537 3773 1681 3845 tamen
1712 3763 1839 3871 idque
1879 3763 2173 3873 frequentissi-

161 3937 280 3987 mum
310 3907 378 3989 hic
412 3907 544 3987 semel
574 3908 727 3991 dixisse
759 3907 952 3989 suffic-iat
1000 3905 1116 3987 Scias
1148 3935 1224 4016 pro
1255 3907 1424 3989 nomine
1449 3908 1651 3990 Domini
1683 3909 1785 3991 olim
1816 3910 1869 3991 ab
1893 3920 2040 3993 autore
2072 3939 2173 4020 prae

163 4054 340 4134 caeteris
380 4064 586 4162 usurpato
625 4082 754 4160 quum
786 4055 838 4135 dc
871 4054 979 4134 Deo
1011 4051 1279 4159 loqueretur,
1319 4053 1416 4134 inde
1449 4056 1501 4137 ab
1541 4083 1648 4136 anno
1677 4060 1782 4136 1559
1823 4056 2056 4137 sexcenties
2095 4056 2174 4138 hoc

163 4197 347 4279 alterum
383 4198 550 4308 reponi,
592 4198 704 4305 quod
733 4212 876 4281 utrum
909 4200 1000 4309 ipse
1033 4196 1233 4279 Calvinus
1274 4200 1331 4280 sic
1372 4201 1497 4282 scribi
1529 4200 1730 4306 voluerit,
1771 4232 1824 4283 an
1855 4230 1909 4282 ex
1941 4201 2172 4310 scripturae

163 4344 410 4455 compendio
449 4356 599 4424 natum
631 4343 786 4423 dixeris
824 4344 1032 4427 incertum
1070 4356 1146 4424 est.
1210 4344 1336 4426 Certe
1375 4346 1483 4427 illud
1525 4346 1695 4429 minime
1733 4357 1975 4429 constanter
2011 4346 2172 4425 tactum

163 4518 257 4571 csse
288 4490 410 4572 facile
443 4489 747 4600 deprehendes.
798 4488 1027 4571 Praeterea
1059 4490 1206 4571 sedulo
1237 4492 1526 4600 praecedentis
1556 4492 1809 4575 recensionis
1837 4489 2173 4602 parallelismum
2250 4480 2253 4485 ¹

161 4637 207 4717 in
239 4637 430 4745 margine
463 4636 805 4745 significavimus,
838 4635 910 4715 ubi
940 4635 1068 4717 etiam
1091 4636 1389 4747 adscripsimus
1423 4638 1598 4720 alterius
1631 4638 1837 4743 editionis,
1870 4637 1923 4719 ab
1955 4637 2047 4747 ipso
2071 4636 2171 4719 Cad-

161 4783 260 4863 11110
291 4781 457 4863 biennio
495 4795 594 4892 post
631 4794 882 4893 procuratae
915 4779 1134 4887 (Generao
1165 4782 1289 4891 1561)
1322 4795 1367 4863 91
1397 4785 1450 4864 ab
1481 4784 1560 4867 hac
1595 4797 1741 4867 nostra
1770 4783 1982 4866 rarissime
2014 4784 2171 4867 discre-

162 4928 324 5040 pantis,
357 4956 501 5009 omnes
532 4927 762 5010 lectionum
792 4927 1020 5009 vurietatcs
1052 4957 1159 5035 quac
1191 4959 1274 5011 non
1306 4930 1348 5009 in
1380 4931 1506 5012 meris
1539 4932 1701 5013 mendis
1738 4932 2005 5043 reponendae
2037 4943 2168 5012 erant.

162 5076 316 5183 Neque
354 5074 462 5155 illud
492 5074 780 5184 negleximus,
818 5072 1008 5183 quamvis
1040 5103 1124 5155 non
1158 5104 1309 5185 parurn
1345 5076 1610 5159 fastidiosum
1641 5090 1686 5159 et
1722 5078 1989 5190 aliquatenus
2021 5105 2170 5186 super·

163 5248 412 5327 vacaneum,
444 5220 605 5303 scilicet
634 5234 684 5303 nt
714 5220 968 5304 recentiores
1001 5220 1206 5305 editiones
1237 5234 1336 5333 post
1367 5221 1531 5305 Calvini
1559 5236 1742 5308 mortem
1771 5226 2010 5335 impressas
2042 5238 2168 5332 quot-
