4672 5842
251 334 311 394 571
890 318 1156 387 1118111111Ήο
1181 320 1491 388 1155051581.
1517 326 1609 388 1559.
2197 320 2258 383 571

248 518 314 601 qur
347 512 496 591 offendit,
530 514 650 596 inquit,
678 513 714 576 5
745 531 826 591 uno,
860 512 966 575 5555
997 518 1047 575 aa
1080 488 1226 573 omntm
1278 510 1447 590 51555;
1471 511 1654 577 senoreto
1677 510 1855 576 551555
1878 510 2045 594 uisam,
2075 510 2260 576 51555

247 624 331 670 reus.
376 601 449 665 Iam
480 620 584 682 quum
615 599 696 664 haec
728 599 797 663 vita
827 597 978 661 mortalis
1010 616 1179 678 nunquam
1207 615 1228 659 a
1278 598 1481 679 promittitur
1508 620 1551 662 51
1576 597 1649 663 fide.
1695 597 1821 662 Paulus
1849 617 1976 679 quoque
2008 617 2141 661 emnem
2171 617 2260 662 scru-

246 694 377 774 peccato
409 706 494 769 pura
526 685 570 750 sit
600 693 658 750 aut
675 705 808 764 15555,
841 681 1001 766 quidquid
1034 683 1179 746 iustitiae
1207 703 1227 746 a
1278 682 1393 764 pulum
1415 684 1522 760 solvit,
1546 705 1648 766 quum
1669 704 1729 765 pro
1751 685 1997 749 confirmatione
2019 683 2107 749 illius
2129 690 2260 748 senten·

246 775 339 842 uobis
367 779 591 859 comparatum
617 772 713 848 foret,
747 770 780 834 id
811 769 1020 852 sequentibus
1047 767 1227 833 identidem
1279 770 1343 833 tiae
1365 770 1465 833 istum
1486 770 1625 835 Davidis
1647 770 1846 835 versiculum
1866 769 1981 834 sumit:
2013 769 2101 834 beati
2122 789 2260 851 quorum

246 861 387 945 peccatis
410 865 611 941 corruptum,
635 877 826 940 oppressum
848 862 881 919 et
898 854 1072 937 perditum,
1095 856 1132 918 15
1149 876 1226 919 eon·
1278 856 1434 919 remissae
1461 864 1539 921 sunt
1566 856 1755 938 iniquitates
1778 856 1938 940 (115154,
1964 861 1998 934 7;
2027 854 2115 920 Psal.
2139 859 2189 932 32,
2217 860 2232 918 l

247 953 395 1031 spectum
421 945 487 1008 Dei
513 964 580 1007 non
607 945 748 1019 veniret,
783 963 845 1006 nec
876 942 912 1005 iu
944 941 1106 1005 iustitiam
1133 942 1226 1005 nobis
1279 939 1416 1005 Certum
1444 950 1494 1005 585
1522 963 1600 1007 1515
1628 941 1792 1007 Davidem
1820 963 1886 1007 non
1915 941 1956 1005 de
1982 943 2107 1024 impiis,
2136 941 2195 1007 8511
2243 961 2261 1006 5

245 1034 473 1118 imputaretur.
508 1029 669 1112 Denique,
685 1029 740 1092 ubi
755 1027 795 1092 de
810 1049 946 1109 51151551
965 1028 1075 1111 agitur
1092 1027 1225 1106 iustitia,
1279 1025 1429 1092 fidelibus
1451 1027 1549 1110 loqui,
1572 1028 1678 1110 qualis
1696 1028 1766 1111 ipse
1784 1036 1869 1105 erat3
1890 1029 2027 1111 151551
2045 1029 2261 1093 eonscientiae

201 1133 207 1143 '
246 1141 314 1184 non
342 1139 423 1200 51158
451 1117 532 1199 legis
564 1113 802 1196 respiciendum
834 1120 899 1189 585,
933 1113 991 1177 sed
1022 1112 1224 1178 mandatum.
1280 1133 1357 1176 suae
1390 1134 1488 1177 sensu
1522 1114 1724 1196 loquebatur.
1779 1114 1870 1197 Ergo
1906 1115 1992 1178 hanc
2024 1111 2261 1179 beatimdinem

246 1199 1022 1286 11558151151515851515155511551,1158515
1042 1205 1228 1264 55515555
1279 1219 1346 1262 555
1374 1199 1475 1263 855151
1502 1199 1639 1276 555515,
1668 1200 1725 1264 sed
1748 1207 1819 1265 tota
1845 1201 1916 1264 1155
1935 1207 2048 1265 555515
2077 1219 2137 1264 558
2164 1220 2261 1282 51151-

247 1290 389 1356 51551515
417 1310 498 1370 51158
528 1287 746 1370 proferamus;
780 1283 838 1366 sed
865 1286 1048 1350 5555885115
1075 1293 1125 1351 515
1152 1307 1227 1369 per·
1279 1290 1335 1349 tet
1371 1285 1544 1351 Postremo
1566 1285 1764 1369 legationem
1786 1285 1827 1350 de
1849 1287 1995 1369 gratuita
2016 1308 2093 1351 cum
2113 1285 2184 1350 Deo
2205 1307 2260 1350 re-

247 1387 348 1461 petua
369 1375 450 1458 legis
468 1372 659 1437 obedientia.
697 1370 809 1452 Quare
830 1371 931 1448 illam,
955 1370 995 1435 de
1018 1391 1082 1454 qua
1102 1371 1227 1453 loquuti
1279 1371 1506 1436 conciliatione
1532 1392 1599 1435 non
1626 1373 1660 1436 in
1687 1393 1790 1436 unum
1818 1381 1875 1436 aut
1904 1372 2043 1437 alterum
2069 1372 2157 1437 diem
2183 1392 2262 1454 prc-

248 1484 370 1539 sumus,
388 1467 596 1542 peccatorum
613 1459 839 1522 remissionem
857 1478 924 1521 non
942 1457 1043 1521 semel
1061 1457 1227 1540 (etmulti
1278 1456 1437 1539 mulgari,
1471 1457 1529 1522 sed
1560 1465 1752 1540 perpetuam
1781 1460 1817 1521 in
1850 1458 1986 1523 eeclesia
2018 1480 2089 1524 5885
2122 1465 2262 1523 testatur

248 1548 365 1614 85511115
394 1547 586 1628 opinantur)
608 1544 702 1608 nobis
724 1545 759 1608 in
781 1544 942 1608 iustitiam
963 1543 1055 1607 Deus
1076 1545 1226 1626 imputat,
1279 1541 1315 1693 12
1340 1543 1415 1606 Cor.
1441 1547 1469 1620 5,
1499 1543 1562 1627 18).
1618 1543 1764 1608 Proinde
1794 1565 1862 1607 non
1896 1544 1994 1609 aliam
2026 1544 2187 1610 iustitiam
2218 1543 2261 1608 ad

247 1641 286 1699 115
307 1635 481 1715 impetrata
501 1632 697 1713 praeteritae
719 1631 807 1694 11555
829 1630 938 1707 15515,
963 1637 1076 1712 postea
1097 1632 1132 1693 in
1155 1630 1227 1713 lege
1303 1650 1380 1692 nem
1408 1650 1512 1711 usque
1541 1630 1629 1694 vitae
1662 1629 1786 1694 habent
1815 1629 1928 1695 fideles
1956 1651 2055 1712 quam
2083 1652 2167 1712 quae
2194 1630 2262 1697 illic

246 1720 405 1784 iustitiam
421 1737 626 1801 quaeramus,
645 1716 730 1799 quod
748 1715 834 1779 nihil
850 1717 1099 1798 quaminspem
1111 1716 1227 1780 falsam
1280 1714 1483 1779 describitur.
1528 1716 1645 1780 Manet
1672 1717 1760 1779 enim
1791 1724 1947 1798 perpetue
1976 1715 2137 1781 mediator
2163 1715 2261 1781 Chri-

245 1805 397 1870 inductos
425 1802 610 1867 rideretae
638 1801 774 1866 luderet
820 1800 932 1882 Quum
955 1802 1044 1865 enim
1072 1801 1227 1882 perfectio
1280 1808 1364 1875 stus,
1391 1801 1447 1882 qui
1473 1808 1600 1883 patrem
1622 1802 1715 1866 uehis
1737 1802 1939 1879 reconciliet,
1968 1823 2007 1867 ae
2034 1809 2192 1886 perpetua
2210 1808 2261 1866 585

245 1889 530 1973 nulla·obtingere
551 1889 645 1953 nobis
666 1889 768 1970 1158815
789 1887 945 1969 quamdiu
967 1887 1030 1951 hac
1056 1909 1155 1952 carne
1176 1889 1227 1951 in-
1278 1888 1394 1949 mertis
1427 1887 1497 1951 eius
1531 1888 1682 1953 efficacia.
1728 1888 1855 1971 Nempe
1895 1888 2033 1968 ablutio,
2075 1889 2260 1967 satisfactio,

246 1975 319 2041 (1551
342 1998 464 2054 855158,
493 1975 548 2038 lex
570 1981 681 2039 555515
706 1981 848 2037 mortem
874 1994 912 2038 ac
939 1972 1095 2037 iudicium
1122 1974 1227 2038 omni-
1280 1973 1437 2054 expiatio,
1470 1974 1616 2055 perlecta
1646 1973 1785 2056 denique
1817 1972 2014 2052 obedientia,
2047 1995 2113 2057 qua
2139 1975 2261 2057 iniqni-

245 2061 309 2128 bus
345 2062 517 2126 denuntiet
555 2062 610 2143 qui
645 2082 712 2124 non
743 2061 907 2142 integram
939 2059 1100 2123 iustitiam
1130 2080 1228 2142 opere
1280 2063 1365 2121 tates
1393 2079 1507 2122 omnes
1536 2068 1668 2123 nostrae
1695 2068 1922 2143 conteguntur.
1968 2060 2038 2125 Neo
2065 2060 2192 2125 Paulus
2220 2059 2261 2125 ad

246 2149 486 2233 praestiterint,
509 2146 644 2211 habebit
664 2167 793 2228 semper
814 2166 878 2227 quo
899 2165 959 2209 558
981 2152 1119 2223 accuset,
1138 2166 1227 2210 reos-
1279 2143 1440 2226 Ephesios
1463 2145 1507 2227 (2,
1527 2143 1562 2228 8)
1586 2145 1673 2220 (11515,
1696 2166 1758 2210 558
1781 2146 1913 2210 15151551
1934 2146 2050 2210 8515518
2074 2147 2198 2211 555515
2220 2167 2260 2211 51

247 2257 310 2318 155
338 2242 429 2317 agat,
462 2233 526 2297 nisi
555 2240 669 2297 555515
696 2239 882 2297 5555115155
903 2231 968 2295 Dei
996 2231 1227 2310 misericordia,
1281 2229 1401 2312 gratia,
1431 2230 1488 2294 sed
1510 2252 1570 2313 per
1592 2234 1733 2315 gratiam
1754 2232 1897 2297 salvatos
1918 2253 2003 2310 5885,
2032 2254 2099 2298 555
2121 2253 2260 2316 515115-

247 2342 330 2403 quae
364 2319 496 2384 assidua
533 2325 741 2400 peccatorum
775 2317 965 2381 remissione
996 2337 1057 2381 558
1089 2316 1227 2382 subinde
1280 2315 1380 2392 ribus,
1402 2337 1444 2379 ne
1489 2318 1540 2381 uis
1562 2318 1728 2401 glorietur.

247 2406 440 2470 absolveret
476 2400 1228 2486 (1551-511855115155585551551111115511115
1369 2405 1417 2465 12.
1463 2337 1558 2483 &uae
1583 2403 1626 2467 ad
1647 2403 1852 2468 evadendum
1874 2403 2076 2488 subterfugia
2097 2411 2262 2487 15551555

247 2491 405 2556 diximus:
441 2490 469 2554 si
501 2490 565 2572 ipsi
597 2510 639 2554 51
666 2498 779 2554 558515
811 2487 971 2573 dignitate
1004 2489 1227 2568 aestimamur,
1280 2485 1550 2566 hieScholastici,
1574 2509 1629 2553 eos
1651 2511 1718 2553 555
1741 2488 1928 2572 5115111555
1965 2491 2079 2568 Aiunt,
2099 2510 2167 2555 non
2180 2491 2262 2555 tanti

247 2576 404 2661 quidquid
426 2575 623 2640 meditemur
645 2583 704 2639 aut
724 2575 913 2651 moliamur,
938 2595 997 2638 558
1019 2580 1131 2638 555155
1153 2595 1229 2638 5551
1280 2593 1351 2638 5885
1373 2575 1550 2643 1551158555
1572 2574 1732 2658 dignitate
1753 2576 1840 2640 bena
1861 2595 1961 2659 opera
1979 2576 2081 2641 utad
2101 2577 2261 2641 iustitiam

247 2665 398 2730 omnibus
426 2663 547 2726 nostris
575 2661 745 2726 conatibus
767 2667 800 2725 55
821 2659 939 2724 studiis
960 2666 1065 2724 morte
1092 2662 1229 2725 5511115-
1280 2658 1534 2743 comparandam
1561 2662 1740 2739 sufficiant;
1773 2663 1831 2726 sed
1865 2662 2155 2746 555555511555518
2187 2681 2259 2727 esse

247 2750 313 2815 (155
336 2749 453 2833 dignos
475 2769 554 2812 5885.
1280 2747 1421 2828 gratiae,
1450 2746 1537 2828 quod
1565 2753 1695 2811 tantum
1722 2748 1843 2813 151555
1888 2747 2018 2814 Deinde
2026 2753 2044 2828 ,⁸
2061 2748 2138 2831 1515
2162 2748 2260 2813 fateri

337 2841 385 2899 11.
430 2834 568 2898 Duobus
596 2834 648 2898 his
674 2833 804 2897 fortiter
830 2829 1064 2895 insistendum:
1099 2830 1228 2894 nullum
1280 2839 1445 2915 coguntur
1466 2833 1625 2898 iustitiam
1646 2854 1783 2915 operum
1812 2833 1865 2899 hic
1895 2855 2025 2919 semper
2046 2854 2116 2899 esse
2136 2833 2260 2917 imper·

246 2943 393 3004 unquam
415 2922 579 2984 exstitisse
602 2919 647 3001 pii
670 2918 813 2982 hominis
841 2938 924 3000 opus
946 2914 1040 2998 quod,
1064 2917 1092 2980 si
1114 2924 1228 2981 851515
1279 2917 1408 2995 fectum,
1429 2919 1612 2984 concedunt
1630 2941 1699 2996 nos,
1722 2919 1877 3002 quamdiu
1895 2921 2046 2999 11115158,
2070 2921 2260 2985 remissione

246 3006 312 3071 Dei
352 3005 470 3070 iudicio
505 3007 763 3082 examinaretur,
802 3024 869 3067 non
908 3010 994 3067 esset
1033 3001 1226 3067 damnabile.
1279 3012 1487 3085 peccatorum
1504 3004 1653 3089 indigere
1670 3026 1735 3086 qua
1753 3005 2041 3089 115155558511515111
2060 3006 2259 3089 suppleatur,
2326 3076 2333 3093 ,

247 3092 302 3155 Ad
331 3093 412 3155 haec
441 3092 468 3154 si
496 3091 561 3154 tale
588 3089 719 3172 aliquod
751 3090 847 3153 detur
879 3087 966 3170 quod
994 3087 1145 3170 possibile
1169 3088 1228 3153 ho-
1281 3088 1339 3153 sed
1356 3089 1475 3154 delicta
1491 3112 1574 3173 quae
1592 3092 1849 3167 committuntur,
1873 3094 2026 3176 operibus
2046 3113 2260 3177 supereroga-

247 3179 331 3241 mini
353 3199 418 3241 non
441 3183 504 3254 est,
532 3177 674 3258 peccatis
696 3182 824 3253 tamen,
859 3172 977 3256 quibus
999 3172 1147 3238 laborare
1170 3196 1227 3239 au·
1279 3176 1377 3240 tionis
1399 3179 1612 3258 compensari.
1656 3178 1891 3260 deceptantem
1913 3180 2000 3243 enim
2022 3199 2122 3262 quam
2144 3188 2262 3244 155555

247 3269 351 3328 551551
380 3263 488 3344 ipsum
515 3270 642 3326 certum
669 3269 733 3338 est,
771 3261 925 3324 vitiatum
953 3280 992 3323 55
1019 3260 1229 3343 inquinatum
1281 3263 1432 3343 gratiam,
1457 3283 1525 3326 non
1548 3262 1646 3327 aliam
1669 3283 1740 3328 5885
1761 3264 1941 3346 respondeo
1962 3286 2060 3347 quam
2083 3265 2261 3349 gratuitam

247 3351 389 3434 gratiam
413 3348 559 3430 perdere.
604 3349 714 3428 Atque
736 3346 791 3410 hic
815 3345 1010 3428 praecipuus
1030 3355 1080 3409 585
1097 3354 1229 3411 5585155
1281 3348 1350 3411 8158
1382 3347 1577 3428 bonitatem,
1613 3370 1678 3432 qua
1709 3371 1769 3414 558
1801 3352 1835 3414 15
1868 3349 2001 3416 Christo
2033 3353 2261 3434 complectitur

248 3435 478 3516 disputationis
496 3432 603 3499 cardo.
648 3432 736 3496 Nam
754 3430 795 3495 de
812 3431 972 3514 principio
988 3432 1228 3498 iustificationis
1280 3440 1386 3516 pater:
1416 3433 1495 3497 duur
1522 3436 1710 3500 innocentia
1730 3435 1857 3500 Christi
1886 3457 1945 3500 nos
1973 3436 2097 3515 induit,
2126 3435 2261 3520 5515155

247 3521 332 3585 nihil
355 3522 443 3584 inter
469 3541 529 3584 nos
551 3525 585 3583 et
607 3519 751 3582 sa'niores
774 3515 994 3583 scholasticos
1015 3538 1145 3601 pugnae
1167 3527 1226 3595 est,
1271 3519 1344 3600 ‚fert
1370 3517 1461 3582 nobis
1484 3529 1664 3603 acceptam,
1693 3530 1731 3585 ut
1759 3523 1829 3586 eius
1857 3523 2014 3587 beneficio
2039 3545 2101 3607 pro
2129 3524 2258 3600 sanctis,

247 3607 326 3689 quin
348 3613 498 3688 peccator
520 3606 663 3689 gratuito
684 3624 705 3668 a
723 3603 933 3667 damnatione
955 3604 1112 3669 liberatus
1133 3605 1227 3670 iusti·
1279 3605 1372 3687 puris
1400 3614 1433 3668 et
1462 3607 1690 3672 innocentibus
1717 3627 1777 3671 558
1807 3609 1935 3673 habeat
1980 3608 2146 3673 Iustitiam
2171 3610 2259 3673 enim

247 3693 329 3756 tiam
351 3691 510 3765 obtineat,
538 3690 638 3774 idque
664 3711 724 3773 per
753 3688 978 3754 1511188155551
1004 3697 1227 3774 peccatorum
1280 3689 1405 3755 Christi
1424 3692 1522 3776 (quae
1544 3702 1582 3756 ut
1603 3714 1670 3757 una
1691 3695 1836 3776 perfecta
1858 3703 1916 3771 est,
1939 3695 1986 3758 ita
2008 3695 2077 3759 sola
2094 3695 2157 3757 Dei
2180 3713 2258 3758 oon·

246 3779 311 3843 nisi
343 3778 429 3860 quod
460 3777 510 3841 1111
542 3776 604 3842 855
637 3775 794 3843 vocabulo
823 3775 1061 3841 iustificationis
1089 3797 1227 3841 renova·
1280 3787 1428 3860 spectum
1446 3780 1607 3843 sustinere
1629 3781 1751 3863 potest)
1774 3800 1833 3863 pro
1853 3780 1947 3845 nobis
1969 3779 2041 3845 sisti
2061 3786 2196 3863 oportet
2219 3800 2258 3844 ae

246 3866 370 3928 tionem
398 3862 695 3947 comprehendunt,
725 3881 791 3944 qua
817 3881 877 3943 per
903 3863 1056 3945 spiritum
1084 3862 1147 3926 Dei
1175 3884 1227 3926 15-
1279 3862 1399 3927 iudicio
1420 3867 1660 3946 repraesentari
1682 3865 1774 3930 velut
1795 3887 1990 3949 sponsorem
2028 3866 2102 3931 Hac
2122 3884 2183 3929 558
2204 3866 2258 3927 in-

247 3951 429 4015 formamur
467 3951 504 4014 in
542 3949 626 4032 legis
664 3947 891 4014 obedientiam.
945 3949 1111 4013 Iustitiam
1150 3969 1228 4012 1515
1280 3949 1395 4012 8515551
1429 3949 1596 4016 assiduam
1629 3960 1836 4034 peccatorum
1869 3953 2093 4018 remissionem
2125 3952 2160 4014 in
2192 3949 2259 4015 fide

246 4035 391 4100 hominis
419 4037 603 4119 mgenerati
630 4035 677 4100 sie
704 4034 901 4112 describunt,
930 4034 1017 4117 quod
1045 4034 1142 4097 home
1169 4055 1228 4116 per
1280 4032 1473 4099 obtinemus.
1517 4036 1628 4101 Η5158
1662 4039 1806 4119 puritate
1834 4038 1962 4104 15111555
1987 4045 2117 4102 5585155
2143 4036 2259 4101 8511158

246 4121 372 4188 Christi
395 4121 495 4186 tidem
516 4122 589 4187 Deo
611 4121 713 4186 semel
735 4120 978 4199 reconciliatus,
1006 4121 1100 4185 bonis
1121 4122 1228 4202 operi-
1280 4126 1315 4183 et
1335 4120 1616 4202 imperfectiorum
1634 4123 1863 4188 immunditiae
1879 4134 1950 4188 non·
1963 4126 2178 4207 imputantur,
2202 4121 2260 4188 sed

135 4222 139 4229 '
246 4207 308 4274 558
330 4209 437 4272 1585118
459 4215 633 4273 censeatur
655 4207 741 4289 apud
761 4206 887 4284 Deum,
921 4214 1089 4271 eteorum
1111 4207 1227 4270 merito
1280 4204 1372 4272 velut
1392 4208 1539 4290 sepultae
1561 4218 1794 4294 contegtmtur,
1816 4231 1859 4274 ne
1879 4212 1913 4274 in
1936 4210 2094 4276 iudicium
2113 4208 2181 4274 Dei
2202 4230 2259 4276 15-

246 4296 290 4361 815
323 4302 484 4377 acceptus.
540 4295 668 4358 Verum
700 4292 864 4356 Dominus
897 4299 1025 4370 contra,
1060 4313 1095 4356 85
1128 4291 1228 4355 fidem
1279 4292 1389 4370 51555;
1418 4292 1520 4360 donec
1548 4295 1629 4360 hora
1655 4296 1821 4369 adveniat,
1850 4316 1914 4378 qua
1942 4297 2087 4362 55515555
2107 4297 2145 4360 15
2166 4295 2259 4361 55518

245 4381 426 4464 imputasse
457 4379 612 4446 Abrahae
639 4381 675 4442 in
705 4379 865 4442 iustitiam
896 4378 1089 4459 pronuntiat
1116 4377 1227 4462 (Rom
1280 4399 1319 4443 ac
1339 4377 1446 4461 1111555
1475 4383 1634 4447 exstineto
1666 4383 1770 4448 veteri
1805 4382 1950 4459 homine,
1985 4382 2101 4448 (1111115
2133 4383 2259 4447 bonitas

245 4472 276 4547 4,
302 4467 371 4552 13),
401 4489 469 4531 555
491 4488 529 4531 eo
552 4474 698 4548 tempore
723 4484 787 4544 quo
808 4462 904 4526 idelis
925 4462 1032 4529 adhuc
1054 4464 1226 4541 serviebat,
1279 4485 1340 4530 558
1373 4466 1409 4528 111
1441 4466 1572 4532 beatam
1604 4490 1720 4551 pacem
1752 4488 1827 4532 cum
1855 4490 1940 4534 5515
1967 4467 2078 4533 Adam
2109 4470 2258 4551 reeipiet;

245 4554 304 4619 sed
332 4575 433 4636 quum
462 4550 577 4617 multis
605 4553 671 4616 iam
698 4550 794 4614 annis
815 4549 902 4613 vitae
924 4551 1098 4614 sanctitate
1120 4551 1227 4615 51551-
1280 4549 1336 4615 551
1358 4550 1445 4616 diem
1467 4553 1605 4618 Domini
1626 4562 1860 4638 exspectemus,
1884 4576 1948 4637 quo
1969 4555 2005 4618 in
2027 4554 2167 4638 gloriam
2189 4574 2259 4618 555-

245 4638 369 4704 luisset.
405 4640 476 4704 Diu
493 4660 571 4723 ergo
594 4637 741 4702 coluerat
759 4634 929 4699 Abraham
951 4635 1062 4700 Deum
1081 4659 1123 4701 51
1144 4657 1227 4719 puro
1280 4636 1371 4702 lestis
1392 4641 1502 4723 regni,
1533 4643 1672 4723 receptis
1698 4641 1895 4723 incorruptis
1916 4641 2120 4724 corporibus,
2151 4649 2259 4705 trans·

245 4726 358 4805 corde,
389 4734 422 4790 et
451 4747 525 4790 eam
552 4725 634 4808 legis
662 4721 881 4786 obedientiam
906 4724 1117 4803 praestiterat
1145 4743 1228 4805 quae
1280 4723 1433 4788 feramur.

247 4812 287 4876 ab
321 4813 454 4875 homine
482 4811 612 4875 mortali
644 4809 804 4892 praestari
836 4816 956 4891 potest3
990 4809 1090 4874 habet
1116 4816 1227 4873 tamen
1369 4814 1416 4874 13.
1461 4812 1553 4877 Haec
1571 4814 1599 4877 si
1616 4820 1797 4891 15158555
1816 4813 2013 4878 5511555155
2031 4821 2146 4878 558515
2163 4832 2260 4895 opera

247 4896 355 4960 adhuc
373 4898 548 4978 repositam
567 4899 601 4960 in
620 4895 685 4960 fide
701 4895 868 4959 iustitiam.
914 4895 1012 4960 Unde
1034 4895 1226 4979 colligimus,
1279 4916 1339 4960 558
1357 4918 1399 4960 51
1415 4918 1451 4961 85
1467 4899 1540 4962 Deo
1557 4907 1704 4980 acceptos
1722 4899 1948 4982 gratiososque
1965 4898 2103 4964 reddam
2121 4905 2259 4983 queunt3

247 4981 427 5046 secuudum
449 4983 547 5047 Pauli
574 4980 871 5060 ratiocinationem,
901 5002 969 5046 non
997 5003 1039 5046 51
1065 4981 1226 5063 operibus.
1280 5003 1318 5046 ae
1346 5003 1388 5046 ne
1416 4984 1489 5064 ipsa
1519 4983 1650 5065 quidem
1681 4983 1824 5065 plaeere,
1858 4986 1922 5049 5181
1955 4993 2119 5067 quatenus
2152 4986 2258 5063 homo,

248 5063 410 5132 Similiter
429 5089 530 5152 quum
551 5066 639 5151 apud
660 5065 856 5150 prophetam
873 5067 974 5151 (1155.
995 5070 1024 5145 2,
1043 5067 1226 5149 4111151551,
1279 5067 1404 5132 iustitia
1421 5069 1546 5132 Christi
1564 5078 1706 5151 opertus,
1728 5067 1802 5133 Deo
1820 5071 1936 5153 placet,
1959 5078 1993 5136 et
2010 5071 2168 5136 1151515111
2184 5093 2259 5136 855-

247 5151 354 5216 iustus
376 5177 418 5218 51
439 5153 504 5218 fide
527 5155 629 5218 111551
660 5173 725 5216 555
753 5150 793 5215 de
815 5154 925 5235 impiis
947 5133 1145 5235 et⁸prefanis
1168 5154 1227 5218 ha·
1279 5174 1355 5217 rum
1375 5153 1601 5218 remissionem
1621 5155 1754 5220 5551555.
1800 5156 1874 5222 Non
1895 5159 1979 5222 euim
1997 5159 2090 5223 551518
2116 5159 2261 5239 operibat

248 5239 345 5304 55551
366 5260 488 5317 851155,
517 5261 598 5322 1558
619 5238 783 5303 Dominus
810 5237 853 5301 ad
879 5237 980 5303 fidem
1007 5237 1227 5304 convertendo
1275 5240 1424 5320 1115151115
1444 5238 1534 5304 Dee
1553 5241 1634 5305 citae
1654 5240 1837 5321 mercedem,
1858 5244 1914 5309 sed
1933 5247 2056 5309 15115115(
2072 5245 2261 5324 1151111515(
