4672 5842
216 324 281 388 sao
564 321 655 388 nm.
679 322 741 387 rv.
784 318 1294 388 111111111111111
1317 321 1383 386 sn
1404 320 1634 388 1111111.
1681 319 1883 403 11111.
2124 370 2131 381 .
2168 334 2234 399 330

216 512 354 577 stasium
377 520 411 575 et
432 511 610 596 Oyriacum
633 510 1043 593 Constantinopolitanum,
1067 519 1100 576 et
1122 507 1199 576 alibi
1251 510 1350 574 Multi
1377 531 1473 594 saepe
1500 532 1673 575 romanum
1695 501 1883 592 poniificem
1913 516 2133 597 appellarunt;
2163 520 2234 602 ipse

217 597 260 662 ad
281 617 395 663 omnes
416 597 513 662 simul
536 597 749 680 patriarchas.
767 597 791 679 ¹)
1252 616 1379 679 quoquc
1409 618 1584 661 causarum
1610 596 1831 680 cognitionem
1853 599 1895 663 ad
1917 621 1952 665 sc
1981 602 2113 667 trahere
2135 626 2233 671 oona-

304 688 332 747 7.
378 681 573 766 Sequuntur
594 682 834 747 admonitiones
855 682 908 748 vel
930 703 1102 762 censurae,
1125 685 1198 765 qui·
1250 689 1305 747 tus
1327 690 1389 748 est:
1418 681 1475 748 sed
1498 703 1627 766 semper
1648 684 1711 747 fuit
1735 681 1876 762 derisus,
1906 688 2031 768 quoties
2053 710 2128 754 suos
2149 691 2233 757 fines

215 769 278 834 bus
311 777 350 835 ut
377 770 456 833 olim
484 770 537 835 usi
567 776 647 834 sunt
673 770 802 832 romani
830 770 972 851 episcopi
999 791 1079 853 erga
1106 768 1196 847 alios,
1251 769 1399 833 excessit.
1444 768 1537 833 Nihil
1560 768 1667 835 dicam
1688 769 1729 834 dc
1755 770 1882 834 oriente
1911 780 1970 836 aut
1992 772 2147 854 Graecia;
2174 776 2233 842 sed

216 856 264 919 sio
297 877 353 920 eas
380 855 527 921 vicissim
565 854 780 938 pertulerunt.
836 855 995 920 Irenaeus
1026 856 1198 919 Victorem
1250 861 1379 920 constat
1410 854 1540 919 Galliae
1578 856 1745 938 episcopos
1777 856 1904 921 fortiter
1936 859 2103 938 restitisse,
2128 882 2233 943 quum

216 943 363 1024 graviter
389 943 562 1024 corripuit,
591 939 678 1023 quod
699 947 822 1005 temere
844 941 885 1006 ob
910 963 980 1006 rem
1002 941 1101 1005 nihili
1122 962 1197 1023 per·
1251 939 1312 1004 sibi
1341 942 1514 1022 imperium
1541 941 1577 1004 in
1599 963 1654 1006 eos
1684 963 1812 1006 sumere
1834 943 2010 1009 videretur.
2055 945 2098 1010 In
2118 948 2234 1014 Africa

215 1028 338 1092 nicioso
360 1026 493 1092 dissidio
516 1028 664 1093 turbaret
682 1026 860 1092 ecclesiam.
905 1028 1024 1091 Paruit
1042 1028 1106 1105 illo,
1130 1048 1198 1090 non
1251 1025 1307 1090 diu
1329 1028 1392 1090 fuit
1413 1026 1453 1091 do
1480 1048 1519 1090 ea
1545 1047 1581 1090 re
1608 1027 1832 1109 disceptatum.
1877 1029 1963 1093 Nam
1990 1052 2091 1112 quum
2113 1033 2147 1096 in
2169 1035 2232 1098 mi·

216 1113 415 1179 reclamavit.
466 1115 518 1178 Ea
550 1114 684 1179 libertas
717 1121 796 1178 tunc
828 1113 950 1178 usitata
981 1114 1044 1179 fuit
1076 1113 1198 1178 sanctis
1250 1112 1394 1177 levitano
1417 1112 1559 1189 concilia,
1583 1112 1639 1177 uhi
1662 1112 1776 1177 aderat
1797 1115 2020 1198 Augustinus,
2043 1139 2232 1184 excommu-

218 1200 393 1282 episcopis,
421 1207 460 1262 ut
485 1201 629 1264 fraterno
657 1200 728 1263 iure
755 1205 930 1263 uterentur
957 1200 994 1263 in
1023 1219 1198 1263 romanum
1250 1199 1350 1264 niceti
1377 1205 1487 1264 essent
1513 1200 1568 1280 qui
1602 1207 1816 1281 provocarent
1844 1201 1933 1265 ultra
1958 1224 2066 1282 mare,
2097 1213 2231 1271 conchis

213 1285 410 1368 praesulem,
434 1284 640 1350 admonendo
658 1292 691 1348 et
707 1284 907 1369 castigando,
930 1286 959 1350 si
976 1285 1105 1368 quando
1122 1307 1197 1367 pec·
1250 1291 1301 1349 est
1322 1305 1476 1349 romanus
1497 1285 1645 1367 pontifex
1667 1285 1795 1350 efficere
1822 1293 1860 1350 11
1885 1286 1921 1350 id
1942 1287 2110 1354 decretum
2130 1291 2231 1355 corri-

215 1379 314 1437 caret.
350 1372 413 1436 Ille
435 1372 589 1446 vicissim,
612 1372 670 1436 ubi
691 1392 744 1435 res
765 1371 960 1453 postulabat,
984 1371 1197 1435 1111111111-
1250 1378 1391 1454 geretur.
1436 1372 1581 1454 Legatos
1609 1372 1699 1436 misit
1720 1372 1775 1454 qui
1802 1372 1837 1436 id
1865 1374 2029 1457 privilegii
2053 1376 2114 1440 sibi
2137 1398 2157 1440 a
2178 1377 2230 1440 ni·

214 1458 314 1523 nebat
345 1458 457 1535 officii,
498 1465 531 1521 et
558 1455 686 1540 siquid
718 1467 790 1521 erat
821 1457 894 1523 vitii
927 1457 1195 1540 reprehendebat.
1251 1477 1350 1523 caeno
1373 1457 1509 1522 concilio
1532 1454 1646 1520 datum
1667 1479 1737 1522 esse
1759 1458 1976 1524 ostenderent.
2013 1461 2232 1527 Profercbant

215 1545 303 1609 Nam
330 1543 568 1627 (1111111111)
600 1564 704 1625 quum
737 1540 944 1625 Stephanum
975 1544 1128 1608 hortatur
1160 1550 1198 1607 ut
1249 1543 1349 1626 legati
1378 1551 1452 1608 acta
1478 1544 1605 1608 nicaeni
1628 1544 1771 1622 concilii,
1806 1565 1889 1626 quae
1911 1567 1953 1609 ex
1976 1546 2130 1611 ecclesiae
2152 1569 2231 1615 suae

215 1637 348 1695 moneat
376 1629 506 1695 Galliae
534 1630 713 1711 episcopos,
742 1651 809 1693 non
837 1631 938 1694 sumit
964 1637 1197 1713 argumentum
1250 1631 1391 1693 armario
1424 1634 1640 1710 sumpserant.
1689 1630 1897 1694 Restiterunt
1930 1632 2092 1711 Africani,
2128 1654 2230 1716 nega-

216 1739 258 1782 111
285 1715 437 1799 ampliori
463 1722 640 1798 potestate,
675 1714 733 1778 sed
760 1736 802 1778 111
830 1717 995 1780 communi
1016 1717 1089 1780 iure
1109 1714 1197 1797 quod
1249 1723 1392 1796 runtque
1416 1715 1515 1779 fidem
1542 1735 1678 1778 romano
1706 1716 1856 1798 episcopo
1884 1717 2069 1782 habendam
2096 1720 2230 1783 esseio

215 1801 339 1868 habent
360 1802 448 1866 inter
470 1823 505 1867 se
528 1800 720 1866 sacerdotes.
749 1800 891 1881 QuaesO,
915 1803 942 1865 si
966 1801 1096 1866 Galliae
1118 1810 1197 1866 tunc
1250 1821 1347 1865 causa
1373 1802 1517 1883 propria;
1545 1800 1681 1883 proinde
1708 1822 1744 1865 se
1771 1801 2090 1887 Constantinopolim
2111 1805 2230 1870 missu·

214 1888 411 1972 praefuisset
433 1886 637 1969 Stephanus,
661 1907 772 1951 annon
794 1885 1036 1953 dicturuserat
1056 1885 1197 1971 Cypria·
1249 1908 1303 1951 ros
1325 1886 1415 1950 etin
1438 1887 1519 1950 alias
1542 1887 1701 1951 Graeciae
1723 1888 1836 1965 urbes,
1866 1887 1923 1952 ubi
1945 1890 2146 1972 exemplaria
2166 1891 2230 1954 mi·

215 1996 295 2039 nus:
319 1995 466 2039 coerceas
488 1975 582 2051 istos,
604 1974 681 2055 quia
701 1974 751 2036 tui
772 1971 873 2038 sunt?
902 1972 960 2037 sed
982 1973 1079 2056 longo
1102 1973 1198 2038 aliter
1249 1994 1312 2037 nus
1334 1981 1486 2053 suspecta
1508 1973 1717 2037 haberentur.
1747 1971 1962 2055 Compertum
1984 1976 2140 2040 estnihil
2161 1976 2230 2043 illio

214 2061 367 2143 loquitur.
413 2060 487 2125 Hoc
514 2061 674 2138 fraterna,
697 2060 818 2140 inquit,
841 2060 994 2136 societas,
1024 2060 1198 2140 quainter
1250 2058 1315 2123 tale
1342 2060 1501 2140 scriptum
1527 2058 1622 2140 quale
1651 2058 1865 2123 obtenderent
1891 2061 2043 2125 Romani.
2095 2061 2150 2126 Ita
2175 2084 2230 2127 ra-

214 2169 274 2211 nos
296 2146 440 2212 devincti
462 2166 591 2222 sumus,
613 2146 766 2227 requirit,
796 2153 834 2207 ut
859 2151 976 2208 mutuo
995 2165 1195 2209 moneamus.
1250 2152 1320 2209 tum
1340 2144 1401 2208 fuit
1423 2143 1591 2209 decretum
1610 2142 1693 2208 illud
1714 2144 1803 2225 quod
1820 2167 1955 2210 romano
1976 2148 2122 2228 pontifici
2140 2169 2229 2213 sum·

214 2235 260 2298 Et
282 2232 434 2297 videmus
460 2233 561 2296 etiam
588 2237 713 2313 quauta
740 2231 916 2296 verborum
942 2229 1117 2294 acerbitate
1144 2231 1198 2295 vir
1249 2252 1338 2296 mam
1359 2231 1578 2314 cognitionem
1601 2231 1824 2313 abrogaverat.
1856 2230 1931 2311 Qua
1952 2233 1989 2295 in
2010 2254 2046 2296 11
2067 2234 2231 2316 flagitiosa

215 2320 333 2401 alioqui
360 2319 526 2383 mansueti
554 2317 679 2400 ingenii
694 2318 739 2380 'in
767 2318 875 2398 ipsum
904 2314 1113 2399 Stephanum
1146 2318 1197 2380 in·
1249 2317 1352 2399 ipsius
1374 2318 1503 2381 romani
1524 2317 1688 2397 pontificis
1709 2316 1914 2398 impudentia
1936 2320 2098 2401 apparuit.
2141 2320 2229 2385 Nam

214 2405 370 2482 vehatur,
407 2404 464 2468 ubi
503 2404 602 2467 nimis
635 2424 711 2466 eum
743 2402 939 2467 insolescere
972 2403 1148 2466 existimat.
1166 2403 1195 2484 Β1
1249 2424 1350 2485 quum
1366 2401 1480 2467 fraude
1499 2401 2228 2488 111111111111111111111111111111111-

214 2492 305 2574 argo
322 2489 384 2554 hac
401 2490 501 2555 etiam
522 2490 559 2552 in
578 2496 671 2572 parte
689 2486 835 2553 nondum
853 2496 996 2570 apparet,
1015 2488 1084 2552 ulla
1099 2489 1196 2554 iuris·
1248 2489 1416 2571 posuisset,
1440 2489 1579 2570 turpiter
1600 2491 1635 2551 in
1656 2488 1831 2553 manifesta
1847 2490 1988 2554 falsitate
2007 2490 2229 2573 deprehensus

215 2577 356 2643 dictione
383 2576 569 2658 praeditum
597 2575 698 2639 fuisse
725 2595 900 2639 romanum
929 2576 1117 2657 episcopum
1139 2573 1196 2639 ad·
1248 2575 1318 2638 fuit.
1365 2572 1433 2639 Sed
1453 2576 1559 2638 maior
1579 2575 1759 2638 etiamnum
1782 2597 1819 2639 ac
1845 2576 2069 2657 impudentior
2089 2577 2152 2640 fuit
2175 2599 2229 2642 eo-

214 2684 330 2728 vorsus
352 2663 485 2744 eosqui
507 2661 794 2743 suaeprovinoiae
816 2669 1021 2724 nonessent.
1248 2682 1322 2724 rum
1354 2661 1499 2742 nequitia
1525 2661 1581 2742 qui
1607 2661 1756 2725 fictitiam
1784 2661 1955 2743 epistolam
1984 2661 2026 2725 ad
2054 2663 2229 2728 concilium

299 2753 327 2813 8.
373 2747 546 2829 Quantum
569 2747 611 2810 ad
628 2746 770 2832 synodos
788 2746 1022 2824 convocandas,
1041 2746 1104 2811 hoc
1124 2754 1198 2811 erat
1248 2745 1548 2828 addideruntque
1575 2748 1684 2812 nescio
1711 2748 2229 2831 quisepiscopuscarthaginon·

212 2836 439 2918 metropclitac
462 2835 618 2916 11111111
637 2834 789 2911 officium,
811 2839 850 2896 ut
870 2832 1104 2916 provincialem
1116 2854 1197 2915 syn·
1248 2834 1307 2911 sis,
1342 2832 1472 2897 Aurelii
1503 2832 1681 2897 decessoris
1711 2834 1761 2897 sui
1800 2834 2024 2917 arrogantiam
2056 2831 2227 2913 damnem,

212 2920 311 2986 odum
346 2922 439 2986 statis
468 2918 669 3002 temporibus
703 2926 844 3002 cogeret.
899 2918 972 2983 Illic
1001 2918 1085 2982 nihil
1111 2920 1196 2984 iuris
1246 2918 1334 3001 quod
1364 2939 1384 2981 a
1415 2918 1502 2983 sodis
1539 2919 1731 3000 apostolicae
1758 2918 1942 2985 obedientia
1973 2918 2153 2985 subducere
2192 2940 2228 2986 se

214 3006 330 3072 habuit
357 3027 512 3071 romanus
539 3006 719 3089 episcopus.
764 3003 959 3071 Universale
985 3012 1096 3069 autem
1118 3026 1196 3070 oon·
1247 3026 1347 3069 ausus
1369 3012 1463 3081 esset,
1486 3025 1524 3069 ac
1545 3005 1595 3068 sui
1618 3026 1760 3088 suaeque
1781 3006 1936 3070 ecclesiae
1958 3004 2157 3070 deditionem
2178 3006 2227 3070 fa·

214 3093 327 3157 cilium
357 3091 501 3157 indicere
534 3091 622 3157 solus
656 3093 835 3173 imperator
863 3097 999 3173 poterat
1052 3088 1092 3154 Si
1120 3093 1195 3172 quis
1246 3093 1335 3156 ciens
1356 3091 1547 3173 suppliciter
1567 3092 1699 3155 veniam
1720 3100 1880 3173 precatur.
1915 3092 2007 3157 Haec
2029 3100 2225 3175 11111111-

214 3179 303 3243 enim
330 3178 555 3260 episcoporum
583 3177 644 3242 hoc
672 3184 847 3255 tentasset,
875 3197 942 3240 non
972 3177 1069 3240 modo
1097 3198 1193 3242 voca·
1246 3178 1301 3261 gia
1328 3178 1501 3243 vetustatis
1529 3184 1757 3255 monumenta,
1790 3179 1907 3259 quibus
1932 3176 2068 3242 fundate
2095 3183 2147 3241 est
2172 3199 2225 3241 ro·

214 3264 296 3328 tioni
323 3283 391 3327 non
422 3264 609 3346 paruissent
636 3264 693 3345 qui
726 3271 821 3327 extra
853 3264 1056 3345 provinciam
1089 3269 1192 3343 erant,
1245 3284 1363 3328 manae
1383 3261 1470 3328 sedis
1491 3263 1658 3328 maiestas:
1688 3262 1766 3327 dum
1787 3264 1835 3328 ita
1854 3263 2027 3345 pueriliter
2047 3264 2108 3328 sub
2130 3283 2225 3345 prae·

213 3349 272 3415 sed
294 3348 456 3413 tumultus
476 3350 590 3413 statim
611 3356 745 3413 exortus
765 3357 860 3414 esset.
904 3349 995 3432 Ergo
1016 3348 1195 3431 imperator
1246 3357 1341 3413 textu
1368 3349 1572 3432 antiquitatis
1593 3350 1817 3427 mentiuntur,
1846 3357 1884 3413 ut
1905 3350 1958 3414 vel
1981 3350 2068 3414 caeci
2089 3349 2226 3431 palpare

213 3434 364 3500 omnibus
386 3456 428 3498 ex
449 3455 550 3517 aequo
571 3443 610 3498 ut
632 3434 783 3500 adessent
809 3433 1031 3499 denuntiabat.
1077 3436 1194 3500 Refert
1244 3443 1374 3517 queant.
1419 3435 1589 3511 Aurelius,
1610 3435 1733 3518 inquit,
1756 3434 1916 3501 diabolica
1937 3434 2073 3500 audacia
2094 3443 2128 3498 et
2147 3455 2227 3499 con-

213 3518 346 3605 quidem
367 3518 519 3586 Socrates
545 3521 669 3585 Iulium
696 3542 771 3585 cum
797 3520 1010 3585 orientalibus
1034 3522 1193 3604 episcopis
1244 3522 1390 3586 tumaoia
1410 3521 1526 3597 elatus,
1540 3520 1674 3587 Christo
1697 3528 1731 3586 et
1747 3528 1860 3588 sancto
1881 3522 1983 3585 Petro
2000 3521 2131 3586 rebellis
2148 3520 2223 3586 fuit:

210 3605 435 3690 expostulasse
456 3606 542 3688 quod
564 3628 598 3671 11
621 3606 663 3671 ad
684 3606 848 3691 synodum
873 3607 1103 3672 antiochenam
1124 3629 1192 3672 non
1244 3607 1382 3690 proinde
1404 3607 1613 3672 anathemate
1636 3606 1851 3673 damnandus.
1883 3605 1971 3687 Quid
1992 3605 2223 3697 Augustinus?

210 3698 398 3770 vocassent,
426 3713 527 3773 quum
555 3693 694 3757 vetitum
715 3701 802 3759 esset
830 3692 1011 3759 canonibus
1039 3693 1109 3758 sine
1139 3715 1192 3757 ro·
1244 3693 1334 3774 Quid
1350 3714 1434 3759 'vero
1461 3700 1510 3757 tot
1531 3700 1641 3776 patres
1664 3695 1722 3777 qui
1743 3694 1935 3759 milevitano
1963 3693 2099 3758 concilio
2120 3692 2224 3754 inter·

209 3780 301 3846 mani
329 3777 494 3862 pontificis
521 3779 721 3844 conscientia
748 3778 915 3861 quidpiam
938 3777 1077 3842 decerni.
1123 3777 1192 3844 Sed
1242 3778 1400 3845 fuerunt?
1445 3777 1514 3845 Sed
1542 3780 1620 3862 quid
1648 3801 1729 3862 opus
1757 3787 1807 3844 est
1834 3778 1995 3843 insulsum
2016 3774 2100 3840 illud
2121 3776 2224 3857 serip-

209 3867 281 3950 quis
311 3885 378 3928 non
406 3862 498 3928 videt
530 3864 592 3927 hoc
624 3864 665 3928 de
698 3866 738 3930 iis
771 3865 910 3931 decretis
938 3864 1192 3947 intelligendum
1244 3873 1315 3930 tum
1343 3865 1456 3931 multis
1481 3865 1590 3929 verbis
1618 3865 1781 3942 refellere,
1816 3864 1901 3947 quod
1930 3884 1972 3926 ne
2000 3863 2062 3944 ipsi
2091 3858 2225 3942 quidem

209 3973 293 4035 quae
316 3952 505 4015 universam
527 3950 697 4015 ecclesiam
719 3950 949 4036 obstringrmt?
983 3950 1088 4015 Porro
1106 3951 1191 4015 nihil
1242 3954 1486 4029 Romanenses,
1509 3952 1538 4016 11
1561 3951 1638 4032 quid
1660 3952 1776 4015 frontis
1802 3950 1925 4014 habent
1945 3947 2122 4030 reliquum,
2152 3947 2225 4012 sine

209 4040 332 4103 mirum
355 4038 383 4102 si
406 4057 482 4102 oum
504 4037 595 4101 urbis
619 4037 804 4119 antiquitati
822 4048 855 4102 et
876 4037 1094 4121 amplitudini,
1117 4045 1190 4102 tum
1244 4059 1363 4122 magno
1385 4037 1509 4120 pudore
1531 4037 1691 4117 inspicere
1711 4035 1859 4117 possint?
1906 4032 1963 4099 Sic
1985 4033 2177 4112 Gratianus,
2196 4032 2222 4116 ¹)

209 4124 295 4190 sedis
318 4122 472 4207 dignitati
493 4121 527 4185 id
545 4119 651 4199 datur,
673 4142 717 4185 ne
736 4123 870 4188 absente
886 4143 1021 4189 romano
1039 4125 1189 4207 episcopo
1241 4126 1409 4189 malitiane
1431 4145 1475 4188 an
1497 4123 1629 4186 inscitia
1650 4122 1775 4200 nescio,
1797 4121 1854 4185 ubi
1877 4119 2045 4185 decretum
2066 4121 2149 4184 illud
2171 4140 2223 4183 re-

208 4207 458 4276 universalc·de
479 4208 638 4291 religione
656 4207 823 4273 decretum
844 4210 912 4289 fiat,
935 4212 963 4274 si
984 4210 1115 4294 quidem
1136 4210 1189 4274 in·
1241 4211 1328 4289 tulit,
1350 4216 1389 4275 ut
1411 4208 1637 4272 communione
1658 4209 1830 4288 priventur
1851 4207 1908 4289 qui
1926 4215 2020 4271 trans
2038 4228 2130 4271 mare
2147 4225 2223 4286 pro·

209 4308 331 4361 teresse
364 4315 432 4359 non
465 4301 602 4359 recuset.
648 4294 776 4357 Verum
808 4294 885 4376 quid
918 4296 980 4361 hoc
1012 4297 1053 4361 ad
1085 4297 1189 4361 totius
1240 4296 1445 4372 vocaverint,
1476 4293 1627 4376 adiungit
1656 4293 1894 4376 exceptionem,
1917 4294 1982 4357 nisi
2004 4294 2087 4356 forte
2114 4311 2222 4355 roma-

209 4382 363 4448 ecclesiae
391 4378 595 4445 dominium?
641 4379 755 4462 Neque
783 4381 871 4444 11111
896 4403 1001 4446 unum
1030 4404 1072 4447 ex
1093 4403 1188 4463 prae-
1240 4403 1319 4446 nam
1345 4379 1456 4447 sedem
1483 4379 1689 4462 appellarint.
1741 4378 1831 4459 Quid
1864 4380 1964 4444 facias
1996 4379 2068 4443 istis
2096 4375 2219 4455 bestiis,

209 4469 313 4551 cipuis
338 4467 439 4532 fuisse
459 4487 634 4550 negamus:
664 4464 721 4530 sed
748 4465 892 4547 recipere
915 4468 1077 4546 nolumus,
1101 4465 1189 4549 quod
1239 4488 1321 4550 quae
1343 4467 1423 4532 adeo
1443 4488 1543 4531 sensu
1564 4466 1730 4531 communi
1751 4473 1881 4544 carent,
1908 4474 1946 4529 ut
1971 4463 2053 4528 illud
2074 4483 2179 4528 unum
2198 4481 2221 4525 a

208 4574 298 4619 nunc
326 4552 529 4619 contendunt
556 4552 798 4630 Romanenses,
828 4551 986 4618 *habuisse
1012 4555 1048 4617 in
1075 4574 1188 4618 omnes
1239 4554 1312 4638 lege
1332 4555 1498 4635 excipiant
1518 4555 1611 4618 ouius
1632 4572 1731 4616 causa
1750 4552 1857 4634 legem
1875 4572 1945 4617 esse
1963 4551 2104 4634 positam
2120 4567 2219 4612 nemo

208 4638 392 4722 imperium.
1239 4661 1305 4704 non
1327 4638 1437 4705 videt?
1466 4638 1637 4720 Siquidem
1654 4638 1834 4717 concilium,
1857 4660 1958 4721 quum
1980 4635 2219 4701 transmarinas

296 4730 325 4788 9.
370 4723 529 4807 Superest
548 4732 665 4807 quarta
686 4724 810 4807 species
826 4724 1007 4807 potestatis,
1025 4745 1109 4806 quac
1131 4744 1188 4805 ap·
1241 4727 1474 4810 appellationes
1496 4725 1647 4802 damnat,
1671 4724 1733 4790 hoc
1755 4731 1884 4788 tantum
1905 4723 2057 4807 prohibet
2079 4742 2122 4785 ne
2144 4720 2218 4804 quis
2306 4734 2307 4738 ’

208 4810 437 4893 pellationibus
476 4818 612 4878 constat.
668 4808 845 4875 Summum
881 4809 1057 4892 imperium
1087 4830 1188 4891 penes
1240 4813 1383 4878 Romam
1409 4817 1571 4894 provocet.
1619 4810 1686 4876 Η11
1713 4810 1817 4875 bonus
1843 4811 2004 4893 interpres
2032 4809 2175 4872 Romam
2196 4826 2218 4870 a

209 4917 286 4960 1111
328 4917 397 4961 esse
430 4905 557 4964 constat
590 4897 632 4961 ad
671 4899 764 4962 cuius
797 4895 943 4962 tribunal
980 4903 1186 4977 provocatur.
1241 4898 1406 4964 communi
1426 4897 1499 4981 lege
1522 4896 1651 4978 excipit.

1330 4988 1377 5049 10.
1422 4984 1550 5047 Verum
1572 4981 1626 5065 (ut
1648 4982 1747 5046 semel
1769 4981 1994 5063 quaestionem
2016 4981 2102 5046 hanc
2124 4979 2218 5045 finia-

277 5187 307 5256 ¹l
325 5189 400 5241 Libr-
421 5188 444 5239 1·
464 5189 542 5255 erist·
561 5185 597 5238 24
616 5187 709 5250 aaa
728 5189 873 5242 1111111.
892 5187 916 5241 a
936 5188 1015 5256 epist.
1035 5184 1093 5238 111.
1158 5185 1188 5252 2)
1276 5161 1290 5165 '⁴

207 5256 355 5325 apaan.
376 5254 481 5309 1113·
545 5253 817 5326 31111Ρο11111
836 5263 932 5311 anta
949 5256 1028 5326 eric.
1048 5255 1186 5324 sapiant
1309 5256 1495 5325 1111111.
1514 5254 1538 5308 4.
1557 5272 1614 5324 oap-
1633 5256 1747 5309 11111.
