4672 5842
154 308 220 367 uie
459 338 462 343 ·
804 298 1070 369 INSTITU'HO
1091 303 1197 369 REL.
1220 295 1401 364 olimst.
1427 300 1520 364 1559.
2108 299 2175 361 916

159 491 391 572 unusquisque.
438 487 570 550 Tertius
593 507 721 569 queque
749 488 907 553 similiter.
949 491 1026 555 Fiet
1048 493 1137 556 enirn
1190 510 1262 556 ram
1290 486 1354 552 Dei
1385 485 1556 563 tribunali,
1584 486 1655 549 eius
1677 486 1887 551 severitatem
1910 485 2090 551 miserabili
2115 485 2175 549 ha-

160 575 327 642 iuterdum
345 584 383 636 ut
408 572 508 649 bello,
537 572 588 637 vel
615 583 723 655 peste,
746 574 800 638 vel
823 575 1007 640 calamitate
1030 578 1139 660 ulique
1162 512 1166 649 l
1190 576 1261 640 bitu
1283 574 1459 657 deprecari,
1483 580 1554 636 tum
1572 573 1642 637 cius
1662 572 1787 655 gloriae
1808 573 1945 636 interest
1962 592 2001 637 ac
2022 572 2175 654 publicae

160 669 293 747 gentem
327 681 426 723 unam
459 661 622 740 percutiat
654 660 753 724 Deus.
804 661 844 724 In
878 661 940 728 hac
974 665 1139 729 communi
1192 660 1440 736 aedificationis,
1469 668 1539 722 tum
1569 659 1663 722 nobis
1686 680 1814 741 qnoque
1842 659 1921 741 ipsis
1948 658 2029 723 utile
2059 667 2112 722 est
2138 678 2176 722 ac

160 746 265 812 ferula
293 766 384 809 ream
410 766 444 809 sc
473 753 541 809 tota
568 744 660 826 plebs
681 746 779 810 iaciat
801 755 930 829 oportet
951 770 988 815 ae
1011 759 1139 814 reatum
1191 749 1343 814 salutare.
1388 747 1497 827 Atque
1527 742 1560 808 id
1589 744 1722 826 quidem
1750 746 1910 810 usitatum
1931 746 2033 809 fuisse
2057 745 2093 807 in
2117 765 2176 826 po-

182 835 363 897 rofiteatur.
416 829 454 895 si
483 852 579 912 quem
609 851 688 894 vero
714 833 881 912 privatum
903 835 1000 900 feriat
1020 857 1139 901 manus
1191 835 1269 918 pulo
1298 832 1488 908 israelitice,
1523 853 1564 895 ex
1592 831 1701 895 verbis
1729 831 1828 896 Ieelis
1851 832 1901 912 (2,
1935 831 1989 914 15)
2018 830 2176 913 colligere

159 854 307 996 bomini,
337 917 371 980 id
399 919 506 998 ipsum
535 918 632 981 faciat
652 916 706 981 vel
728 917 816 982 solus
838 920 890 983 vel
914 943 988 985 cum
1011 944 1069 986 suc
1091 924 1139 986 fa
1191 929 1378 1003 promptum
1407 927 1464 982 est.
1510 917 1597 981 Nam
1627 939 1728 999 quum
1753 916 1844 981 iubet
1870 917 1942 982 caui
1972 915 2068 993 tuba,
2098 938 2176 980 eon·

158 1006 260 1069 milia.
312 1003 352 1067 Id
386 1003 518 1085 quidem
550 1004 724 1085 praecipue
758 1005 859 1068 situm
893 1016 943 1071 cst
975 1008 1012 1071 in
1039 1010 1140 1072 animi
1193 1008 1302 1071 vocari
1324 1015 1461 1081 coetum,
1485 1003 1586 1068 indici
1609 1004 1782 1079 ieiunium,
1806 1013 1839 1066 11
1861 1024 2004 1084 eaquae
2028 1024 2175 1084 sequun-

160 1092 290 1156 affectu.
344 1087 411 1154 Sed
439 1089 528 1152 enim
556 1088 612 1151 ubi
642 1090 772 1153 animus
800 1091 943 1156 aflicitur
969 1102 1008 1158 ut
1034 1093 1138 1171 debet,
1192 1103 1262 1165 tur,
1296 1093 1440 1173 loquitur
1473 1099 1510 1153 ut
1544 1089 1584 1153 dc
1618 1088 1716 1154 rebus
1743 1090 1909 1154 communi
1935 1088 2175 1154 consuetudine

160 1178 232 1242 fieri
261 1178 318 1240 vix
345 1186 453 1257 potest
480 1174 561 1255 quin
588 1183 738 1257 erumpat
767 1177 801 1239 iu
829 1186 1000 1242 externam
1022 1182 1140 1245 testifi-
1192 1179 1339 1262 receptis.
1396 1177 1501 1240 Paulo
1534 1183 1610 1238 ante
1643 1174 1786 1245 dixerat.
1822 1175 1861 1239 de
1895 1175 2029 1257 flagitiis
2062 1175 2175 1257 populi

161 1265 339 1337 cationem,
358 1260 456 1342 idque
474 1269 545 1323 tum
565 1263 707 1325 maxime
725 1263 752 1324 si
771 1262 807 1324 iu
825 1284 1032 1329 communem
1051 1266 1140 1330 aedi·
1193 1266 1404 1327 constitutam
1432 1284 1502 1327 esse
1525 1261 1757 1343 quaestionem,
1781 1282 1818 1326 ac
1840 1262 1906 1325 iam
1928 1262 2105 1325 imminere
2127 1262 2175 1325 iu-

160 1350 346 1414 ficationem
374 1345 474 1419 cedit,
504 1356 541 1408 ut
571 1368 685 1410 omncs
706 1348 819 1425 simul,
851 1359 1019 1431 peccatum
1043 1373 1140 1416 sirum
1193 1351 1270 1415 dicii
1293 1350 1378 1413 diem
1401 1348 1626 1424 nuntiaverat,
1655 1368 1790 1429 reosque
1818 1349 1976 1412 citaverat
1998 1346 2040 1410 ad
2063 1345 2175 1412 dicen·

161 1435 270 1518 palam
292 1431 484 1503 confitendo,
513 1430 643 1497 laudem
666 1435 812 1498 iustitiae
840 1436 912 1499 Deo
936 1437 1084 1515 reddant,
1107 1448 1141 1501 et
1193 1436 1268 1500 dam
1307 1455 1456 1512 causam3
1490 1432 1608 1497 deinde
1638 1434 1835 1498 vociferatur
1863 1445 1899 1498 ut
1925 1443 2106 1516 properent
2134 1433 2174 1497 ad

162 1542 197 1586 se
219 1530 333 1583 mutuo
356 1518 478 1666 1111μί
500 1518 649 1599 exemplo
672 1540 732 1583 suo
754 1520 974 1587 cohortentur.
1193 1543 1324 1587 saccum
1346 1522 1553 1595 etcinerem,
1577 1519 1619 1583 ad
1640 1522 1753 1583 fletum
1776 1531 1809 1584 et
1831 1521 1998 1591 ieiunium,
2030 1519 2095 1583 hoc
2116 1529 2174 1596 est,

45 1603 48 1610 '
252 1609 299 1668 16.
344 1604 441 1668 Une
471 1603 645 1682 ieiunium,
674 1615 713 1667 ut
742 1615 792 1669 est
823 1608 955 1689 signum
986 1609 1141 1673 humilia·
1193 1617 1232 1672 ut
1263 1607 1408 1672 externis
1437 1628 1564 1688 quoque
1594 1607 1875 1670 testificationibus
1904 1627 1939 1669 se
1965 1625 2075 1670 coram
2106 1606 2174 1669 Do-

160 1692 270 1765 tionis,
293 1691 547 1771 frequentiorem
569 1711 667 1753 usum
696 1690 795 1754 babet
816 1693 850 1756 in
873 1695 1013 1776 publico,
1043 1716 1140 1777 quam
1193 1696 1284 1758 mino
1301 1701 1519 1776 prosternant.
1557 1691 1649 1755 Cirris
1667 1691 1798 1772 quidem
1817 1701 1850 1755 et
1871 1712 1984 1757 saccus
2007 1691 2073 1754 illis
2092 1692 2175 1755 forte

161 1778 249 1840 iuter
271 1775 420 1839 homines
442 1776 600 1856 privatos:
629 1787 797 1858 utcunque
826 1779 869 1842 sit
898 1789 1142 1859 commanent
1193 1780 1397 1862 temporibus
1424 1779 1530 1860 magis
1557 1777 1810 1855 coruveniebant;
1839 1778 1896 1842 sed
1923 1778 2117 1843 convocatio
2144 1790 2176 1841 et

161 1853 366 1926 dictumest.
404 1860 500 1941 Quod
519 1882 598 1944 ergo
621 1860 661 1924 ad
683 1862 889 1945 disciplinam
908 1865 948 1929 de
971 1889 1034 1950 qna
1052 1888 1142 1932 nunc
1193 1867 1292 1930 fletus
1323 1874 1357 1929 et
1384 1865 1556 1937 ieiunium,
1589 1876 1622 1927 et
1650 1885 1732 1946 quae
1761 1875 1838 1927 sunt
1865 1864 1918 1928 his
1945 1863 2085 1941 similia,
2110 1885 2173 1928 non

161 1956 341 2012 tractamus
363 1947 515 2029 pertinet,
538 1949 665 2028 quoties
684 1946 723 2011 de
742 1971 777 2012 re
796 1950 904 2032 aliqua
926 1975 1048 2036 magna
1070 1955 1142 2019 Deo
1195 1951 1329 2016 dubium
1358 1953 1435 2033 quin
1466 1950 1506 2014 ad
1532 1961 1678 2014 nestram
1708 1971 1835 2031 quoqne
1858 1958 1998 2014 aetatem
2023 1950 2176 2014 similiter

161 2033 413 2116 supplicandrun
440 2043 503 2108 est,
537 2033 695 2097 ieiunium
724 2057 790 2099 una
816 2059 891 2101 cum
920 2041 1065 2103 oratione
1091 2041 1142 2103 in·
1193 2040 1395 2120 pertineant,
1430 2037 1556 2118 quoties
1589 2037 1636 2099 ita
1667 2057 1778 2099 rerum
1811 2045 2001 2100 uestrarum
2031 2035 2175 2101 conditio

163 2118 270 2184 dicere
297 2118 476 2201 expediret.
522 2117 579 2183 Sic
600 2120 688 2201 (Act.
714 2126 767 2197 13,
791 2124 835 2205 3),
858 2144 958 2204 quum
981 2125 1086 2189 Paulo
1109 2137 1143 2189 et
1193 2125 1345 2206 postulat.
1392 2123 1477 2186 Nam
1507 2144 1606 2204 quum
1637 2132 1787 2186 sanctum
1818 2124 1861 2185 sit
1883 2122 2079 2186 exercitium
2103 2145 2175 2187 eum

161 2204 336 2270 Barnabae
358 2225 475 2267 manus
503 2206 677 2287 imponunt
700 2207 913 2287 Antiocheni‚
941 2232 1005 2291 quo
1028 2232 1142 2275 eorum
1195 2209 1237 2273 ad
1260 2208 1481 2273 humiliandos
1510 2208 1674 2279 homines,
1699 2219 1768 2270 tum
1792 2207 1833 2272 ad
1854 2207 2077 2273 humilitatem
2101 2230 2176 2273 cou-

162 2292 394 2364 ministerium,
417 2288 502 2371 quod
524 2292 609 2354 tanti
634 2294 793 2356 momenti
821 2303 901 2371 erat,
929 2297 1048 2361 melius
1071 2297 1143 2362 Deo
1167 2286 1170 2407 )
1197 2296 1367 2373 fiteudam,
1400 2315 1460 2359 eur
1492 2316 1529 2358 eo
1560 2295 1670 2357 miuus
1696 2308 1829 2357 utamur
1856 2315 1956 2376 quam
1983 2303 2116 2359 veteres
2142 2295 2181 2358 in-

162 2375 411 2450 commendeut,
447 2378 585 2440 crationi
620 2377 777 2441 ieiunium
813 2381 1027 2466 coniungunt.
1085 2382 1142 2448 Sic
1167 2428 1170 2477 ,
1195 2381 1294 2447 simili
1321 2380 1548 2461 necessitate?⁴
1585 2380 1744 2462 Legimus
1778 2382 1942 2445 ieiunasse
1975 2381 2011 2445 in
2041 2381 2176 2464 signum

163 2462 255 2546 (ibid.
290 2467 348 2538 14,
379 2461 435 2544 23)
466 2462 560 2526 ambo
593 2463 656 2544 ipsi
687 2473 807 2545 postca,
840 2487 941 2547 quum
974 2469 1142 2533 ministros
1167 2480 1169 2543 1
1194 2467 1378 2533 moestitiae
1399 2488 1465 2531 nen
1487 2466 1582 2530 modo
1604 2465 1811 2530 israeliticam
1834 2466 2006 2532 ecclesiam
2027 2467 2058 2549 (1
2084 2464 2175 2531 Sam.

161 2549 380 2698 puraeficereut
402 2547 559 2623 eeclesiis,
583 2548 669 2612 soliti
699 2559 776 2614 sunt
797 2573 891 2616 orare
913 2575 988 2617 curn
1011 2556 1140 2619 ieiunio.
1166 2558 1169 2635 ξ
1196 2560 1224 2629 7,
1248 2559 1267 2617 6
1291 2562 1324 2618 11
1347 2558 1395 2631 31,
1423 2557 1460 2615 13
1468 2576 1475 2630 ;
1500 2556 1518 2614 2
1542 2551 1631 2617 Sam.
1658 2558 1683 2623 1,
1710 2555 1773 2633 12),
1797 2553 1897 2617 verbo
1915 2553 1978 2617 Dei
2000 2553 2176 2616 formatam

226 2654 345 2717 genere
369 2632 431 2697 hoc
452 2633 565 2697 ieiunii
595 2654 661 2698 non
685 2635 774 2699 aliud
796 2647 995 2719 spectarunt,
1019 2642 1083 2705 uisi
1104 2650 1142 2705 ut
1167 2656 1169 2685 ¹
1195 2662 1231 2704 ae
1260 2640 1486 2713 constitutam,
1516 2638 1573 2701 sed
1596 2639 1761 2701 Ninivitas
1786 2659 1912 2721 queque
1934 2638 2047 2717 (Ionae
2070 2642 2100 2711 3,
2128 2640 2176 2720 5),

162 2718 380 2783 redderentur
402 2719 576 2785 alacriores
598 2732 631 2782 ct
652 2723 757 2805 magis
780 2723 924 2805 expediti
942 2725 982 2788 ad
1004 2748 1142 2809 precan·
1194 2727 1250 2808 qui
1272 2726 1356 2789 nihil
1379 2724 1545 2791 doetrinae
1574 2733 1702 2806 praeter
1730 2725 1862 2789 unicam
1882 2723 1979 2789 Ionae
2000 2722 2175 2804 praedica-

162 2803 250 2870 dum.
296 2806 368 2869 Hoc
397 2813 485 2870 certe
507 2807 710 2887 experimur,
734 2816 849 2883 ventre
870 2811 968 2893 pleno
995 2823 1141 2877 mentem
1195 2813 1318 2876 tionem
1334 2812 1508 2876 habebant.
1543 2809 1633 2890 Quid
1645 2830 1761 2874 causae
1772 2819 1823 2874 est
1839 2812 1935 2895 igitur
1951 2830 2009 2873 cur
2020 2830 2084 2871 nos
2102 2829 2176 2872 uon

162 2893 295 2955 11111111
317 2912 388 2956 1111
411 2892 446 2954 iu
470 2892 579 2955 Deum
602 2904 753 2970 erectum,
777 2903 813 2958 ut
834 2906 868 2959 et
890 2898 974 2962 serio
997 2898 1141 2963 ardenti·
1194 2898 1282 2963 idem
1312 2897 1469 2981 agamus?
1522 2899 1569 2960 At
1597 2904 1734 2960 exterus
1762 2906 1813 2961 est
1839 2895 2054 2972 caeremonia,
2088 2915 2178 2976 quae

161 2998 224 3060 que
243 2979 362 3043 11111111
381 2977 460 3041 11111
477 2978 513 3041 in
531 2979 760 3059 precationem,
780 2991 813 3045 11
830 2982 916 3047 inea
931 3005 1142 3066 perseverare
1194 2987 1294 3050 finem
1315 2985 1351 3047 in
1373 2983 1508 3048 Christo
1526 3004 1684 3047 unacum
1707 2983 1781 3047 aliis
1803 2983 1934 3065 aceepit
1968 2982 2042 3045 Imo
2060 2980 2176 3045 hodie·

162 3064 273 3146 possit.
312 3062 369 3127 Sic
391 3063 645 3147 intelligendum
667 3067 824 3148 estquod
846 3070 947 3133 refert
968 3072 1078 3136 Lucas
1096 3071 1141 3153 (2,
1194 3093 1258 3153 quc
1279 3071 1438 3152 optimum
1460 3068 1611 3133 fidelibus
1637 3067 1873 3133 adminiculum
1900 3078 1950 3134 est
1970 3067 2024 3148 (ut
2045 3088 2177 3149 semper

164 3149 220 3229 31)
243 3147 284 3211 de
306 3151 419 3222 Anna,
448 3171 521 3213 eam
544 3151 695 3215 serviisse
712 3149 858 3217 Domino
881 3157 1010 3220 ieiuniis
1032 3166 1065 3220 et
1086 3158 1142 3222 ob·
1194 3156 1270 3239 fuit)
1293 3164 1327 3220 et
1348 3155 1437 3219 utilis
1459 3153 1651 3231 admonitio,
1675 3153 1716 3218 ad
1738 3177 1773 3219 11
1795 3155 1882 3237 ipsos
1903 3153 2113 3232 excitandos,
2136 3175 2176 3217 ne

162 3233 406 3299 secretionibus.
451 3236 565 3316 Neque
593 3238 680 3300 enim
708 3238 835 3302 cultum
865 3240 929 3306 Dei
957 3245 1087 3325 reponit
1108 3245 1142 3307 in
1195 3263 1255 3307 sua
1287 3243 1390 3306 nimia
1422 3241 1598 3305 securitate
1631 3249 1664 3305 11
1692 3240 1838 3307 socordia
1859 3239 1972 3305 Deum
2001 3241 2111 3324 magis
2138 3259 2175 3305 ac

162 3320 305 3397 ieiunio,
340 3319 397 3384 scd
430 3321 595 3404 significat
627 3332 774 3388 sanctam
808 3327 981 3392 mulierem
1014 3351 1049 3394 se
1080 3330 1142 3394 hec
1195 3330 1300 3412 magis
1339 3336 1534 3410 provocent,
1576 3326 1653 3390 dum
1688 3328 1757 3391 eius
1790 3327 1930 3410 flagellis
1960 3327 2174 3409 castigantem.

161 3405 257 3469 modo
297 3407 480 3479 exercuisse
513 3406 555 3470 ad
585 3408 742 3489 precandi
775 3412 1008 3479 assiduitatem.
1063 3416 1143 3480 'l'ale
1195 3414 1339 3479 Proinde
1360 3412 1514 3478 Christus
1536 3413 1671 3496 (Matth.
1700 3420 1728 3489 tl,
1752 3419 1805 3491 15;
1828 3414 1909 3478 Luc.
1931 3419 1959 3489 5,
1984 3413 2052 3494 34),
2076 3430 2174 3494 quum

161 3491 224 3554 fuit
234 3492 390 3556 ieiunium
403 3492 583 3557 Nehemiae
600 3493 703 3580 (11),
722 3517 824 3578 quum
841 3499 1018 3564 intentiore
1035 3501 1144 3567 studio
1195 3500 1355 3584 apostolos
1378 3521 1453 3565 suos
1475 3509 1611 3564 excusat
1632 3498 1717 3581 quod
1740 3521 1807 3563 non
1829 3499 1987 3572 ieiunant,
2010 3517 2081 3562 uon
2100 3495 2175 3562 dicit

161 3577 272 3642 Deum
293 3598 352 3660 pro
375 3578 566 3643 liberatione
594 3582 704 3662 pepuli
735 3584 785 3646 sui
807 3596 1006 3666 precaretur.
1050 3588 1144 3653 Hanc
1195 3587 1388 3670 abrogatum
1407 3586 1663 3662 esseieiunium;
1682 3583 1740 3649 sed
1758 3585 1955 3650 calamitosis
1972 3583 2174 3666 temporibus

162 3662 198 3727 ob
224 3683 354 3728 1111111
381 3664 457 3729 dicit
487 3664 612 3731 Paulus
634 3666 666 3746 (l
691 3666 766 3732 (lor.
799 3675 832 3745 7,
864 3675 907 3756 5),
934 3673 1040 3752 fideles
1066 3680 1144 3739 recte
1195 3674 1304 3755 ipsum
1334 3673 1491 3749 destinat,
1525 3680 1558 3735 et
1588 3672 1759 3754 coniungit
1787 3692 1862 3737 cum
1886 3671 1989 3735 luctu.
2043 3670 2172 3741 Veniet,

159 3749 264 3832 fucere
290 3751 321 3814 si
349 3751 392 3815 cd
420 3756 542 3833 tempus
569 3752 742 3818 1111111111
763 3777 784 3818 a
806 3756 892 3822 thero
913 3760 1085 3842 1111119111,
1108 3766 1144 3824 at
1195 3760 1309 3842 inquit,
1331 3766 1468 3842 tempus,
1492 3779 1593 3839 quum
1616 3758 1784 3822 auferetur
1805 3758 1846 3822 ab
1868 3757 1934 3821 illis
1953 3778 2103 3839 sponsus.

162 3834 292 3899 liberius
319 3843 425 3902 111111
453 3839 587 3902 motioni
610 3843 638 3901 et
660 3842 797 3906 ieiunio:
824 3843 879 3906 ubi
900 3845 1055 3909 1111111111
1071 3868 1145 3928 prc-
1285 3850 1332 3909 18.
1377 3846 1428 3909 Ne
1455 3845 1527 3927 quis
1555 3853 1665 3907 antem
1694 3863 1787 3907 error
1814 3844 1858 3907 sit
1884 3843 1920 3906 111
1941 3844 2090 3916 nomine,
2116 3840 2174 3903 de-

162 3923 277 3984 1111111
301 3924 1144 4010 11111111111111111119111,111111111111111-
1194 3932 1347 3996 finiamus
1374 3930 1453 4013 quid
1482 3931 1524 3994 sit
1551 3931 1720 3993 ieiunium.
1764 3929 1840 3993 Non
1867 3928 1955 3994 enim
1983 3927 2175 4011 simpliciter

163 4008 257 4069 menti
289 4028 353 4072 esse
381 4010 536 4087 1111111111,
567 4013 632 4075 aiei
660 4018 812 4093 quotenus
838 4016 973 4095 refertur
1000 4019 1034 4080 in
1063 4018 1144 4084 laune
1194 4018 1429 4082 continentiam
1452 4037 1489 4081 11
1510 4016 1744 4098 parsimoniam
1772 4016 1806 4079 iu
1830 4016 1918 4081 victu
1941 4012 2175 4095 1111111111ςί-

161 4091 287 4191 fim.
310 4094 441 4174 Deinde,
469 4117 566 4194 qaum
581 4100 771 4194 ¹praecipiet
798 4099 889 4182 (ibid.
912 4125 942 4167 v.
968 4103 1003 4201 3)
1025 4124 1060 4168 eo
1081 4105 1143 4169 lom
1193 4125 1276 4180 mus,
1300 4102 1357 4168 scd
1378 4101 1532 4185 quiddam
1554 4101 1654 4165 aliud.
1699 4102 1837 4166 Piorum
1858 4101 1990 4191 quidem
2013 4102 2083 4165 vita
2103 4099 2175 4163 fru-

162 4179 360 4261 comaytbas,
389 4188 425 4245 11
452 4182 511 4245 alec
539 4182 782 4249 1111111111
810 4186 1045 4253 bmeoeleutcam
1073 4192 1143 4256 red-
1194 4189 1329 4274 galitate
1347 4198 1381 4254 11
1399 4189 1571 4253 sobrietate
1589 4198 1773 4269 temperata
1791 4209 1861 4252 esse
1884 4186 1989 4265 debet,
2013 4197 2054 4251 ut
2072 4207 2175 4268 quan·

163 4264 253 4364 daret,
281 4265 403 4330 clerum
423 4273 468 4332 111
488 4288 550 4331 noa
576 4270 615 4333 de
635 4272 830 4352 quotidianis
843 4275 991 4354 ,11111111
1011 4297 1081 4340 cam
1101 4278 1143 4341 lo-
1193 4274 1270 4340 dam
1287 4276 1401 4339 ieiunii
1419 4276 1569 4357 speeiem,
1588 4273 1696 4356 quoad
1716 4276 1789 4338 fieri
1807 4281 1923 4357 potest,
1946 4283 2016 4337 teto
2039 4294 2100 4338 suo
2121 4269 2174 4335 de·

162 4371 227 4433 quc,
249 4352 304 4417 sed
326 4373 406 4434 qaae
427 4355 620 4418 1111111111
641 4358 743 4439 mepte
764 4361 881 4424 seriam
902 4363 1038 4444 1119111.
1194 4383 1292 4427 cursu
1324 4382 1404 4443 prae
1434 4382 1469 4425 se
1497 4361 1589 4425 ferat.
1642 4358 1710 4425 Sed
1739 4367 1790 4425 est
1815 4368 1987 4443 praeterea
2015 4358 2174 4424 ieiunium

254 4443 301 4502 11.
346 4439 505 4516 Rursum,
524 4442 551 4503 si
571 4444 714 4523 grassari
736 4443 852 4526 incipit
868 4446 922 4510 vel
944 4449 1141 4529 pestilentia,
1193 4447 1281 4512 aliud
1302 4448 1497 4530 temporale,
1521 4467 1624 4529 quum
1645 4446 1768 4528 aliquid
1795 4467 1836 4510 ex
1864 4454 2022 4510 consueta
2044 4442 2176 4511 vivendi

163 4524 216 4622 vel
244 4525 361 4603 fames,
384 4526 436 4590 vel
459 4525 596 4605 bellum,
624 4542 682 4592 aut
703 4530 730 4593 si
754 4551 819 4611 qna
839 4531 948 4597 clades
968 4534 1141 4600 imminere
1192 4535 1319 4599 ratione
1341 4533 1555 4609 retrahimus,
1578 4531 1632 4596 vel
1654 4531 1695 4596 ad
1713 4533 1800 4597 diem
1821 4552 1940 4605 unum,
1964 4531 2019 4596 vel
2042 4531 2084 4597 ad
2106 4551 2175 4596 cer·

162 4608 245 4675 alias
265 4612 392 4709 regioni
412 4632 450 4676 11
467 4612 587 4695 populo
609 4613 749 4691 videtur,
772 4625 942 4698 pasterum
959 4627 1039 4685 tnnc
1061 4642 1141 4702 quo·
1193 4630 1264 4684 tum
1294 4627 1438 4701 tempus,
1473 4629 1507 4685 et
1539 4618 1633 4683 nobis
1665 4619 1902 4683 continentiam
1930 4615 2110 4685 indicimus
2142 4617 2176 4680 in

162 4715 225 4778 qne
248 4696 391 4761 officium
409 4705 460 4763 111
478 4697 603 4761 hortari
627 4699 669 4763 ad
690 4701 850 4766 ieiunium
874 4704 1053 4784 ecclesiam,
1077 4726 1141 4787 que
1194 4708 1298 4780 victu,
1326 4705 1494 4771 ordinaria
1515 4706 1573 4769 illa
1593 4705 1766 4769 arctiorem
1788 4726 1825 4770 ac
1848 4704 2058 4771 severiorem.
2102 4703 2177 4769 Hoc

163 4782 356 4879 suppliciter
372 4783 456 4848 iram
475 4783 612 4848 Domini
630 4783 830 4869 deprecetur.
866 4787 911 4855 Se
929 4793 1018 4856 enim
1036 4792 1076 4856 ad
1090 4793 1141 4856 nl-
1193 4793 1228 4856 in
1256 4791 1360 4858 tribus
1382 4793 1482 4857 situm
1505 4800 1569 4870 est,
1592 4791 1627 4855 iu
1649 4798 1811 4874 tempore,
1840 4791 1876 4853 in
1898 4790 2049 4857 ciberum
2069 4790 2176 4872 quali·

164 4872 287 4932 bouem
309 4871 462 4966 apparari
491 4878 524 4935 et
552 4870 790 4953 quedammodo
814 4877 936 4941 armari
958 4877 1140 4958 denuntiat,
1194 4885 1271 4957 tate,
1294 4885 1328 4943 et
1348 4879 1558 4961 parsimonia
1602 4878 1747 4959 'Pempns
1769 4877 1851 4954 dieo,
1872 4880 1913 4940 'ut
1931 4875 2037 4941 ieiuni
2058 4874 2176 4942 defun·

164 4950 221 5050 ubi
247 4953 431 5035 perieulum
456 4976 613 5039 apparere
641 4959 727 5024 11111
773 4959 924 5042 Qualiter
945 4964 1047 5048 igitur
1067 4986 1142 5048 pro·
1194 4985 1313 5047 gamar
1334 4966 1375 5030 iis
1397 4964 1579 5031 actionibus
1601 4983 1741 5045 quarum
1764 4982 1863 5028 causa
1884 4962 2073 5027 instituitur
2096 4963 2177 5028 ieiu-

165 5056 266 5136 mrssa
284 5038 395 5118 barba,
417 5042 548 5124 impexo
567 5043 694 5127 capillo,
716 5046 807 5128 pulla
828 5055 929 5126 veste,
952 5049 1144 5133 suppliciter
1193 5051 1295 5116 nium.
1340 5047 1636 5129 Quemadmodum,
1660 5050 1802 5133 exempli
1822 5066 1930 5127 11111,
1953 5048 1982 5113 si
2003 5048 2045 5114 ob
2069 5049 2178 5115 solen·

165 5123 496 5224 11111111111111111111
523 5129 748 5226 reisolebant
769 5131 810 5196 ad
833 5133 1069 5200 conciliandam
1091 5138 1142 5200 iu·
1193 5158 1270 5201 nem
1290 5139 1511 5219 precationem
1534 5135 1607 5216 quis
1629 5135 1769 5214 ieiunet,
1793 5143 1830 5199 ut
1850 5132 2103 5216 eo-unpransus
2126 5156 2177 5202 ao·

164 5206 245 5273 dreis
274 5211 550 5292 misencordram,
578 5223 626 5280 ita
646 5237 721 5295 uos,
743 5238 845 5299 quum
866 5221 915 5283 rei
937 5222 1067 5304 agimur
1088 5243 1143 5288 co-
1194 5222 1297 5288 eedat
1348 5220 1499 5302 Qualitas
1529 5223 1564 5285 in
1598 5242 1636 5291 11
1670 5223 1733 5286 sita
1765 5231 1816 5287 est
1848 5224 1887 5286 ut
1917 5220 2031 5288 absint
2061 5243 2179 5289 omnes
