4672 5842
226 302 268 364 tt
869 291 1136 361 INSTITUTIO
1157 292 1264 358 nuh.
1286 288 1466 357 cffltlsu.
1492 296 1584 355 1559.
2192 290 2237 353 36
2290 388 2298 397 η

225 488 268 553 tis
289 489 345 563 sit,
373 486 502 566 etquid
529 485 599 549 eius
628 488 762 547 rtattnue
789 484 948 548 cantermat
973 483 1061 546 seire.
1110 484 1206 562 Quor-
1258 485 1373 543 rautur
1404 478 1524 558 Deum,
1557 479 1750 559 pemissimi
1779 483 1970 555 reverentur,
2007 478 2085 542 duni
2122 476 2239 559 ubique

224 594 297 639 aum
319 573 402 636 ertirn
424 572 540 647 attinet,
562 570 666 633 Deurn
688 569 825 649 aliquem
846 589 917 633 eunt
938 568 1079 649 Epicuro
1100 568 1205 649 fateri,
1256 586 1374 648 nuqua
1394 571 1439 630 est
1461 565 1495 627 in
1522 566 1725 630 caeremoniis
1747 566 1919 642 ostentatio,
1946 584 2026 627 rara
2047 569 2150 628 autent
2170 584 2238 628 eor-

227 660 285 740 qui
307 658 424 722 abieoto
448 657 559 720 terrendi
580 676 657 719 curo
679 675 712 718 se
733 656 794 718 otio
811 660 935 718 tantum
952 653 1095 718 oblectet?
1121 653 1206 733 Quid
1255 651 1308 715 dis
1327 651 1498 715 sinueritas.

225 746 360 823 donetque
384 745 470 807 intrat
498 742 602 806 lteunr
628 761 804 823 copinoseere
830 762 962 821 quocurn
989 739 1070 803 enituit
1090 741 1132 803 sit
1154 760 1205 802 tro

227 829 277 893 bis
298 830 413 912 'negotii
420 828 437 890 12
475 829 559 907 Quin
581 828 690 909 potius
715 825 776 890 litte
800 826 900 889 calere
926 825 1011 890 debet
1037 827 1106 889 eius
1126 825 1204 888 rtati-
1602 855 1754 921 CAPUT
1777 856 1830 920 m
1855 858 1879 939 ι)

225 917 281 991 tia,
297 917 443 994 primurn
465 919 500 975 ut
521 913 564 976 tul
585 914 726 976 liniarem
753 933 790 975 ae
812 913 1015 975 reuerentiam
1036 932 1092 975 nos
1113 911 1205 974 insti-
1328 982 1336 997 ·
1448 981 1455 995 ⁸
1483 981 1491 996 θ
1705 981 1713 996 ⁹
1833 907 1840 919 '
1978 980 1986 995 .

227 1006 312 1080 tuat,
338 999 449 1064 deirtde
473 1004 505 1061 ut
526 1019 563 1061 ea
584 999 661 1061 etrtce
687 1018 724 1060 ae
745 999 897 1078 irrupistra
920 1017 1006 1059 ornrte
1032 995 1144 1059 mittent
1166 994 1205 1057 ab
1256 981 1339 1063 Del
1370 995 1563 1063 nont-lam
1601 980 1819 1062 hommum
1856 980 2070 1062 mellilbus
2109 990 2237 1059 nalu-

226 1087 282 1150 illo
298 1092 413 1165 petere,
436 1088 462 1147 et
486 1083 533 1146 illi
556 1088 712 1162 accepturu
730 1082 816 1161 ferre
836 1083 1004 1146 distein-ns.
1051 1081 1205 1161 Qrtonrodo
1500 1101 1647 1182 mutel.
1678 1130 1771 1182 esse
1802 1101 1977 1181 inditam

227 1173 311 1237 eninr
333 1179 463 1233 nitentem
492 1175 578 1232 tuarn
607 1168 713 1232 subire
739 1173 831 1247 qrteat
852 1166 916 1229 Ilei
943 1168 1099 1250 capitatio.
1127 1160 1232 1247 qnin'
1981 1163 1989 1180 ⁸

228 1256 326 1321 uniret
348 1255 497 1335 eutenrpto
518 1255 643 1336 eapitis,
665 1258 817 1332 tequam
836 1254 1017 1334 {torrentum
1040 1253 1128 1317 illius
1149 1254 1204 1327 sie,
1346 1255 1372 1313 l.
1418 1248 1601 1330 Quemelam
1634 1250 1741 1315 inesse
1774 1250 1937 1313 humanus
1966 1248 2078 1325 menti,
2112 1253 2141 1313 et
2162 1248 2239 1328 qui-

227 1342 367 1406 eiusdem
404 1341 535 1421 irnperio
562 1360 628 1402 esse
661 1340 728 1417 ipso
750 1339 921 1403 creationis
954 1339 1022 1402 itere
1047 1339 1205 1403 addietum
1257 1338 1325 1401 ttern
1358 1336 1498 1399 naturali
1533 1336 1704 1412 instinctu,
1740 1335 1922 1399 diuinitatis
1960 1356 2108 1407 sensum,
2140 1346 2239 1397 extra

226 1427 508 1506 etntaneipattnu?
533 1426 624 1487 vitant
644 1430 728 1487 tnurn
750 1424 797 1487 illi
815 1423 942 1489 deberi?
957 1424 1115 1504 quithuid
1126 1425 1205 1505 apis,
1257 1422 1511 1488 controversiam
1551 1422 1715 1503 pouimus;
1754 1423 1781 1485 si
1815 1419 1962 1502 quidem,
2003 1440 2046 1483 ne
2080 1420 2153 1501 quis
2192 1417 2238 1497 ad

228 1513 272 1577 ad
297 1513 385 1575 illurn
408 1512 522 1590 reterri
544 1516 705 1588 (perteret
731 1509 772 1574 Id
792 1512 822 1573 si
845 1516 896 1579 est.
918 1512 983 1573 ¹iarn
999 1510 1138 1590 pntrt'eeto
1159 1529 1205 1571 se·
1229 1516 1232 1525 '
1257 1509 1460 1592 iguomntiue
1493 1521 1699 1588 praetentum
1729 1508 1934 1589 confugeret,
1972 1505 2150 1587 quamdam
2183 1503 2239 1568 sui

189 1592 194 1603 ’
226 1599 337 1679 quitur
360 1599 456 1660 eitarn
478 1602 566 1658 tuone
583 1616 684 1674 praee
706 1598 865 1675 ‹nrrrnnpr'
883 1597 948 1660 nisi
966 1597 1009 1659 ad
1026 1594 1206 1675 obsequium
1256 1593 1402 1659 numinis
1434 1592 1687 1676 intelligentiam
1725 1593 1887 1656 universis
1919 1593 2012 1656 Deus
2051 1593 2119 1671 ipse
2152 1590 2240 1654 indi-

157 1716 163 1729 ·
227 1684 297 1748 ures
318 1684 528 1761 corriperetur,-
556 1682 681 1761 querendo
706 1681 792 1745 nobis
812 1682 937 1744 risendi
964 1681 1015 1745 len·
1036 1702 1101 1745 esse
1122 1679 1206 1743 debet
1228 1702 1232 1735 ι
1255 1682 1312 1753 tiit,
1334 1680 1426 1742 cuites
1445 1681 1625 1742 rrrtrnoriarn
1647 1678 1776 1743 assidue
1797 1699 1964 1757 renovans,
1986 1698 2082 1741 renas
2103 1676 2240 1741 subinde

226 1771 297 1833 eins
327 1768 478 1830 oolttntos.
524 1765 669 1831 Ilrtrstnn
698 1787 750 1829 nee
776 1767 819 1830 nel
847 1767 1005 1846 liquidum
1027 1768 1205 1846 perspicere
1254 1770 1361 1849 guttas
1399 1764 1552 1828 instillat:
1597 1778 1634 1827 ut
1670 1786 1771 1845 quum
1811 1764 1853 1828 ad
1892 1785 1994 1827 ummr
2032 1783 2146 1826 omnes
2184 1762 2240 1826 in·

226 1856 333 1935 ipsunt
349 1858 448 1931 potes,
478 1853 541 1916 nisi
564 1857 597 1915 ut
619 1851 768 1915 bennonem
790 1854 929 1915 omniurn
954 1853 1068 1933 purten
1091 1873 1156 1915 esse
1177 1856 1206 1913 et
1256 1850 1406 1933 telligutnt
1435 1850 1544 1914 Deum
1572 1871 1656 1923 esse,
1690 1864 1724 1913 et
1751 1872 1849 1914 suum
1878 1871 1948 1914 esse
1975 1848 2140 1931 opificem,
2174 1868 2239 1912 suo
2300 1860 2310 1871 '

226 1940 379 2021 originem
397 1959 563 2019 (optumas,
584 1938 666 2002 ttrtde
684 1943 712 2000 et
728 1939 920 2001 desideriunt
941 1938 988 2000 illi
1005 1938 1206 2014 aetltaereudi,
1229 1978 1233 2037 ἱ
1257 1938 1401 2019 ipsorum
1431 1936 1616 2000 testimonio
1643 1934 1841 2000 damnentur
1868 1935 1953 2017 quod
1982 1956 2047 1998 nou
2081 1947 2115 1997 et
2139 1933 2240 1997 illum

226 2030 255 2089 et
283 2024 403 2105 tielrtoia
431 2026 466 2086 iu
496 2025 598 2103 iprsntni
631 2030 810 2087 nasceretur
836 2025 865 2085 si
895 2044 955 2086 non
986 2044 1046 2088 stru
1079 2027 1207 2085 intentent
1229 2042 1233 2047 ·
1259 2022 1433 2097 tuluerint‚
1466 2036 1498 2084 et
1529 2022 1599 2085 eius
1629 2021 1789 2085 voluntati
1816 2021 1918 2087 vitain
1946 2043 2040 2085 sunm
2066 2039 2240 2085 alnetum-

225 2110 363 2175 ttonu'nis
375 2111 522 2187 prauitas
539 2131 560 2171 a
578 2114 659 2172 recta
678 2110 910 2191 investigatione
926 2107 1095 2173 abduceret.
1120 2108 1206 2169 b'arn
1258 2109 1334 2172 rint.
1380 2106 1469 2171 Sane
1496 2106 1602 2173 sicubi
1629 2106 1693 2170 Dei
1722 2107 1908 2190 ignorantia
1936 2116 2125 2189 quaeratur,
2156 2126 2240 2170 uus·

227 2197 322 2262 initio
345 2196 407 2273 pia
436 2215 522 2259 interis
549 2194 655 2257 ltertrn
685 2214 745 2258 nen
779 2193 944 2274 qtternlibet
972 2193 1034 2258 sibi
1061 2194 1205 2267 sontrnat,
1229 2230 1233 2279 l
1257 2172 1365 2275 quani
1384 2193 1490 2275 magis
1525 2208 1654 2257 exstare
1681 2215 1776 2276 posse
1805 2193 1875 2257 eius
1903 2192 2090 2274 exempltuu
2120 2190 2240 2255 verisi-

227 2283 282 2347 sed
305 2281 434 2343 raucum
458 2286 485 2343 et
513 2301 621 2343 rernm
647 2280 806 2344 (lectitarat
837 2281 994 2344 intuetur:
1026 2300 1124 2359 neque
1158 2278 1206 2340 tnt
1257 2279 1334 2343 mile
1357 2292 1414 2357 est,
1437 2300 1532 2360 quam
1561 2279 1647 2342 iuter
1673 2279 1854 2342 obtusiores
1876 2278 2027 2361 populos,
2054 2290 2089 2341 et
2109 2277 2150 2342 ab
2174 2276 2240 2341 hu-

227 2366 431 2449 quodcnnque
471 2367 573 2429 risum
599 2366 700 2445 tuerit
732 2366 872 2448 attingit,
906 2366 961 2429 sed
982 2365 1076 2428 taleni
1097 2363 1207 2426 trabere
1257 2364 1424 2429 munitatis
1447 2365 1537 2430 cultu
1560 2365 1758 2428 remotiores.
1805 2364 1906 2467 Atqui
1933 2363 2024 2427 nulla
2051 2372 2102 2427 est
2124 2361 2238 2439 etiam,

228 2456 370 2518 conitenta
399 2457 444 2515 est
476 2451 600 2531 qrtalern
634 2472 667 2514 ee
695 2452 879 2531 retortitestat
911 2452 993 2530 ipse.
1026 2469 1207 2529 summaque
1258 2464 1296 2515 ut
1329 2450 1479 2515 ethnicus
1518 2449 1573 2513 ille
1607 2450 1701 2533 ait,'²)
1735 2459 1800 2513 tarn
1834 2448 1973 2514 barbara
2004 2449 2109 2523 nat-io,
2143 2447 2241 2511 nulla

227 2537 394 2619 diligentia
426 2558 547 2616 semper
579 2542 664 2601 caret
696 2558 734 2599 ne
764 2537 881 2602 aetdaci
920 2538 1090 2600 terrenitate
1121 2536 1207 2598 ultra
1258 2558 1339 2620 gens
1362 2546 1430 2600 tam
1452 2536 1601 2610 effemta,
1632 2536 1685 2599 eni
1707 2558 1772 2599 nou
1794 2526 1934 2599 insideat
1956 2534 2037 2599 baec
2057 2533 2239 2616 persuasio,

227 2622 415 2687 udrtntatern
437 2624 505 2686 eins
532 2643 655 2704 opressa
682 2643 853 2702 perperam
873 2629 1011 2704 eapetur.
1067 2621 1122 2685 Ita
1142 2641 1208 2701 cop·
1257 2624 1367 2687 Deum
1384 2644 1463 2686 esse.
1497 2622 1544 2686 Et
1560 2622 1614 2703 qui
1633 2622 1667 2685 in
1686 2622 1759 2685 aliis
1781 2622 1868 2685 ritae
1891 2620 2039 2703 partibus
2061 2619 2242 2683 minimum

227 2709 346 2785 rtitrtrn,
375 2709 451 2788 qnia
474 2714 585 2772 antiteta
612 2709 771 2777 rnadera-ri
802 2708 959 2789 intelligit,
985 2713 1118 2771 tutorem
1144 2706 1207 2771 sibi
1258 2708 1412 2772 ridentur
1434 2729 1453 2771 a
1475 2706 1592 2772 belluis
1610 2705 1751 2784 differre,
1770 2706 1932 2789 quoddam
1950 2715 2059 2770 tamen
2077 2712 2240 2789 perpetuo

228 2815 293 2859 esse
312 2794 440 2872 eorrfielit
460 2815 497 2858 ue
513 2798 725 2874 protectorem,
755 2796 884 2875 ideoque
904 2796 939 2856 iu
961 2794 1030 2857 eius
1048 2794 1143 2873 tidem
1165 2798 1207 2856 to
1259 2794 1426 2877 religionis
1453 2815 1565 2858 semen
1594 2794 1748 2857 retinent
1800 2791 1891 2857 Adeo
1924 2792 2055 2874 penitus
2087 2791 2241 2855 omnium

184 2876 189 2885 “
227 2886 293 2945 tane
315 2900 348 2944 se
369 2880 495 2959 tantist.
542 2880 622 2959 Qrein
646 2879 794 2943 ὁοιιονιιηι
817 2881 956 2943 arentum
978 2879 1126 2961 intettipit
1142 2899 1208 2943 esse
1258 2880 1385 2944 animos
1406 2879 1585 2960 occuparit,
1607 2877 1687 2943 adeo
1709 2880 1866 2943 tenaciter
1887 2878 2034 2942 omnium
2056 2876 2241 2942 visceribus

228 2972 379 3042 autorem,
401 2968 431 3028 si
453 2965 532 3046 quid
546 2966 673 3044 prentit,
695 2965 726 3029 si
745 2966 823 3045 quid
844 2965 935 3044 deest,
956 2986 1029 3029 ntor
1046 2988 1079 3029 se
1096 2965 1209 3044 recipit
1259 2965 1409 3029 inhaeret
1435 2965 1616 3035 eommunis
1648 2966 1712 3030 ista
1745 2964 1976 3047 praesumptio.
2026 2963 2128 3027 Nulla
2156 2983 2241 3046 ergo

226 3052 264 3116 in
285 3053 355 3114 eires
370 3051 587 3131 praesidinm,
609 3070 697 3129 opern
718 3050 757 3113 ab
779 3072 813 3114 eo
834 3057 1032 3131 exspecta-us,
1061 3052 1138 3131 quia
1160 3049 1209 3114 bo-
1259 3073 1360 3133 quum
1382 3051 1423 3115 ab
1445 3050 1537 3114 initio
1558 3051 1672 3114 muudi
1694 3052 1793 3133 regio,
1815 3050 1906 3115 nulla
1924 3049 2011 3127 urbs,
2033 3048 2126 3114 nulla
2144 3048 2241 3113 deni-

229 3156 308 3200 nunt
329 3141 357 3199 et
377 3136 610 3200 ntisenicordent
631 3156 695 3201 csse
711 3157 872 3217 perstrata
894 3143 947 3216 est,
977 3138 1012 3200 iu
1033 3158 1104 3200 euru
1125 3141 1209 3201 certa
1259 3159 1321 3220 qne
1349 3136 1464 3201 domus
1492 3137 1591 3200 fuerit
1619 3158 1702 3218 quae
1728 3137 1885 3220 religione
1913 3157 2025 3202 carere
2049 3142 2171 3218 posset:
2200 3133 2241 3199 in

227 3220 348 3303 fidentio
369 3221 527 3293 recumbit,
548 3242 603 3286 nee
624 3221 748 3286 dubitat
768 3223 864 3287 utatis
880 3224 951 3287 suis
966 3221 1112 3287 breuibus
1132 3242 1210 3286 serre·
1260 3245 1299 3287 eo
1320 3223 1420 3288 ascita
1441 3221 1600 3304 quaedam
1618 3222 1776 3287 oonlessio
1794 3231 1852 3300 est,
1876 3222 2069 3304 inscriptum
2089 3220 2241 3285 omnium

222 3328 286 3388 per
310 3308 343 3368 in
371 3309 440 3372 eius
467 3308 628 3371 olartentia
649 3314 803 3387 paratum
821 3310 891 3390 fere
916 3310 1106 3388 renuentium,
1131 3310 1209 3389 qnia
1258 3308 1410 3375 sordibus
1442 3308 1621 3373 divinitatis
1654 3331 1795 3373 sensum.
1854 3306 1945 3388 Quin
1977 3320 2011 3371 et
2042 3306 2240 3384 idololatria,

229 3394 392 3460 dorninunr
420 3414 457 3458 ae
484 3399 610 3472 patrem
636 3396 789 3476 agnoseit,
825 3415 895 3458 eum
927 3416 1047 3476 quoque
1078 3395 1209 3477 dipriunt
1260 3395 1358 3459 huius
1378 3395 1596 3475 conceptionis
1618 3395 1763 3477 amplum
1785 3403 1836 3458 est¹
1856 3393 2097 3459 documentum.
2126 3390 2241 3471 Quam

233 3481 344 3545 statuit
365 3499 430 3543 esse
449 3481 543 3543 euius
562 3481 732 3561 inperium
752 3481 788 3543 in
805 3480 948 3545 ominibus
965 3481 1092 3558 indual,
1114 3482 1210 3544 nraie-
1259 3482 1348 3546 enim
1370 3502 1436 3543 nou
1456 3479 1595 3544 libenter
1616 3502 1651 3544 se
1673 3479 1803 3545 deiieiut
1825 3480 1922 3543 homo
1945 3491 1981 3543 ut
2001 3479 2082 3543 alins
2104 3498 2183 3562 prae
2202 3498 2241 3542 se

234 3570 345 3631 statem
366 3566 538 3644 stagnare,
556 3565 693 3647 ploriarn
708 3567 952 3645 pranweurdam
980 3587 1101 3643 curare,
1120 3586 1209 3629 erran
1260 3577 1426 3631 creaturas
1447 3566 1611 3648 suspiciat,
1634 3567 1763 3630 seimus.
1809 3565 1953 3630 Proinde
1979 3586 2080 3648 quum
2108 3564 2242 3647 lignum

233 3650 321 3715 datis
341 3649 465 3730 obsequi
487 3649 608 3729 eludent,
635 3653 714 3731 quia
734 3653 856 3716 iustum
877 3674 942 3717 esse
965 3653 1096 3716 inuticern
1118 3652 1209 3729 uidet,
1260 3653 1369 3734 potius
1390 3660 1423 3715 et
1444 3650 1584 3734 lapidem
1607 3652 1712 3716 colore
1734 3651 1836 3725 malit,
1855 3673 1954 3733 quam
1973 3662 2011 3715 ut
2027 3650 2153 3715 nullum
2175 3670 2242 3731 pu·

232 3756 353 3816 unique
369 3738 531 3800 seueritate
551 3742 710 3801 orinatum
729 3739 772 3802 ad
789 3739 980 3803 viridicauda
997 3738 1122 3815 seelera,
1141 3739 1210 3802 eius
1260 3750 1350 3803 tetur
1368 3738 1488 3803 habere
1509 3738 1628 3813 Deum,
1652 3750 1780 3801 constat
1797 3738 2116 3803 vehementissimam
2139 3735 2243 3801 istam

233 3821 378 3886 adtinet
396 3842 518 3901 saturer
538 3824 574 3885 in
595 3829 754 3902 compectu
776 3824 838 3887 sibi
860 3826 1019 3903 propornit,
1046 3845 1083 3889 ao
1103 3825 1210 3902 ipsius
1260 3846 1331 3889 esse
1353 3823 1393 3887 de
1414 3824 1550 3887 numine
1577 3823 1824 3905 impressionem
1852 3846 1935 3906 quus
1956 3821 2036 3888 adeo
2066 3844 2109 3886 ex
2129 3821 2242 3885 homi·

233 3913 316 3971 metu
342 3929 376 3972 se
401 3907 535 3987 retrahit
560 3929 598 3973 ae
623 3908 738 3973 cotribet
764 3909 804 3972 ab
829 3911 882 3973 ira
908 3911 977 3974 uus
998 3911 1208 3989 provocanda
1261 3911 1314 3975 nis
1335 3920 1446 3973 mente
1468 3908 1633 3974 obliterari
1656 3920 1805 3991 nequeat,
1829 3922 1865 3974 ut
1887 3910 2014 3975 facilius
2035 3910 2079 3973 sit
2100 3918 2242 3975 naturae

235 3993 346 4073 illeque
372 3999 474 4057 tamen
501 3995 616 4058 iudicii
636 3996 705 4057 uus
728 4015 824 4059 sensu
851 3997 897 4058 ita
923 4000 1058 4059 terretur
1085 4001 1118 4058 ut
1138 3996 1209 4059 snb
1260 3997 1414 4061 affectum
1451 3994 1576 4078 frangi,
1620 3994 1895 4077 quemadmodum
1932 4004 2021 4060 eerto
2063 3994 2240 4078 frangitur,

232 4080 345 4145 durae
365 4101 398 4144 se
419 4080 507 4157 uelit,
535 4082 629 4143 etiam
650 4081 784 4161 siquod
798 4086 909 4162 pateat
935 4082 1103 4163 effugiunt,
1130 4082 1209 4161 quin
1261 4081 1340 4146 dum
1372 4082 1470 4145 homo
1502 4102 1545 4145 ex
1574 4081 1632 4144 illa
1665 4081 1808 4145 naturali
1845 4081 2015 4145 inflatione
2048 4081 2090 4145 ad
2122 4081 2243 4147 infima

233 4165 328 4230 illurn
348 4186 411 4229 reare
432 4165 539 4230 minus
559 4166 757 4245 amplectitur
778 4167 933 4231 oratorum
952 4167 1091 4245 ultorem,
1113 4187 1209 4247 quant
1259 4188 1406 4250 quaeque
1427 4178 1542 4249 sponte
1564 4189 1599 4231 se
1620 4165 1773 4245 demittit,
1800 4189 1863 4250 quo
1884 4168 1994 4232 Deum
2016 4175 2218 4233 revereatur.

232 4272 307 4334 erpa
322 4253 399 4331 pios
418 4250 591 4327 maurum,
612 4253 740 4332 quando
758 4254 801 4318 act
821 4254 890 4317 eius
908 4251 1045 4334 pluriam
1065 4274 1128 4317 non
1149 4254 1209 4316 nri·
1347 4256 1375 4317 2.
1421 4252 1544 4333 Quare
1557 4253 1771 4318 vanissimum
1803 4261 1853 4318 est
1879 4251 1967 4335 quod
1995 4275 2015 4317 a
2042 4251 2242 4335 quibusdum

227 4358 291 4401 ntes
306 4338 466 4418 pertinere
491 4336 649 4420 irttelbpit,
679 4338 789 4418 impiis
808 4345 836 4403 et
856 4339 1015 4403 scalenis
1031 4339 1118 4420 apud
1138 4360 1209 4402 eurn
1259 4338 1392 4404 dieitur:
1414 4360 1592 4420 paucorum
1612 4340 1745 4405 vafritie
1766 4348 1799 4403 et
1820 4339 1997 4405 ealliditate
2018 4361 2098 4405 exeo
2123 4339 2241 4405 'tutam

226 4425 398 4504 repositam
425 4444 491 4488 esse
515 4443 665 4504 poenam,
699 4444 795 4505 quam
825 4426 921 4489 indis
953 4425 1036 4487 sitae
1066 4430 1209 4490 aetentae
1259 4446 1330 4490 esse
1352 4425 1551 4510 religionem,
1580 4434 1618 4490 ut
1635 4425 1698 4491 hae
1720 4440 1790 4489 arte
1810 4425 1992 4507 simplicem
2022 4447 2086 4507 pop
2122 4448 2180 4489 um
2203 4426 2242 4490 in

226 4510 403 4575 mntem.
450 4509 619 4574 Praeterea
639 4530 703 4574 non
723 4510 791 4574 sota
811 4511 966 4575 uindictae
984 4510 1155 4591 fornrictine
1175 4532 1208 4577 se
1259 4512 1364 4577 offitio
1386 4512 1605 4591 continerent-;
1634 4532 1737 4592 quum
1765 4524 1877 4575 tamen
1897 4511 1974 4592 ipsi,
2004 4512 2059 4593 qui
2082 4510 2157 4576 aliis
2178 4533 2242 4578 au·

226 4602 339 4661 wercet
359 4596 552 4677 apertarulo,
573 4594 629 4660 sed
648 4597 727 4676 quia
744 4595 850 4660 Deum
866 4597 928 4661 loce
941 4598 1050 4677 patris
1070 4602 1158 4661 amat
1179 4603 1208 4661 et
1258 4606 1348 4662 tores
1365 4609 1461 4661 erant
1478 4598 1541 4662 Dei
1559 4596 1695 4674 colendi,
1713 4596 1796 4660 nihil
1814 4598 1924 4662 minus
1946 4596 2117 4663 eraderent
2138 4618 2242 4681 quam

227 4687 397 4758 reveretur,
425 4683 489 4747 loeo
514 4683 635 4746 domini
656 4681 798 4747 observat
818 4688 847 4747 et
867 4682 951 4761 colit,
979 4682 1103 4747 etiamsi
1124 4684 1207 4747 uuiti
1258 4683 1399 4765 aliquem
1433 4705 1504 4749 esse
1535 4685 1653 4750 Deum.
1710 4682 1831 4747 Fateor
1863 4683 1997 4765 quidem
2026 4684 2170 4766 plurime
2202 4685 2242 4751 iu

227 4772 326 4830 essert
346 4767 452 4847 inseri,
473 4768 573 4832 solam
590 4773 692 4832 tamen
709 4770 780 4833 eius
796 4770 995 4850 offmuoueni
1011 4767 1122 4833 tterret.
1152 4770 1207 4833 En
1256 4769 1413 4854 religiono
1442 4776 1642 4836 commentos
1667 4786 1739 4831 osse
1767 4777 1892 4833 astutos
1921 4769 2084 4848 homiues,
2118 4770 2241 4855 quibus

227 4852 307 4933 quid
333 4853 377 4915 sit
397 4873 487 4931 pura
510 4873 723 4935 perna-reaque
744 4855 868 4938 religio,
895 4875 1005 4936 rumpe
1029 4855 1110 4935 tides
1135 4876 1206 4921 oum
1256 4856 1476 4921 reverentiam
1496 4853 1684 4938 plebeculae
1705 4853 1885 4932 iniieerent,
1909 4864 1943 4919 et
1964 4864 2124 4921 terrorem
2144 4856 2241 4922 iuou·

226 4937 309 5003 serio
328 4936 392 5001 Dei
420 4939 529 5001 timore
554 4941 733 5020 coniuncta3
759 4947 795 5004 ut
821 4943 916 5007 timor
941 4947 970 5005 et
994 4941 1206 5005 oduntarium
1256 4953 1379 5021 terent,
1412 4964 1476 5025 quo
1504 4940 1664 5005 haberent
1695 4937 1958 5023 obsequentiores
1990 4941 2061 5007 eius
2093 4943 2239 5025 animos3

226 5023 433 5087 reuerentiam
453 5023 490 5119 in
510 5042 549 5118 se·
564 5026 723 5102 auteur,
746 5031 893 5093 aereum
910 5026 1018 5092 trabat
1033 5026 1206 5110 legitimum
1256 5083 1290 5089 -.
1314 5084 1343 5090 ..

225 5109 345 5208 “flium
364 5195 370 5207 ‚
388 5107 495 5189 dmm
536 5128 573 5169 Μ
609 5108 671 5191 1⁶9⁶
707 5113 948 5192 mmm?-
1007 5113 1114 5211 filil&
1150 5112 1232 5211 3⁸⁰⁶!
1326 5146 1356 5213 1)
1375 5146 1474 5209 Gonter
1491 5144 1554 5195 ertit.
1574 5142 1701 5209 praeced.
1729 5142 1796 5213 Cap.
1816 5145 1842 5198 1.
1861 5147 1883 5213 §-
1902 5144 1920 5198 t
1937 5164 2007 5217 seqq.
2077 5148 2108 5217 2)
2125 5148 2180 5203 Oto.
2200 5150 2238 5204 de

222 5195 411 5279 ddrperrtnus
431 5193 605 5258 noandum
625 5200 680 5273 est,
700 5196 784 5277 qnod
805 5218 910 5264 omnes
920 5219 1099 5281 portante
1118 5220 1205 5265 uene·
1228 5240 1232 5257 ·
1255 5224 1311 5269 nst.
1329 5217 1402 5267 deor.
1421 5214 1467 5265 ut».
1487 5212 1510 5275 1,
1530 5210 1570 5263 16.
