4672 5842
243 321 305 383 771
884 306 1151 375 INSTI'PU'I'IO
1172 309 1277 374 ΗΕΒ.
1298 306 1480 374 ΟΗΒΙΒΤ.
1506 313 1597 376 1559.
2184 310 2250 371 tta

243 508 372 586 neptas
397 502 601 583 firmissimae
630 499 788 564 aiamim
813 498 861 563 cel
877 520 939 580 pro
959 498 1020 578 fide
1042 498 1221 562 caederent
1245 524 1248 619 Ι
1271 495 1428 578 pendere,
1451 504 1489 560 ut
1510 497 1591 563 haec
1611 496 1699 562 illius
1720 498 1860 576 initium,
1883 498 1968 574 finis,
1991 497 2088 561 unica
2110 495 2251 578 denique

243 592 374 674 fortior,
397 588 443 651 vel
465 592 524 651 toto
545 587 615 650 orbe
639 586 807 650 latitarent.
1273 582 1388 665 regula
1408 603 1479 647 esse
1500 582 1624 648 debeat
1669 583 1920 648 Meminerimus
1940 604 2027 665 ergo,
2050 582 2177 665 quoties
2200 604 2250 647 ec-

331 681 360 737 4.
405 674 447 737 In
474 673 562 736 hunc
590 671 724 735 modum
752 669 849 734 hodie
874 689 933 734 nos
954 677 1079 734 vexant
1099 669 1220 734 Roma·
1273 667 1454 733 clesiastica
1475 669 1585 733 unitas
1607 669 1701 732 nobis
1724 669 1978 744 commendatur,
2002 668 2063 733 hoc
2080 669 2195 750 quaeri
2214 677 2252 744 ut

245 782 377 838 nenses,
412 781 450 824 ac
471 759 639 839 imperitos
662 757 872 821 terrefaeiunt
898 755 1052 820 ecclesiae
1079 756 1219 832 nominc,
1273 753 1352 817 dum
1369 762 1495 818 mentes
1514 756 1548 819 in
1560 754 1693 819 Christo
1711 754 2132 831 consentiunt-voluntates
2149 755 2251 818 etiam

245 868 347 930 quam
380 845 535 927 capitales
568 845 635 907 sint
667 842 792 906 Christi
826 840 1014 905 adversarii.
1060 838 1221 920 Quamvis
1273 850 1406 903 nostrae
1423 848 1540 904 mutua
1561 842 1594 903 in
1613 839 1746 904 Christo
1770 839 1995 905 benevolentia
2015 842 2103 905 inter
2120 861 2156 904 se
2174 862 2251 905 ‹on-

246 933 348 1017 igitur
371 930 544 1012 templum,
567 928 792 1003 sacerdotium,
816 936 850 990 et
871 927 1012 1008 reliquas
1034 926 1222 991 huiusmodi
1273 926 1402 989 iunctae
1430 926 1503 989 sint.
1548 926 1664 1008 Itaque
1691 926 1816 991 Paulus
1844 926 1945 1010 (Eph.
1973 934 2002 1003 4,
2028 928 2071 1007 5),
2099 926 2180 990 dum
2210 927 2251 990 ad

246 1018 356 1083 larvas
379 1016 568 1090 obtendant,
591 1015 725 1078 minime
746 1032 939 1094 permovere
960 1033 1019 1076 nos
1038 1012 1133 1076 debet
1150 1014 1222 1076 ina·
1248 1062 1250 1069 .
1274 1010 1365 1074 illam
1394 1032 1453 1075 nos
1481 1011 1645 1087 hortatur,
1679 1033 1738 1094 pro
1761 1011 1971 1076 fundamento
1997 1013 2111 1088 sumit,
2146 1034 2252 1076 unum

246 1106 299 1168 nis
322 1104 375 1167 hic
397 1103 511 1185 fulgor,
535 1121 600 1181 quo
622 1099 819 1180 simplicium
841 1098 924 1162 oculi
947 1099 1222 1181 perstringuntur,
1275 1117 1346 1160 esse
1368 1096 1487 1172 Deum,
1511 1119 1611 1161 unam
1633 1097 1731 1161 fidem
1753 1106 1787 1162 et
1808 1120 1911 1161 unum
1933 1098 2141 1181 baptismum.
2179 1097 2253 1162 Imo
2328 1111 2330 1123 '

245 1199 284 1255 ut
311 1189 479 1254 ecclesiam
508 1208 578 1250 esse
605 1185 800 1266 recipiamus
827 1184 883 1247 ubi
910 1183 1048 1248 verbum
1069 1185 1132 1248 Dei
1155 1205 1223 1248 non
1275 1180 1459 1263 ubicunque
1492 1204 1550 1247 nos
1583 1182 1670 1247 idem
1701 1185 1821 1248 sentire
1854 1191 1888 1248 et
1919 1184 2006 1248 idem
2034 1183 2119 1247 velle
2147 1183 2251 1261 docet,

245 1284 390 1358 apparet.
425 1273 517 1336 Haec
538 1273 626 1335 enim
646 1280 803 1353 perpetua
820 1278 870 1333 est
887 1278 973 1346 nota,
998 1291 1061 1351 qua
1079 1271 1224 1352 signavit
1276 1269 1428 1332 continuo
1451 1268 1550 1345 addit,
1573 1269 1608 1332 in
1625 1267 1768 1346 Christo,
1791 1269 1843 1333 vel
1865 1270 2045 1334 secundum
2062 1268 2252 1346 Christum

246 1382 323 1426 snos
352 1360 514 1424 Dominus
541 1365 665 1421 noster:
699 1357 756 1438 qui
783 1364 834 1420 est
860 1377 901 1418 ex
930 1357 1083 1430 veritate,
1117 1357 1224 1437 inquit
1276 1354 1464 1436 significans
1486 1355 1660 1437 impiorum
1681 1375 1752 1419 esse
1772 1356 1961 1432 factionem,
1989 1377 2055 1419 non
2083 1357 2253 1438 conspira-

246 1446 375 1524 (Icann.
403 1449 451 1520 18,
477 1444 548 1526 37),
577 1442 670 1506 audit
691 1463 804 1506 vocem
825 1461 941 1504 meam.
986 1440 1071 1504 Item
1093 1441 1222 1516 (Ioann.
1248 1448 1250 1523 ξ
1275 1440 1397 1503 tionem
1419 1438 1574 1516 fidelium,
1596 1462 1679 1522 quae
1701 1443 1739 1504 fit
1760 1450 1855 1505 extra
1877 1440 2014 1507 verbum
2034 1442 2180 1505 Domini.

249 1536 297 1609 10,
315 1532 380 1613 14):
405 1551 465 1613 ego
487 1550 559 1593 snm
581 1536 692 1610 pastor
713 1527 770 1591 ille
791 1527 896 1591 bonus
918 1535 951 1590 et
968 1548 1125 1609 cognosco
1146 1549 1224 1591 oves
1362 1527 1390 1587 6.
1434 1526 1577 1590 Paulum
1604 1547 1731 1608 quoque
1758 1536 1915 1607 sequutus
1933 1525 2123 1613 Cyprianus
2149 1528 2253 1592 totius

246 1637 336 1683 meas
358 1626 391 1679 et
412 1635 589 1697 cognoscor
610 1636 630 1677 a
651 1615 747 1691 mcis;
770 1633 847 1677 ores
869 1634 962 1676 meae
984 1633 1096 1677 vocem
1116 1635 1223 1677 meam
1275 1609 1509 1675 ecclesiasticae
1542 1610 1731 1676 concordiae
1763 1615 1887 1676 fontem
1919 1606 1963 1679 sb
1994 1614 2091 1678 unico
2123 1613 2254 1679 Christi

246 1702 386 1766 audiunt
403 1712 437 1766 et
454 1721 514 1783 ego
532 1720 691 1783 cognosco
709 1720 765 1763 eas
782 1709 816 1762 et
833 1709 1014 1779 sequuntur
1032 1720 1092 1761 me.
1117 1698 1223 1763 Paulo
1248 1700 1251 1793 Ι
1275 1697 1461 1778 episcopatu
1480 1697 1576 1761 ducit.
1587 1698 1610 1780 ¹)
1640 1699 1762 1762 Postea
1779 1699 1922 1763 subiicit:
1945 1698 2081 1764 ecclesia
2102 1720 2169 1762 nna
2190 1709 2254 1777 est,

246 1798 356 1853 etitem
384 1797 460 1851 ante
489 1785 581 1867 (ibid.
606 1786 641 1869 4)
669 1784 810 1849 dixerat:
840 1805 917 1848 oves
941 1796 1104 1865 pastorem
1127 1806 1224 1847 suum
1248 1800 1251 1819 ¹
1275 1783 1410 1863 quaein
1428 1783 1672 1847 multitudinem
1690 1784 1787 1848 latius
1805 1786 2005 1850 incremento
2023 1783 2255 1851 foecunditatis

247 1873 355 1955 sequi,
387 1873 464 1955 quia
491 1880 656 1936 noverunt
684 1890 796 1933 vocem
825 1871 910 1945 eius;
944 1869 1087 1933 alienum
1115 1879 1224 1934 autem
1249 1824 1252 1927 l
1276 1867 1477 1946 extenditur3
1507 1891 1572 1950 qno
1598 1868 1693 1933 modo
1720 1870 1797 1934 solis
1825 1871 1908 1935 radii
1935 1871 2033 1934 multi
2060 1871 2118 1935 sed
2137 1870 2254 1934 lumen

250 1980 318 2024 non
346 1960 452 2040 sequi,
481 1958 538 2021 sed
566 1958 710 2037 effugere
732 1957 772 2020 ab
794 1977 846 2031 eo,
875 1956 953 2037 quia
975 1977 1040 2019 non
1062 1965 1225 2019 noverunt
1250 1940 1253 2055 l
1277 1974 1389 2030 unum,
1412 1966 1445 2017 et
1467 1955 1549 2017 rami
1573 1955 1696 2019 arboris
1718 1956 1814 2019 multi
1832 1957 1889 2021 sed
1907 1957 2006 2021 robur
2022 1979 2128 2020 nuum
2145 1958 2254 2022 tenaci

250 2066 364 2109 vocem
386 2045 576 2107 alienorum.
621 2041 710 2121 Quid
731 2042 832 2124 igitur
859 2050 974 2122 sponte
1001 2042 1037 2103 in
1064 2042 1226 2106 censenda
1250 2060 1253 2119 ι
1277 2038 1385 2103 radice
1407 2039 1581 2104 fundatum
1588 2064 1596 2118 ;
1618 2051 1652 2105 et
1669 2062 1769 2122 quum
1789 2041 1934 2106 defunto
1954 2063 2020 2106 uno
2036 2043 2099 2106 rivi
2118 2042 2255 2124 plurimi

250 2131 386 2195 ccclesia
415 2130 609 2202 insanimus,
641 2149 742 2209 quum
764 2148 837 2190 eam
858 2128 993 2190 minime
1015 2127 1114 2192 dubio
1135 2148 1226 2209 sym-
1250 2122 1254 2205 l
1278 2123 1440 2201 defluunt,
1474 2128 1692 2191 numerositas
1718 2127 1794 2192 licet
1821 2126 1941 2192 diffusa
1967 2128 2121 2192 videatur
2149 2150 2254 2192 exun-

250 2216 325 2281 bolo
343 2215 523 2297 designarit
540 2213 714 2277 Christus?
737 2211 824 2294 quod
846 2208 1028 2294 ubicunque
1051 2221 1225 2295 spectatur,
1251 2260 1254 2287 ,
1278 2209 1386 2274 dantis
1408 2212 1519 2292 copiae
1542 2212 1706 2295 largitate,
1735 2214 1845 2277 unitas
1868 2223 1977 2278 tamen
1998 2226 2111 2278 manet
2132 2216 2166 2278 in
2190 2216 2254 2279 ori·

250 2301 365 2365 fallere
393 2322 459 2363 non
487 2308 594 2382 potest
621 2301 700 2380 quin
728 2298 795 2362 illic
816 2298 986 2362 ecclesiam
1009 2308 1096 2362 certo
1118 2306 1226 2362 osten·
1251 2296 1254 2391 ξ
1278 2296 1368 2377 gine:
1391 2295 1496 2361 avelle
1518 2297 1646 2362 radium
1664 2298 1740 2363 solis
1760 2321 1779 2362 a
1796 2320 1939 2381 corpore,
1962 2299 2158 2364 divisionem
2181 2301 2253 2365 uni·

253 2385 325 2463 dat;
353 2387 408 2450 ubi
430 2407 507 2450 vero
530 2386 633 2459 abest,
657 2384 739 2447 nihil
762 2392 864 2448 restat
885 2383 970 2466 quod
991 2406 1103 2448 veram
1125 2385 1226 2449 eccle·
1251 2394 1254 2475 l
1278 2389 1329 2444 tes
1358 2402 1423 2445 non
1451 2383 1550 2464 capit;
1584 2385 1624 2448 ab
1657 2385 1772 2448 arbore
1804 2386 1920 2467 frange
1951 2406 2096 2456 ramum,
2131 2387 2254 2452 fractus

252 2473 319 2535 siae
347 2471 619 2554 significationem
648 2468 726 2533 dare
755 2470 863 2551 possit
909 2469 984 2533 Non
1012 2470 1100 2533 enim
1128 2491 1227 2551 super
1250 2484 1254 2549 j
1277 2468 1461 2549 germinare
1477 2490 1543 2532 non
1561 2471 1693 2551 poterit3
1712 2494 1732 2534 a
1749 2471 1838 2534 fonte
1854 2470 2004 2554 praecide
2021 2473 2140 2543 rivum,
2160 2493 2254 2555 prae·

251 2556 424 2622 hominum
450 2556 586 2630 iudicia,
620 2577 687 2619 non
720 2576 820 2637 super
851 2553 1031 2619 sacerdotia
1056 2555 1226 2619 fundatam
1276 2553 1362 2617 cisus
1390 2554 1521 2618 arescit:
1555 2556 1601 2618 sic
1633 2565 1665 2618 ct
1697 2556 1833 2621 ecclesia
1859 2557 1995 2621 Domini
2022 2557 2094 2622 luce
2121 2560 2255 2638 perfusa

251 2662 323 2708 esse
345 2642 523 2720 ecclesiam,
549 2641 606 2706 sed
628 2662 725 2723 super
748 2641 929 2706 doctrinam
951 2639 1172 2722 apostolorum
1194 2649 1227 2704 et
1276 2658 1337 2721 per
1363 2648 1469 2703 totum
1496 2640 1607 2704 orbem
1635 2642 1827 2722 porrigitnr;
1860 2664 1965 2706 unum
1997 2653 2104 2706 tamen
2137 2643 2253 2706 lumen

273 2729 503 2811 rophetarum,
546 2735 778 2793 commemorat
809 2725 934 2791 Paulus
976 2726 1076 2810 (Eph.
1101 2731 1134 2803 2,
1160 2728 1224 2810 20).
1251 2792 1253 2805 ,
1276 2733 1328 2788 cst
1354 2724 1439 2805 quod
1469 2726 1589 2808 ubique
1610 2726 1814 2791 diffunditur.
1859 2728 1953 2793 Nihil
1979 2729 2157 2811 elegantius
2184 2728 2252 2792 diei

249 2750 341 2896 Cain
362 2816 470 2896 potius
493 2813 672 2878 Ierusalem
695 2833 715 2875 a
735 2812 920 2896 Babylone,
944 2811 1070 2877 Christi
1092 2813 1227 2877 ecclesia
1251 2818 1254 2891 ἒ
1277 2810 1382 2892 potuit
1409 2810 1451 2874 ad
1473 2812 1719 2893 exprimendam
1741 2813 1944 2878 individuam
1966 2815 2053 2878 illam
2073 2813 2252 2878 connexio-

250 2911 426 2964 asatanae
449 2900 672 2964 coniuratione
703 2898 763 2961 hoo
792 2897 979 2962 discrimine
1008 2897 1227 2981 dignoscenda
1277 2916 1354 2959 nem
1375 2917 1475 2977 quam
1498 2896 1621 2962 habent
1641 2900 1728 2963 inter
1749 2921 1785 2963 sc
1806 2901 1918 2965 omnia
1938 2888 2063 2967 Christi
2090 2899 2251 2963 membra

250 2999 310 3061 cst,
333 3007 396 3068 quc
418 3005 473 3049 cas
493 2987 580 3049 inter
599 3007 634 3049 sc
652 2984 807 3048 Christus
829 2982 991 3048 distinxit:
1016 2985 1136 3066 quiex
1153 2984 1226 3049 Deo
1251 3040 1253 3053 ,
1277 2980 1437 3045 Videmus
1464 2990 1501 3046 ut
1526 2982 1568 3047 ad
1596 2994 1695 3066 caput
1721 2986 1828 3068 ipsum
1855 2996 2012 3068 perpetuo
2031 3007 2090 3050 nos
2111 2995 2252 3050 revocet

251 3081 310 3148 est,
334 3072 440 3152 inquit
462 3071 592 3218 glonna.
612 3075 642 3144 8,
661 3070 728 3153 47),
753 3068 854 3134 verba
879 3070 943 3133 Dei
966 3070 1072 3147 andit;
1095 3080 1225 3152 propte·
1250 3056 1254 3149 l
1277 3067 1421 3131 Proinde
1444 3067 1595 3134 haereses
1617 3080 1650 3134 et
1667 3071 1845 3136 schismata
1861 3070 1937 3135 inde
1954 3072 2033 3135 oriri
2050 3073 2252 3154 pronuntiat,

251 3176 309 3220 rea
331 3176 397 3219 non
419 3176 460 3219 an
485 3158 538 3221 itis
560 3158 636 3237 quia
657 3177 699 3219 ex
720 3156 792 3220 Dec
815 3156 989 3219 nonestis.
1024 3155 1065 3218 In
1087 3177 1224 3233 summa,
1251 3154 1253 3195 Ψ
1277 3151 1362 3234 quod
1385 3151 1428 3216 ad
1448 3154 1596 3220 veritatis
1618 3157 1780 3239 originem
1804 3180 1869 3222 uon
1898 3157 2036 3229 reditur,
2067 3179 2128 3221 nec
2156 3166 2253 3239 caput

250 3262 352 3323 quum
374 3242 510 3306 ecclesia
526 3263 665 3324 regnum
683 3241 726 3305 sit
743 3239 877 3317 Christi,
901 3250 1018 3324 regnet
1038 3248 1149 3306 autern
1171 3242 1225 3307 ille
1250 3226 1254 3307 l
1277 3240 1461 3319 quaeritur,
1489 3261 1549 3305 nec
1576 3241 1724 3307 coelestis
1751 3245 1900 3326 magistri
1922 3243 2070 3308 doctrina
2091 3254 2250 3307 servabar.

249 3328 381 3391 nonnisi
407 3349 465 3409 per
495 3328 631 3391 verbum
659 3348 770 3403 suum,
802 3347 844 3391 an
866 3326 942 3391 ullis
963 3328 1030 3391 iam
1051 3327 1225 3392 obscurum
1250 3314 1253 3411 l
1276 3324 1367 3388 liant
1394 3345 1482 3388 nunc
1508 3333 1542 3389 et
1569 3327 1737 3392 clamitent
1758 3329 1938 3395 haereticos
1959 3351 2019 3394 nos
2041 3351 2113 3393 esse
2136 3330 2192 3412 qui
2213 3328 2253 3392 ab

250 3414 315 3477 erit
340 3413 421 3494 quin
448 3412 505 3475 illa
532 3411 693 3476 mendacii
721 3413 822 3477 verba
849 3414 929 3489 sint,
959 3413 1077 3494 quibus
1099 3412 1225 3479 Christi
1250 3435 1253 3479 ι
1276 3411 1422 3493 ipsorum
1443 3411 1579 3475 ecelesia
1608 3416 1851 3479 recesserimus:
1882 3436 1983 3497 quum
2009 3415 2103 3479 nulla
2131 3415 2252 3479 aliena·

250 3518 390 3580 regnum
409 3499 531 3580 absque
548 3500 618 3562 cius
635 3509 770 3579 sceptro,
789 3497 885 3562 idest
902 3506 1105 3563 sacrosancto
1123 3500 1225 3582 ipsius
1250 3488 1253 3549 Ι
1277 3496 1375 3560 tionis
1396 3517 1494 3560 causa
1514 3498 1613 3562 fuerit
1634 3501 1699 3564 nisi
1720 3500 1801 3565 haec
1823 3523 1898 3577 una,
1919 3500 2006 3581 quod
2026 3521 2146 3582 puram
2166 3499 2252 3564 veri·

250 3581 360 3657 verbo,
383 3605 454 3647 esse
475 3583 632 3665 fingitur?
1250 3574 1253 3651 l
1276 3582 1354 3645 tatis
1375 3583 1606 3663 professionem
1630 3586 1720 3649 nullo
1742 3586 1837 3650 modo
1858 3588 1943 3649 ferre
1964 3598 2110 3668 possunt.
2148 3588 2252 3651 Taceo

339 3675 366 3732 5.
400 3669 472 3733 Iam
494 3691 571 3733 vero
593 3669 679 3751 quod
700 3691 771 3732 reos
793 3669 977 3734 schismatis
999 3682 1032 3734 et
1055 3670 1225 3736 haereseos
1276 3677 1386 3731 autem
1414 3668 1500 3750 quod
1521 3670 1785 3737 anathematibus
1806 3682 1840 3736 et
1861 3673 1941 3736 diris
1961 3694 2022 3736 nos
2044 3673 2249 3754 expulerunt

248 3775 309 3820 nos
328 3764 441 3837 agunt,
459 3757 537 3836 quia
554 3767 588 3819 et
602 3754 792 3819 dissimilem
804 3755 1027 3837 praedicemus
1045 3756 1225 3821 doctrinam
1249 3790 1252 3833 1
1276 3750 1373 3833 Quod
1394 3762 1507 3818 tamen
1528 3757 1636 3837 ipsum
1657 3760 1737 3822 satis
1759 3780 1919 3840 superque
1937 3779 1997 3821 nos
2015 3758 2161 3832 absolvit,
2184 3757 2249 3819 nisi

249 3852 283 3905 et
304 3843 373 3905 suis
396 3840 523 3924 legibus
541 3862 606 3905 non
625 3862 806 3922 pareamus,
830 3851 863 3903 et
879 3862 1026 3905 seorsum
1044 3854 1224 3907 conventus
1249 3856 1252 3893 ἰ
1275 3839 1438 3921 apostolos
1459 3862 1586 3923 quoque
1604 3843 1790 3908 schismatis
1807 3842 1965 3908 damnare
1980 3844 2094 3919 velint,
2115 3841 2248 3925 quibus-

210 3928 219 3948 *
250 3926 292 3989 sd
314 3948 439 4007 preces,
463 3925 505 3990 ad
527 3927 741 4008 baptismum,
765 3926 806 3990 ad
828 3947 947 3991 coenae
969 3927 1224 3993 administratio-
1249 3896 1252 3991 l
1275 3947 1351 3990 cum
1372 3926 1512 3990 similem
1535 3926 1692 3994 habemus
1714 3951 1855 3994 causam.
1899 3928 2079 4001 Praedixit,
2102 3930 2247 4008 inquam,

250 4028 331 4073 nem·
349 4011 491 4093 aliasque
513 4034 623 4077 sacras
646 4014 788 4079 oenones
811 4013 1003 4078 habeamus:
1030 4014 1224 4096 gravissima
1249 4032 1252 4077 ι
1276 4009 1429 4075 Christus
1451 4013 1605 4094 apostolis
1627 4016 1703 4089 suis,
1726 4016 1795 4079 fore
1816 4023 1854 4079 nt
1876 4037 1896 4079 a
1917 4016 2092 4162 synogoffi's
2112 4025 2250 4095 propter

250 4096 381 4178 quidem
408 4110 459 4161 est
485 4100 662 4173 accusatio,
696 4099 753 4162 sed
785 4118 868 4180 quac
895 4119 1105 4180 nequaquam·
1127 4099 1224 4181 longa
1248 4096 1252 4139 ³
1274 4117 1395 4160 nomen
1416 4117 1512 4161 suum
1533 4099 1730 4165 elicerentur
1751 4102 1879 4181 (Ioann.
1903 4107 1951 4177 16,
1970 4106 2013 4165 2.
2075 4099 2125 4162 lae
2147 4120 2249 4180 porro

249 4191 308 4246 aut
334 4182 493 4247 laboriosa
520 4184 707 4249 defensione
735 4205 816 4266 opus
847 4184 954 4248 habet
1000 4185 1165 4249 Haeretici
1191 4195 1224 4249 et
1248 4198 1251 4269 ξ
1275 4202 1462 4266 synagogae
1491 4183 1531 4249 de
1552 4186 1670 4266 quibus
1692 4187 1848 4269 loquitur,
1871 4185 1955 4253 'tunc
1976 4185 2180 4251 habebantur
2201 4186 2250 4250 le-

248 4268 447 4334 schismatici
479 4280 657 4346 vocantur,
699 4272 754 4351 qui
787 4269 919 4334 dissidio
951 4271 1037 4335 facto
1070 4271 1224 4336 ecclcsiae
1248 4278 1251 4357 i
1275 4269 1409 4350 gitimac
1426 4269 1590 4334 ecclesiae.
1623 4270 1736 4352 Quum
1758 4294 1835 4356 ergo
1859 4274 1977 4338 eiectos
1997 4293 2068 4337 esse
2089 4293 2151 4335 nos
2173 4292 2249 4335 con·

247 4357 511 4420 communionem
543 4354 708 4419 dirimunt
753 4355 845 4419 Haec
872 4376 968 4437 porro
997 4356 1122 4421 duobus
1151 4359 1251 4421 rin-·:
1274 4366 1347 4431 stet,
1370 4353 1466 4436 idque
1487 4368 1620 4440 propter
1640 4357 1765 4424 Christi
1787 4380 1906 4422 nomen
1927 4361 2026 4424 fixisse
2047 4359 2169 4422 factum
2193 4379 2249 4439 pa·

247 4440 330 4505 culis
348 4442 540 4513 continetur,
563 4462 662 4505 sanae
685 4440 849 4505 doetrinae
871 4444 1083 4507 consensione
1103 4453 1137 4507 et
1157 4445 1222 4507 fra-
1248 4490 1251 4513 .
1274 4442 1337 4504 rati
1359 4441 1462 4505 simus
1484 4441 1662 4520 ostendere,
1687 4444 1726 4508 de
1748 4466 1849 4510 causa
1869 4455 1957 4510 certe
1976 4447 2070 4527 prius
2090 4465 2249 4526 quaeren-

248 4533 343 4591 terna
360 4528 504 4591 caritate.
533 4526 629 4591 Unde
647 4528 732 4591 inter
751 4527 930 4591 haereticos
948 4540 982 4590 ct
998 4529 1223 4594 schismaticos
1247 4522 1251 4609 l
1275 4525 1354 4591 dum
1381 4534 1431 4591 est
1458 4549 1559 4610 quam
1585 4529 1706 4611 aliquid
1735 4529 1775 4594 de
1803 4531 1896 4596 nobis
1918 4532 1952 4594 in
1975 4531 2061 4595 hanc
2083 4530 2137 4594 vel
2159 4529 2251 4592 illam

248 4611 310 4676 hoe
327 4612 523 4677 discriminis
540 4613 632 4693 ponit
649 4614 863 4696 Augustinus,
872 4612 896 4695 ¹)
919 4613 1005 4694 quod
1026 4614 1073 4677 illi
1091 4614 1222 4697 quidem
1247 4624 1251 4663 Ι
1273 4626 1401 4695 partem
1432 4612 1614 4679 definiatur.
1659 4614 1727 4681 Sed
1762 4616 1823 4680 hoc
1856 4617 1941 4691 illis,
1977 4618 2006 4681 si
2043 4617 2090 4679 ita
2127 4614 2249 4690 volunt,

246 4698 338 4762 falsis
360 4696 568 4780 dogmatibus
588 4697 665 4762 fidei
686 4699 908 4764 sinceritatem
935 4709 1159 4783 corrumpant3
1187 4701 1222 4764 hi
1247 4666 1250 4783 l
1273 4709 1389 4782 sponte
1417 4701 1563 4765 remitto:
1592 4701 1722 4766 abunde
1749 4704 1837 4766 enim
1865 4703 1947 4766 mihi
1974 4710 2040 4778 est,
2070 4701 2252 4784 oportuisse

247 4798 357 4847 autem
375 4783 542 4847 interdum
559 4784 659 4848 etiam
675 4785 711 4848 in
728 4785 804 4850 fidei
822 4783 1036 4850 similitudine
1057 4788 1222 4851 societatis
1246 4796 1250 4871 Ι
1273 4806 1333 4850 nos
1355 4787 1396 4850 ab
1418 4787 1497 4868 ipsis
1519 4787 1669 4852 recedere
1691 4800 1729 4852 ut
1750 4787 1793 4852 ad
1814 4787 1986 4853 Christum
2011 4787 2250 4852 accederemus.

248 4869 417 4933 vinculum
438 4870 653 4951 disrumpant.
689 4872 816 4934 Verum
837 4870 872 4935 id
893 4891 1020 4954 quoque
1041 4871 1250 4936 notandum‘
1361 4877 1389 4936 7.
1434 4870 1501 4937 Sed
1528 4873 1697 4956 apparebit
1723 4875 1904 4939 etiamnum
1931 4875 2052 4939 certius
2082 4893 2148 4955 quo
2181 4873 2252 4938 loco

246 4964 310 5029 est,
335 4954 420 5019 hanc
440 4956 586 5019 caritatis
606 4957 869 5022 coniunctionem
890 4958 938 5021 sic
958 4978 978 5020 a
998 4956 1076 5022 fidei
1097 4959 1222 5023 unitate
1273 4957 1366 5022 nobis
1393 4979 1464 5022 esse
1486 4958 1626 5023 debeant
1647 4958 1801 5026 ecclesiae
1823 4979 1938 5026 omnes
1958 4981 2040 5043 quas
2061 4961 2189 5024 romani
2210 4959 2251 5023 il·

315 5223 345 5289 l)
361 5225 436 5281 hibr.
455 5238 558 5296 quaest.
577 5242 672 5297 evang.
690 5246 742 5281 sac.
762 5230 858 5282 uach
878 5232 919 5283 11.
1186 5298 1195 5307 ,
1245 5168 1249 5269 l
1342 5233 1371 5298 1)
1389 5233 1428 5284 De
1445 5232 1619 5299 simplicitate
1637 5236 1829 5302 praelatorum.
