4672 5842
94 331 157 392 809
453 328 543 394 LIB.
565 329 625 395 IV.
672 328 736 394 DE
760 329 996 399 axruRNlS
1022 329 1277 397 1111111111)
1300 329 1530 397 SALUTEM.
1571 330 1675 397 CAP.
1698 330 1740 395 V.
2042 340 2107 401 810

96 515 181 598 quod
211 516 351 580 dabatur
380 528 416 580 ut
444 516 663 583 distribueret.
709 521 806 585 Nune
834 543 875 585 11
897 522 962 585 illis
991 520 1074 584 1111-
1127 518 1202 583 Nou
1220 520 1350 596 frustra
1373 521 1533 601 inquiunt,
1553 519 1634 583 haec
1652 521 1744 583 Dcus
1764 520 1918 585 ecclesiae
1937 543 2014 586 suae
2032 545 2107 604 pro-

95 603 243 683 mosyuis
271 603 376 666 nihilo
402 603 476 686 plus
497 606 647 685 pervenit
675 605 716 668 ad
737 628 899 691 pauperes
928 608 1075 689 quamsi
1127 606 1230 669 misit:
1261 604 1397 670 venient
1423 625 1532 688 reges,
1561 603 1745 669 adorabunt
1772 607 1806 669 in
1835 620 2010 688 conspectu
2039 618 2105 690 tuo,
2220 665 2223 669 .

96 690 130 751 iu
153 707 245 751 mare
267 689 511 769 proiicerentur.
550 689 689 754 Ludunt
706 713 784 776 ergo
807 694 978 759 ecclesiam
1000 714 1075 756 cum
1128 691 1189 755 tibi
1216 692 1354 754 afferent
1381 712 1534 769 muuera;
1566 712 1755 773 consurge,
1771 713 1946 776 consurge,
1970 693 2107 761 iuduere

95 775 158 837 isto
185 773 337 839 mendaci
354 775 380 859 ¹)
414 775 596 840 1111111111.
650 776 748 841 Certe
776 780 810 843 in
839 801 876 844 eo
909 799 970 844 uec
999 800 1076 843 oum
1128 777 1320 840 fortitudine
1352 784 1410 841 tua
1442 775 1543 855 Sion,
1578 775 1713 841 induere
1745 779 1952 842 vestimentis
1983 780 2107 862 gloriae

96 860 272 941 apostolica
293 861 514 933 institutione,
544 884 604 926 nec
626 884 701 927 cum
723 865 826 928 veteri
849 864 1076 930 observatione
1128 870 1204 927 tuae
1226 862 1420 939 ierusalem
1443 885 1556 928 omnes
1579 863 1619 927 de
1642 860 1731 927 Saba
1758 864 1905 939 venient,
1933 887 2050 929 aurum
2073 874 2107 930 et

97 945 206 1010 similo
222 945 388 1028 quidpiam
410 947 541 1011 habent.
586 948 700 1030 Ipsam
721 971 799 1014 vero
828 950 987 1015 bonorum
1010 949 1075 1015 dis-
1128 949 1207 1013 thus
1236 947 1434 1023 deferentes,
1468 956 1501 1012 et
1528 949 1660 1013 laudem
1685 949 1829 1013 Domino
1858 953 2104 1032 annuntiantes;

97 1033 322 1114 pausationem
345 1033 407 1096 alio
431 1034 685 1113 transtulerimt,
709 1037 806 1099 etita
824 1043 1076 1120 composuerunt
1128 1055 1225 1097 omne
1247 1056 1345 1117 pecus
1366 1033 1473 1098 Cedar
1494 1034 1748 1118 congregabitur
1769 1035 1828 1098 tibi
1851 1036 1952 1114 (Psal.
1979 1039 2028 1113 7⁵2,
2051 1043 2104 1118 103

96 1126 135 1180 ut
159 1117 243 1180 nihil
271 1118 353 1201 fiugi
377 1132 476 1200 queat
503 1120 609 1203 magis
631 1119 862 1186 inordinatum.
909 1121 1075 1203 Quemad-
1128 1120 1297 1197 111511
1323 1123 1490 1202 11611).
1536 1121 1577 1184 In
1595 1121 1656 1184 hac
1673 1122 1885 1201 ‘improbitate
1907 1123 2106 1188 confutanda

95 1201 230 1266 modum
253 1204 342 1267 enim
366 1205 509 1269 latrones
531 1206 691 1287 iugulatis
710 1207 897 1273 hominibus
920 1208 1076 1290 praedam
1129 1207 1157 1270 si
1178 1206 1318 1269 multum
1340 1207 1499 1284 insistam,
1524 1224 1638 1270 vereor
1655 1228 1697 1269 ue
1714 1206 1845 1288 ineptus
1866 1208 1986 1272 videar.
2021 1210 2105 1274 Pro-

96 1291 182 1354 inter
202 1311 237 1353 se
260 1289 421 1364 dividunt,
446 1291 493 1355 ita
514 1291 571 1354 isti
591 1301 666 1375 post
683 1295 883 1359 exstinctum
900 1293 993 1359 verbi
1010 1292 1076 1358 Dei
1128 1291 1205 1355 inde
1233 1293 1334 1357 verba
1362 1301 1484 1356 temere
1510 1291 1646 1374 perdere
1673 1313 1741 1355 nou
1769 1292 1854 1356 libet.
1901 1291 2032 1373 Quaero
2055 1305 2104 1358 ta·
2226 1299 2232 1311 '
2280 1382 2286 1394 Ι

96 1377 225 1452 lumen,
251 1376 345 1457 quasi
371 1376 518 1460 iugulata
536 1379 685 1455 eeclesia,
708 1389 867 1461 1111111111
891 1381 1076 1462 expositum
1127 1399 1220 1455 meu,
1250 1379 1277 1442 si
1288 1373 1377 1460 *quis
1406 1377 1550 1442 Iudaeus
1578 1379 1650 1443 istis
1679 1379 1873 1442 testimoniis
1902 1379 2103 1460 abuteretur,

95 1483 165 1525 esse
189 1459 328 1542 praedae
347 1483 384 1526 ac
404 1461 588 1546 direptioni,
607 1464 764 1547 quidquid
785 1468 821 1529 iu
844 1476 972 1532 sanctos
995 1487 1075 1530 usus
1128 1485 1226 1544 quam
1248 1463 1443 1528 solutionem
1472 1463 1578 1528 daturi
1608 1463 1739 1528 essent?
1773 1464 1899 1546 Nempe
1927 1467 2104 1548 reprehen-

95 1548 239 1612 dicatum
266 1555 345 1611 erat.
391 1548 507 1630 ltaque
535 1549 621 1614 facta
649 1551 807 1616 divisione
835 1553 945 1635 rapuit
972 1552 1012 1616 ad
1040 1573 1075 1616 se
1128 1549 1244 1613 dorent
1262 1550 1331 1613 eius
1347 1559 1522 1630 stuporem,
1539 1550 1626 1632 quod
1642 1571 1725 1632 quae
1742 1549 1782 1613 de
1800 1550 1963 1631 spirituali
1979 1552 2104 1618 Christi

95 1635 231 1715 quisque
253 1644 411 1715 quantum
433 1635 547 1716 potuit.
1127 1657 1229 1718 reguo
1256 1636 1469 1717 spiritualiter
1497 1636 1584 1701 dicte
1611 1646 1702 1712 sunt,
1732 1635 1774 1699 ad
1795 1656 1929 1700 carnem
1954 1646 1988 1699 et
2007 1658 2104 1702 mun-

185 1723 232 1781 16.
278 1719 343 1786 Η11
372 1728 458 1784 totae
484 1721 560 1785 illae
583 1731 709 1786 veteres
738 1724 888 1801 rationes,
913 1745 994 1806 quas
1017 1745 1074 1787 11-
1127 1719 1205 1784 dum
1227 1722 1428 1787 transferret.
1474 1720 1604 1787 Seianus
1626 1723 1713 1785 enim
1735 1721 1910 1805 prophetas
1939 1723 1998 1787 sub
2021 1725 2103 1788 ima·

95 1805 277 1886 posuimus,
307 1827 372 1869 uon
402 1813 533 1870 tantum
560 1808 786 1885 conturbatae,
818 1809 874 1873 sed
897 1830 1031 1891 prorsus
1044 1810 1074 1894 ²)
1127 1807 1202 1890 gine
1219 1828 1329 1872 rerum
1348 1807 1562 1884 terrestrium,
1582 1808 1753 1873 coelestem
1771 1808 1835 1870 Dei
1853 1807 2000 1891 gloriam,
2021 1829 2104 1890 quae

97 1901 280 1973 expunctae
313 1901 347 1955 et
379 1891 532 1957 inductae
565 1904 651 1959 sunt.
703 1895 914 1959 Potissimam
945 1906 1075 1977 partem
1125 1892 1234 1957 lucere
1256 1893 1291 1956 in
1315 1892 1449 1958 ccclesia
1470 1894 1574 1970 debet,
1597 1892 1690 1957 nobis
1711 1893 1899 1958 delineasse.
1934 1893 1996 1958 His
2015 1895 2103 1958 euim

99 1977 240 2059 episcopi
268 1978 505 2061 etpresbyteri
528 1980 660 2056 urbani,
689 1982 745 2062 qui
771 1982 848 2045 facti
871 1981 932 2044 hac
954 1982 1075 2064 praeda
1125 1977 1413 2056 benedictionibus,
1436 2001 1517 2062 quas
1539 1981 1730 2061 exprimunt
1751 2000 1864 2043 eorum
1885 1980 2103 2056 111111111-

99 2063 217 2127 divites
239 2065 325 2127 versi
346 2064 475 2127 suntin
497 2066 677 2143 canonicos,
700 2067 789 2130 inter
806 2088 840 2130 se
858 2066 1072 2148 diripuerunt.
1125 2085 1223 2146 quam
1245 2067 1354 2128 minus
1372 2064 1552 2130 abundavit
1574 2065 1717 2141 ecclesia,
1737 2085 1834 2146 quam
1853 2065 1913 2130 sub
1931 2066 2101 2147 apostolis:

98 2148 316 2213 Partitionem
344 2159 455 2212 tamen
483 2150 583 2215 fuisse
609 2151 859 2216 tumultuariam
887 2174 927 2216 11
956 2173 994 2217 eo
1017 2175 1073 2236 ap·
1126 2160 1159 2212 et
1181 2159 1291 2214 1111111
1314 2152 1382 2214 vim
1404 2153 1498 2234 regni
1520 2149 1646 2215 Christi
1665 2161 1742 2214 tunc
1760 2152 1903 2213 maxime
1924 2152 2103 2217 cfflonrisse

99 2247 200 2316 paret,
224 2234 310 2317 quod
329 2235 369 2299 de
390 2235 511 2300 finibus
533 2237 574 2300 ad
592 2237 681 2303 hune
702 2258 805 2319 usque
823 2238 911 2302 diem
933 2238 1071 2322 litigant.
1125 2257 1238 2300 ornnes
1266 2237 1419 2300 fatentur.
1470 2235 1559 2318 Quid
1588 2258 1666 2320 ergo
1697 2236 1758 2300 sibi
1781 2237 1898 2301 volunt
1925 2235 2000 2301 illae
2028 2259 2102 2302 sen·

99 2319 267 2403 Quidquid
289 2321 346 2400 sit,
369 2322 431 2385 hae
453 2321 615 2388 decisione
637 2326 806 2406 provisum
829 2333 938 2389 estne
961 2326 1072 2390 obolus
1125 2321 1268 2386 tentiae?
1314 2321 1482 2406 Quidquid
1511 2322 1638 2404 uspiam
1666 2331 1716 2386 est
1737 2323 1929 2403 pretiosum,
1953 2323 2112 2402 sublime,

97 2429 183 2472 unus
210 2429 251 2471 ex
277 2405 427 2473 omnibus
460 2407 614 2473 ecclesiae
642 2408 736 2474 bonis
766 2408 808 2474 ad
834 2431 993 2492 pauperes
1020 2432 1072 2475 re-
1124 2408 1337 2490 praeclarum,
1357 2408 1390 2472 id
1407 2425 1554 2491 oportere
1566 2408 1708 2472 Domino
1725 2407 1848 2495 subiici.
1879 2407 1973 2489 Quod
1992 2416 2104 2473 autem

97 2492 200 2569 diret,
235 2514 371 2573 quorum
406 2493 541 2559 dimidia
578 2495 696 2559 saltem
728 2518 769 2560 11
801 2506 894 2578 parte
931 2497 1069 2561 fuerant.
1123 2494 1316 2558 nominatim
1328 2494 1368 2557 111
1379 2495 1510 2577 regibus
1522 2494 1650 2571 dicitur,
1662 2496 1764 2559 fasces
1776 2493 1993 2559 submissuros
2004 2494 2103 2559 Chri·

96 2578 298 2643 Nominatim
325 2580 413 2644 enirn
442 2592 592 2662 quartam
620 2591 747 2664 partem
772 2604 912 2647 canones
934 2582 998 2647 illis
1021 2591 1071 2647 11
1123 2589 1182 2657 sto,
1206 2579 1391 2644 diademata
1412 2603 1472 2644 sua
1492 2582 1692 2662 proiecturus
1720 2579 1761 2644 ad
1789 2580 1859 2644 eius
1881 2579 1996 2661 pedes,
2024 2602 2102 2662 opes

96 2663 264 2743 tribuunt;
312 2666 452 2730 alteram
495 2688 573 2731 vero
610 2676 760 2748 quartam
800 2666 872 2732 ideo
905 2668 1072 2733 destinant
1123 2688 1200 2730 suas
1222 2675 1467 2731 consecraturos
1490 2666 1657 2742 ecclesiae,
1687 2665 1816 2747 quando
1838 2666 1948 2730 verius
1971 2688 2008 2731 ac
2032 2666 2100 2748 ple-

95 2752 267 2833 episcopis,
293 2761 331 2816 ut
358 2753 394 2815 in
421 2752 677 2834 hospitalitatem
707 2762 740 2816 et
766 2754 831 2818 alia
859 2754 1071 2837 benignitatis
1122 2753 1197 2816 nius
1219 2751 1403 2816 exhibitum
1424 2754 1523 2817 111111
1550 2749 1672 2830 dicent,
1702 2773 1800 2835 quam
1828 2773 1929 2834 quum
1951 2750 2100 2816 Theodo-

93 2838 198 2902 officia
236 2846 381 2921 erogent.
439 2839 544 2903 Taceo
576 2838 656 2919 quid
687 2861 748 2904 sua
784 2839 934 2922 portione
965 2842 1071 2906 facere
1123 2840 1205 2911 sius,
1239 2839 1363 2902 abiecta
1395 2860 1561 2921 purpura,
1595 2838 1717 2904 relictis
1748 2838 1876 2919 imperii
1907 2836 2099 2920 insignibus,

93 2923 216 2999 clerici,
245 2935 279 2986 et
305 2945 402 3006 quem
430 2923 465 2987 in
488 2946 585 2989 usum
605 2924 696 2989 illam
719 2926 865 2991 conferre
889 2926 1068 2991 debuerint
1123 2933 1277 3005 tauquam
1308 2946 1393 2989 unus
1422 2924 1559 3006 quilibet
1585 2945 1627 2988 11
1646 2923 1740 3018 plebe
1769 2944 1877 2989 coram
1900 2924 1972 2987 Deo
1995 2932 2028 2987 et
2048 2944 2099 2989 eo·

93 3008 180 3070 Nam
198 3009 358 3090 reliquum
378 3010 464 3093 quod
482 3010 622 3093 templis,
641 3010 804 3090 aedificiis,
824 3012 940 3076 etaliis
958 3033 1070 3094 sump·
1122 3010 1221 3075 alesia
1242 3031 1277 3074 se
1299 3009 1340 3073 ad
1362 3010 1528 3076 solennem
1550 3010 1783 3092 poenitentiam
1805 3008 1977 3074 submisit?
2001 3029 2100 3090 quam

94 3092 181 3157 tibus
212 3093 401 3176 deputatur,
436 3095 552 3160 debere
585 3096 784 3178 pauperibus
810 3099 846 3161 iu
878 3099 1070 3163 necessitate
1122 3118 1223 3178 quum
1251 3096 1319 3178 ipse
1348 3107 1381 3160 et
1409 3096 1465 3160 alii
1492 3096 1613 3160 similes
1639 3097 1685 3179 pii
1713 3096 1818 3178 princi
1841 3116 1876 3159 es
1904 3116 1963 3158 sua
1992 3092 2100 3160 studia

94 3188 216 3259 patere,
240 3180 320 3245 satis
342 3180 601 3247 demonstratum
624 3198 681 3247 est.
727 3181 873 3264 Quaes0,
896 3185 924 3249 si
946 3184 1070 3249 1111111-
1123 3192 1157 3245 11
1178 3203 1253 3248 suas
1275 3203 1371 3247 curas
1393 3182 1434 3246 ad
1456 3202 1575 3264 puram
1596 3184 1632 3245 iu
1654 3181 1790 3247 ecelesia
1811 3117 1994 3246 doctrinam
2023 3200 2099 3245 con-

94 3264 160 3326 lam
182 3285 282 3329 unam
304 3268 432 3332 timoris
454 3266 519 3332 Dei
548 3269 584 3330 iu
611 3267 709 3332 corde
730 3269 904 3348 habereut,
930 3271 1070 3335 sustiue-
1122 3266 1332 3346 servandam,
1360 3267 1401 3332 ad
1428 3267 1584 3334 fovendos
1604 3277 1637 3332 et
1661 3266 1878 3350 protegendos
1905 3286 2002 3330 sanos
2024 3265 2100 3332 doe·

95 3357 211 3413 rentne
233 3350 318 3417 hanc
333 3354 587 3432 conscientiam,
611 3355 696 3436 quod
718 3354 873 3438 quidquid
896 3354 1070 3421 comedunt
1121 3365 1208 3418 tores
1235 3354 1465 3419 contulerunt?
1499 3356 1546 3419 At
1573 3375 1650 3419 vero
1679 3374 1778 3437 quam
1805 3373 1871 3416 non
1899 3352 2099 3416 luxuriarint

95 3457 133 3498 ae
155 3436 349 3516 vestiuntur,
373 3462 415 3502 11
436 3439 534 3515 furto,
556 3440 622 3504 imo
640 3462 683 3504 11
704 3442 873 3525 sacrilegio
895 3441 1068 3525 provenit?
1122 3448 1199 3504 tunc
1231 3442 1441 3523 supervacuis
1468 3441 1583 3522 opibus
1615 3438 1814 3515 sacerdotes,
1847 3459 1913 3502 una
1944 3437 2002 3502 illa
2033 3459 2099 3503 vox

96 3519 164 3585 Sed
191 3522 269 3603 quia
289 3521 355 3587 Dei
382 3524 502 3590 iudicio
523 3546 641 3607 parum
670 3536 930 3606 commoventur,
953 3529 1070 3593 saltem
1122 3525 1241 3610 synodi
1267 3526 1488 3608 aquileiensis,
1521 3527 1572 3591 cui
1601 3533 1752 3609 praeerat
1778 3525 1985 3601 Ambrosius,
2019 3524 2098 3589 satis

94 3606 278 3689 cogitarent
299 3608 447 3674 homines
469 3631 549 3688 esse,
572 3633 670 3676 sensu
692 3622 727 3677 et
747 3614 873 3678 ratione
896 3616 1069 3696 praeditos,
1122 3611 1278 3677 declarat:
1302 3611 1498 3695 gloriosam
1520 3613 1741 3678 sacerdotibus
1761 3612 1896 3676 Domini
1913 3617 2097 3694 paupertas.

94 3692 215 3775 quibus
242 3695 437 3776 persuadere
463 3696 579 3761 volunt
605 3719 640 3762 se
673 3697 794 3763 habere
821 3707 890 3763 tam
917 3701 1070 3782 pulchros
1122 3697 1299 3763 Habebant
1325 3707 1412 3763 certe
1440 3708 1520 3764 tuuc
1547 3698 1688 3781 episcopi
1715 3697 1890 3761 nonnullas
1917 3695 2096 3770 facultates,

95 3791 128 3842 ct
151 3778 325 3860 dispositos
354 3782 388 3844 in
415 3781 550 3846 ecclesia
578 3806 638 3848 sua
664 3784 796 3850 ordines
823 3806 922 3867 quam
948 3786 1070 3850 iactare
1122 3785 1240 3867 quibus
1262 3784 1473 3865 conspicuum
1494 3785 1649 3849 ecclesiae
1666 3784 1765 3849 decus
1783 3781 1919 3846 reddere
1935 3787 2097 3860 poterant,

94 3865 208 3929 solent.
253 3865 487 3948 Respondeant
507 3869 589 3933 mihi
610 3871 770 3949 breviter,
793 3893 833 3935 an
858 3871 1006 3939 diaconia
1027 3872 1071 3936 sit
1123 3870 1151 3934 si
1182 3879 1355 3954 putassent
1387 3870 1467 3936 haec
1497 3892 1567 3935 esse
1599 3890 1678 3935 1111
1709 3868 1864 3933 ecclesiae
1896 3872 2097 3928 ornamenta

94 3951 226 4015 furandi
253 3972 290 4014 ae
323 3953 539 4017 latrocinandi
566 3955 722 4020 licentia?
772 3957 847 4022 Hoc
875 3957 904 4021 si
936 3966 1068 4042 negant,
1123 3955 1190 4022 Sed
1212 3978 1313 4038 quum
1335 3956 1458 4021 scirent
1478 3965 1647 4037 pastorum
1669 3955 1774 4018 officio
1795 3950 1879 4015 nihil
1901 3970 1972 4013 esse
1993 3950 2099 4034 magis

95 4036 191 4101 fateri
217 4039 318 4101 etiam
351 4045 525 4121 cogentur,
558 4040 683 4106 nullam
712 4064 747 4107 se
780 4043 965 4108 diaconiam
993 4043 1070 4108 reli·
1124 4042 1308 4118 adversum,
1331 4062 1429 4122 quam
1451 4062 1640 4105 mensarum
1662 4039 1794 4113 deliciis,
1818 4036 1959 4101 vestium
1981 4037 2097 4114 nitore,

94 4144 193 4204 quam
221 4123 358 4201 habere,
392 4124 524 4205 quando
554 4125 639 4208 apud
666 4149 721 4193 eos
748 4136 816 4193 tota
843 4151 942 4212 opum
968 4130 1070 4195 eccle·
1121 4149 1243 4212 magno
1275 4126 1449 4200 famulitio,
1483 4126 1665 4208 magnificis
1697 4123 1828 4207 palatiis
1860 4122 2032 4205 splendere
2061 4141 2099 4186 ao

95 4208 299 4274 siasticarum
321 4209 560 4274 administratio
579 4213 615 4275 in
636 4214 827 4298 sacrilegam
845 4214 1070 4299 depraedatio-
1093 4206 1097 4367 p
1122 4215 1305 4297 superbire,
1333 4211 1552 4275 humilitatem
1579 4232 1616 4276 ao
1638 4209 1839 4286 modestiam,
1862 4210 1928 4272 imo
1958 4229 2098 4289 pauper·

95 4315 171 4358 nem
193 4296 302 4378 Palam
325 4316 484 4361 conversa
505 4305 564 4361 est.
1122 4308 1224 4364 tatem
1246 4301 1360 4380 ipsam,
1391 4318 1489 4379 quam
1517 4297 1671 4362 Christus
1704 4297 1790 4360 inter
1823 4315 1897 4359 suos
1930 4293 2098 4357 ministros

183 4385 230 4445 17.
267 4380 335 4446 Sed
353 4382 407 4445 hic
428 4390 569 4445 utuntur
578 4382 798 4465 pulcherrimo
811 4385 926 4451 colore.
945 4388 1071 4453 Dicunt
1122 4384 1332 4461 consecravit,
1356 4383 1578 4466 sequebantur
1598 4389 1632 4447 et
1653 4382 1808 4447 colebant.

92 4467 180 4529 enim
200 4469 354 4533 ecclcsiae
376 4467 570 4550 dignitatem
593 4488 660 4532 uon
681 4468 870 4536 indecenter
892 4472 954 4536 hac
974 4494 1067 4556 mag·
1211 4477 1258 4536 18.
1303 4471 1431 4533 Verum
1458 4491 1500 4534 ue
1523 4471 1575 4534 1111
1598 4471 1700 4533 simus
1721 4468 1898 4550 longiores,
1919 4465 2041 4527 iterum
2062 4462 2098 4526 in

92 4552 257 4617 nifioentia
284 4554 447 4619 sustineri.
493 4555 539 4618 Et
566 4553 689 4619 habent
716 4570 761 4619 ex¹
781 4577 840 4620 sua
863 4567 951 4623 secta
972 4579 1068 4640 quos·
1121 4559 1255 4623 brevem
1276 4576 1440 4620 summam
1468 4556 1672 4639 colligamus,
1695 4575 1795 4636 quam
1816 4550 1930 4635 procul
1952 4549 2037 4646 absit
2058 4568 2098 4612 ea

92 4635 168 4700 dam
190 4638 237 4702 ita
258 4639 466 4723 impudentes
488 4648 526 4704 ut
547 4638 691 4704 audeaut
714 4640 824 4723 palam
851 4643 988 4722 iactare,
1022 4645 1068 4710 sic
1121 4666 1205 4726 quae
1237 4664 1325 4707 nunc
1353 4649 1404 4706 est
1430 4662 1531 4724 opum
1564 4639 1856 4707 ecclesiasticarum
1883 4635 1936 4700 vel
1967 4633 2097 4716 dispen-

92 4719 224 4786 demum
252 4725 424 4808 adimpleri
453 4727 610 4791 vaticinia
637 4726 695 4791 illa
720 4726 837 4809 quibus
864 4728 1069 4810 splendorem
1121 4732 1212 4809 sati0,
1235 4728 1289 4793 111
1312 4727 1494 4808 dissipatio,
1524 4747 1645 4792 avera
1666 4726 1814 4790 diaconia
1840 4744 1939 4806 quam
1964 4730 1998 4785 et
2023 4741 2098 4786 111·-

91 4809 187 4889 regni
209 4807 334 4876 Christi
356 4811 545 4877 describunt
565 4819 692 4878 veteres
714 4812 908 4896 prophetae,
938 4814 995 4879 ubi
1016 4836 1069 4879 re-
1120 4815 1199 4881 bum
1220 4815 1285 4879 Dei
1303 4812 1396 4878 uobis
1418 4812 1635 4891 commendat,
1658 4819 1807 4877 etvetus
1828 4808 1965 4874 ecelesia
1986 4807 2096 4871 obser·

90 4893 165 4976 gius
198 4894 252 4959 ille
285 4908 461 4980 apparatus
492 4900 530 4963 in
563 4898 676 4964 ordine
716 4898 909 4965 sacerdotali
941 4901 1066 4967 visitur.
1122 4903 1221 4967 11111.
1282 4898 1379 4981 Quod
1418 4897 1453 4962 in
1492 4898 1689 4981 templorum
1727 4906 1882 4961 ornatum
1921 4893 2096 4970 confertur,

1119 5006 1293 5071 perperam
1313 4984 1464 5050 collocari
1485 4984 1565 5062 dieo,
1588 4985 1617 5050 si
1639 5006 1705 5048 nou
1723 4982 1918 5048 adhibeatur
1935 4980 1964 5043 is
1980 4978 2097 5043 modus

160 5118 188 5185 1)
209 5119 283 5173 111.
307 5135 375 5173 rece.
399 5121 578 5177 1111111
602 5121 989 5189 arcanissimus,
1013 5137 1068 5178 aa
1120 5095 1218 5156 quem
1244 5079 1279 5136 ‘³‘
1305 5072 1377 5154 ipsa
1403 5078 1524 5135 natum
1550 5066 1943 5219 sacrorumdprsosoribit,
1966 5075 1998 5130 et
2020 5084 2115 5158 apa·

95 5185 238 5270 1111111111·
251 5191 354 5257 aare.
423 5187 979 5257 2)1mmse,0aa‚„ffim,·0,„„
1001 5191 1068 5248 pq,
1092 5214 1095 5298 p
1121 5161 1196 5259 stoli
1218 5159 1345 5254 aliique·
1359 5147 1611 5239 sancti'patres,
1634 5164 1706 5257 tum
1746 5156 1871 5252 ostrina
1892 5161 1964 5251 tum
1985 5172 2097 5249 exem·

86 5256 240 5313 111111111.
1120 5245 1183 5329 plis
1204 5249 1495 5329 praesonpserrmt
1540 5243 1587 5308 At
1607 5241 1686 5327 quid
1706 5241 1773 5309 tale
1794 5239 1892 5307 hodie
1913 5261 1949 5304 m
1965 5235 2098 5321 temphs
