4672 5842
123 349 127 361 .
241 295 334 357 135,
889 283 1155 350 cxsmmmm
1177 247 1281 348 nim.
1305 282 1486 350 663636.
1513 288 1603 347 6336.
2188 282 2248 342 iso

1888 425 1895 448 b

245 480 334 561 (66666
361 482 463 542 autem
489 474 580 540 Deus
602 497 657 540 663
685 480 846 539 testaceum
876 495 935 536 non
962 474 1050 537 niodo
1078 473 1222 536 animare
1274 475 1398 538 lectores
1430 475 1511 537 satis
1543 473 1657 536 66161666
1686 473 1819 552 simplas
1853 473 2030 536 admonitio.
2080 469 2153 533 Iam
2185 469 2251 532 nisi

241 567 390 648 dipnntus
410 568 467 639 est,
490 562 544 625 sed
566 563 659 625 etiam
680 562 872 625 domicilium
895 581 959 624 6336
983 559 1078 623 coluit
1098 561 1222 622 6666666-
1274 562 1384 624 666-6666
1405 561 1568 623 essentiale
1591 558 1741 639 quiddam
1768 563 1845 621 63366
1873 578 2039 638 incorpore
2060 561 2250 635 separatum,

242 652 316 715 talis
349 650 489 730 spiritns,
525 649 594 711 inre
628 648 661 710 66
694 652 781 710 tanta
812 646 932 726 fictoris
959 646 1010 707 sni
1038 644 1223 708 liberalitate
1273 665 1335 708 6666
1362 645 1479 709 doceret
1506 647 1665 725 scriptura
1692 664 1748 706 nos
1776 644 1919 709 babitare
1948 645 2053 708 donios
2081 644 2195 719 luteas,
2223 645 2252 703 et

185 781 189 803 .
241 737 374 820 ploriari
391 735 493 815 potnit
516 734 632 796 Adam.
1274 736 1370 794 morte
1387 732 1527 813 miprare
1549 752 1587 794 66
1605 730 1802 794 taberrmculo
1818 732 1940 808 carnis;
1962 744 2073 793 666666
2090 728 2171 808 666661
2188 748 2252 790 cor-

331 824 359 883 2.
407 819 508 882 Porro
540 819 692 882 troniinem
725 822 862 881 66631666
895 815 1003 879 animm
1034 821 1062 878 et
1088 835 1224 894 corpore,
1275 817 1423 897 ruptibile
1443 821 1501 894 est,
1530 822 1564 879 nt
1584 816 1707 880 tandem
1728 816 1838 879 ultimo
1859 816 1910 878 die
1931 821 2121 894 reportemus
2141 833 2253 876 merce-

243 912 332 973 6666
354 907 591 969 controversiam
613 924 677 968 6336
699 903 788 968 debet.
833 903 936 981 Atque
956 903 1080 964 6666666
1102 901 1223 963 66666666
1275 902 1357 979 61666,
1382 908 1479 982 proiit
1505 923 1538 965 36
1565 903 1694 981 quisq-ne
1719 902 1851 984 pesserit
1875 902 2064 982 incorpore.
2112 900 2198 963 Nam
2218 899 2254 961 666

243 993 409 1058 essentiam
439 991 654 1063 6666666166,
681 994 815 1053 creatam
841 993 942 1052 666666
966 987 1114 1068 intellipo,
1144 1005 1223 1066 quae
1275 993 1353 1052 certe
1375 989 1442 1064 loci,
1466 993 1491 1050 ct
1513 989 1635 1051 similes
1656 989 1710 1067 qui
1726 989 1853 1066 passim
1874 993 2046 1064 6666666666,
2069 1008 2130 1049 non
2151 986 2253 1049 solnm

244 1078 377 1143 nobilior
409 1077 477 1140 eins
504 1098 587 1156 pars
619 1081 670 1138 est.
728 1074 889 1138 Interdum
922 1074 1056 1154 spiritns
1088 1077 1222 1135 6666666.
1274 1074 1439 1154 manifeste
1460 1074 1656 1156 distinpunnt
1677 1075 1818 1137 animam
1840 1096 1860 1137 a
1881 1094 2019 1154 corpore,
2041 1074 2096 1137 sed
2117 1072 2254 1135 leontinis

245 1163 319 1229 Etsi
340 1164 431 1240 66666,
455 1163 530 1226 dnm
552 1163 647 1223 simod
669 1163 845 1243 inrmuntnr
867 1159 940 1222 baec
964 1160 1104 1227 6666666,
1128 1156 1224 1239 sipul-
1275 1180 1384 1222 nomen
1406 1159 1448 1224 ad
1469 1181 1539 1223 eam
1561 1159 1788 1238 traintermnlo,
1814 1161 2022 1239 praecipuam
2044 1179 2109 1222 6336
2126 1163 2254 1237 partem

243 1251 388 1331 ficatione
408 1250 489 1311 inter
508 1267 540 1311 se
561 1248 722 1328 ‹litte-runt,
744 1247 797 1310 ubi
819 1251 919 1309 tamen
940 1265 1077 1308 seorsum
1091 1245 1225 1323 ponitur
1275 1245 1424 1309 imticant.
1470 1245 1544 1309 Iam
1565 1265 1661 1324 anum
1682 1245 1824 1308 bortatur
1844 1247 1951 1325 fideles
1975 1245 2100 1309 Paulus
2123 1245 2154 1326 (1
2176 1241 2251 1306 (lor.

244 1337 393 1416 spiritus,
422 1334 600 1397 tantundem
621 1333 702 1396 ualet
722 1339 813 1412 666-66
835 1333 952 1394 anima.
1000 1331 1100 1393 suun
1128 1348 1223 1408 ouum
1278 1336 1305 1409 7,
1328 1331 1376 1414 1),
1396 1338 1431 1394 ut
1453 1352 1486 1395 36
1507 1331 1655 1394 6666661666
1676 1331 1714 1394 66
1736 1332 1821 1393 amm
1843 1333 2075 1411 irmuinamento
2098 1331 2205 1394 caruis
2226 1333 2254 1391 et

249 1421 369 1486 Solonio
389 1421 427 1483 de
445 1425 539 1481 rmnte
557 1420 690 1498 linquens,
714 1419 789 1481 dicit
810 1423 882 1480 tuuc
899 1417 1048 1498 spiritum
1066 1415 1224 1479 adlteum
1275 1419 1418 1497 spiritns,
1441 1418 1523 1481 616663
1539 1421 1652 1496 partes
1673 1419 1708 1479 in
1729 1417 1994 1495 quibnsresident
2010 1417 2116 1481 sordes
2132 1417 2255 1495 peccati

246 1508 349 1572 redire
370 1506 424 1585 qni
444 1505 527 1569 dedit
549 1505 640 1567 611666
662 1505 763 1587 (Ε661.
788 1508 834 1573 12,
855 1502 898 1585 7).
930 1502 973 1565 Et
996 1500 1140 1566 Christus
1161 1500 1225 1580 spi·
1276 1505 1440 1567 constituit.
1488 1501 1602 1567 Petrus
1630 1523 1747 1582 qimqiie
1778 1502 1938 1566 Christum
1965 1523 2078 1567 666663
2103 1503 2135 1576 (1
2162 1502 2252 1565 Petr.

247 1595 344 1658 ritant
365 1612 458 1655 3666666
475 1592 565 1671 patri
587 1591 802 1654 commendans
820 1589 915 1672 (Luc.
936 1592 986 1663 23,
1006 1587 1072 1670 411),
1098 1585 1225 1666 Steptia-
1277 1593 1311 1665 2,
1332 1590 1387 1671 25)
1417 1590 1599 1652 66666666666
1626 1593 1787 1666 pastorem
1816 1594 1843 1651 et
1868 1590 2060 1669 episcopum,
2082 1607 2254 1668 perperam

245 1700 307 1742 nus
328 1678 421 1740 etiam
446 1675 566 1741 (bristo
588 1677 676 1759 (Aet.
701 1681 728 1747 7,
749 1676 821 1758 59),
846 1694 906 1737 666
928 1674 1019 1737 alind
1040 1673 1222 1754 intellipunt
1276 1675 1515 1754 6666666363366,
1538 1675 1603 1736 nisi
1621 1679 1721 1737 essent
1739 1675 1865 1738 animae
1883 1696 1954 1756 erpo
1973 1696 2054 1755 quas
2071 1676 2255 1756 fiiriperetur

245 1784 342 1846 666666
363 1762 416 1825 nbi
438 1762 536 1826 soluta
559 1767 603 1826 est
624 1784 644 1825 6
667 1762 772 1849 comps
794 1760 947 1842 erpastulo
970 1759 1092 1836 666666,
1120 1758 1225 1820 Deum
1275 1760 1329 1824 boe
1351 1762 1460 1842 officio.
1506 1760 1613 1839 Neque
1639 1765 1737 1823 staret
1764 1761 1845 1839 666666
1873 1760 1949 1824 616666
1976 1761 2013 1824 616
2036 1766 2161 1824 aeterna
2185 1759 2255 1823 666

246 1869 311 1915 6336
326 1853 512 1928 perpetimur
534 1849 602 1911 eins
620 1848 779 1911 6636661666.
816 1835 877 1926 (666
900 1866 971 1908 6666
987 1846 1128 1907 animam
1146 1845 1225 1906 6666
1276 1867 1401 1909 6666666
1418 1846 1527 1922 361666,
1550 1850 1578 1908 66
1595 1845 1676 1924 quod
1694 1846 1774 1908 666666
1790 1847 1915 1909 66666663
1927 1848 2111 1926 purificare,
2135 1851 2163 1908 et
2176 1865 2255 1923 pra

244 1937 398 2018 96666666
428 1935 493 1997 ideo
521 1934 669 2012 spiritum
696 1933 759 1996 dici
786 1933 862 2011 onia
888 1932 984 2010 tintus
1005 1932 1060 2007 sit,
1094 1936 1149 1993 ant
1177 1929 1225 1991 uis
1276 1953 1334 1995 663
1361 1932 1548 2010 cupiditates
1581 1931 1721 1994 militare
1753 1932 1904 1995 adsersus
1933 1934 2074 1996 animam
2106 1936 2137 2003 (1
2165 1930 2254 1994 Potr.

246 2021 399 2084 diuinitus
420 2019 528 2099 irrsnsa
551 2018 728 2100 corporibus
750 2038 830 2098 ocare
851 2023 952 2080 tamen
970 2018 1224 2092 assentatorem,
1280 2023 1306 2095 1,
1327 2026 1361 2094 93
1390 2016 1465 2080 ibid.
1487 2022 1514 2090 2,
1539 2021 1591 2100 11)
1598 2041 1608 2095 ,·
1636 2017 1717 2096 quod
1745 2019 1817 2081 item
1844 2024 1937 2081 666666
1959 2019 2107 2098 epistolae
2129 2017 2171 2080 dd
2194 2016 2257 2079 He

247 2127 296 2170 eos
318 2107 414 2167 rrinris
435 2125 538 2168 erasse
559 2106 704 2184 clesipcre,
725 2110 753 2167 et
772 2124 822 2166 res
839 2104 913 2182 ipsa
935 2109 962 2166 et
983 2107 1046 2166 tota
1067 2104 1226 2182 scriptura
1276 2105 1384 2167 bracos
1403 2103 1468 2185 (13,
1492 2106 1545 2185 17)
1561 2107 1709 2182 pastores
1730 2104 1806 2166 (licit
1823 2103 1970 2168 66666663
1988 2125 2087 2185 apere,
2110 2109 2145 2165 ut
2161 2103 2257 2166 ratio-

247 2191 385 2255 ostendit.
439 2189 552 2253 Verum
578 2191 702 2270 66661666
731 2194 787 2266 636,
815 2191 892 2253 dnm
919 2194 1019 2251 terrae
1039 2189 1116 2267 plns
1143 2188 1225 2249 iusto
1276 2210 1345 2252 66666
1377 2190 1509 2252 reddant
1535 2210 1598 2268 pro
1631 2189 1798 2252 animabus
1830 2190 1962 2266 nostris,
1995 2191 2059 2253 nisi
2087 2190 2257 2269 propriam

248 2276 344 2356 attici
372 2278 443 2338 3666
465 2274 616 2353 66666663,
644 2275 792 2351 hebetari,
821 2277 898 2353 imo,
928 2274 1004 2355 quia
1026 2295 1046 2336 a
1063 2279 1157 2353 patre
1178 2272 1226 2351 tn·
1276 2276 1440 2338 essentiam
1463 2276 1589 2338 animae
1609 2273 1761 2337 truberent.
1795 2275 1913 2338 Eodem
1934 2281 2049 2355 spectat
2069 2275 2150 2355 quod
2168 2274 2255 2337 Pon-

248 2364 369 2424 minnm
390 2361 521 2424 alicnati
542 2367 630 2433 36666,
652 2361 784 2425 tenebris
804 2382 869 2424 6336
890 2360 1073 2437 obcaecatos,
1096 2365 1130 2422 ut
1151 2379 1183 2422 36
1204 2379 1225 2420 6
1278 2361 1327 2425 lus
1350 2361 1383 2444 (2
1403 2359 1477 2424 Cor.
1501 2366 1533 2433 1,
1555 2361 1611 2443 23)
1641 2367 1747 2423 testem
1772 2363 1894 2423 6666666
1917 2361 2021 2425 Deum
2049 2362 2085 2423 in
2111 2363 2254 2423 animam

248 2450 344 2509 morte
373 2446 440 2526 fore
472 2447 654 2527 superstites
686 2467 745 2511 non
778 2448 913 2529 copitmt.
959 2444 1092 2509 Interim
1123 2450 1225 2508 666666
1276 2467 1384 2524 minum
1416 2448 1493 2527 quia
1525 2467 1580 2510 rea
1611 2467 1716 2510 coram
1744 2446 1812 2509 lteo
1844 2468 1905 2509 non
1930 2450 2017 2527 tieret
2045 2448 2109 2510 nisi
2131 2466 2254 2526 poenae

249 2552 309 2596 non
334 2533 377 2594 ita
399 2533 432 2594 in
452 2532 581 2596 66661663
602 2534 752 2597 exstincta
774 2533 831 2595 lun·
853 2537 911 2607 est,
942 2533 1019 2612 quin
1040 2529 1224 2595 immortali·
1276 2538 1355 2595 esset
1375 2533 1516 2596 obnoxia.
1559 2533 1647 2612 Qniod
1667 2533 1762 2595 etiam
1782 2533 1903 2596 6166663
1924 2531 2255 2612 enprirnitu-r··Ctrristi

249 2619 323 2681 tat-ts
351 2638 428 2681 36666
455 2638 548 2682 sensu
576 2623 751 2700 tanpantur.
799 2617 885 2682 Certe
913 2618 1111 2695 66632666666,
1145 2636 1225 2697 quae
1277 2617 1391 2695 uerbis,
1418 2617 1493 2682 61666
1522 2618 1629 2682 timere
1658 2638 1727 2699 6666
1750 2618 1832 2681 iubet
1853 2620 1908 2697 qni
1925 2624 2093 2698 postquam
2112 2619 2256 2682 munierit

249 2704 329 2767 inter
349 2704 461 2767 boumn
482 2709 510 2768 et
530 2706 650 2769 malum
667 2705 856 2779 discernens,
879 2702 944 2767 Dei
965 2704 1081 2766 iudicio
1103 2722 1225 2783 respon·
1276 2724 1397 2784 corpas,
1410 2704 2254 2788 666666666666636666616666696666666666663(1166616.

248 2791 313 2867 det,
342 2790 505 2853 indubium
534 2797 578 2853 est
603 2791 790 2855 inrnmrtalis
811 2790 943 2869 spiritus
967 2791 1100 2872 stpnum.
1148 2793 1225 2868 Quo
1281 2795 1335 2867 10,
1361 2790 1521 2867 28311110.
1549 2794 1600 2865 12,
1628 2790 1670 2873 5).
1716 2789 1790 2853 [666
1816 2791 1891 2852 dum
1920 2796 2011 2854 ardor
2036 2792 2185 2872 epistotae
2212 2790 2256 2854 ad

248 2877 337 2941 modo
369 2876 452 2938 enirn
484 2876 527 2939 ad
553 2875 616 2939 Dei
648 2871 787 2939 tribunal
816 2880 993 2955 penetraret
1025 2879 1126 2938 motus
1157 2875 1225 2938 3666
1277 2876 1435 2940 Hebraeos
1457 2874 1523 2958 (12,
1544 2874 1578 2957 9)
1598 2881 1709 2954 patres
1730 2877 1838 2940 caruis
1864 2881 1988 2940 6636666
2010 2899 2031 2941 6
2054 2877 2122 2941 Deo
2143 2877 2257 2942 distin·

248 2962 390 3038 essentia,
419 2966 446 3023 et
473 2967 618 3025 terrorem
645 2960 706 3024 sibi
735 2982 772 3025 eu
793 2966 882 3023 reatu
904 2962 1073 3025 intenderet?
1117 2959 1225 3041 Neque
1274 2964 1351 3045 pnit,
1374 2962 1429 3042 qni
1450 2982 1533 3025 666663
1555 2967 1599 3024 636
1614 2967 1710 3041 pater
1730 2963 1907 3042 spiritunon,
1932 2983 1994 3026 non
2009 2965 2113 3043 potnit
2134 2963 2256 3027 61666663

249 3048 331 3110 enim
351 3046 531 3125 spiritualis
547 3068 665 3127 poerme
690 3051 771 3109 metu
799 3046 939 3126 aflicitur
960 3067 1085 3127 corpus,
1114 3046 1224 3110 sedin
1277 3049 1459 3111 animarum
1480 3047 1648 3113 essentiam
1669 3069 1817 3111 asserere.
1862 3049 1917 3113 Aa
1936 3048 2018 3127 baec,
2042 3051 2106 3113 6636
2128 3049 2255 3112 animae

249 3132 348 3197 solam
373 3132 514 3196 animam
542 3134 641 3210 oadit;
667 3133 749 3196 unde
770 3133 925 3212 sequitur,
948 3134 1080 3197 63366666
1096 3132 1226 3213 praedi-
1276 3153 1439 3214 corporum
1465 3133 1635 3220 erpaptulis
1660 3134 1777 3198 solutae
1798 3141 1959 3198 6666666666
1978 3136 2172 3215 superstites,
2203 3135 2256 3198 ab

249 3223 314 3281 tam
335 3237 408 3281 esse.
453 3216 526 3281 Iam
547 3220 620 3298 ipsa
642 3217 706 3282 Dei
726 3220 855 3300 samnitio
877 3219 956 3282 satis
976 3219 1126 3301 coarpuit,
1155 3217 1226 3281 ani-
1276 3220 1371 3283 366616
1382 3219 1540 3282 6666666666
1556 3218 1701 3284 Christus
1712 3220 1807 3302 (Luc.
1832 3225 1879 3295 16,
1900 3220 1956 3301 22)
1970 3220 2091 3285 Lazari
2112 3222 2255 3284 66666666

249 3322 419 3383 mesenae
434 3305 586 3368 mundum
603 3304 847 3382 transscendunt,
860 3325 925 3369 esse
939 3304 1225 3383 imniortales,quia
1274 3303 1392 3389 pandio
1414 3304 1568 3384 fruentem
1593 3305 1629 3367 in
1656 3307 1731 3369 36666
1753 3306 1919 3383 Abrahae,
1946 3312 1974 3370 et
1996 3327 2124 3371 rursum
2145 3307 2256 3371 diuitis

250 3389 1086 3474 661666666666666666666666666666666666163.
1127 3389 1225 3453 Demi
1276 3392 1419 3455 animam
1435 3389 1600 3454 torrendis
1616 3392 1776 3455 tormentis
1794 3393 1960 3457 addictam.
1990 3393 2058 3456 Hoc
2075 3394 2157 3457 idem
2171 3391 2257 3456 Pau-

250 3494 308 3554 qne.
335 3494 432 3553 666666
458 3480 499 3539 666
522 3476 705 3555 praedurae
735 3476 819 3540 dotes
844 3476 957 3557 quibus
979 3476 1119 3541 bumana
1139 3496 1226 3540 66663
1278 3478 1329 3542 6663
1349 3475 1513 3556 6661666666
1534 3476 1569 3560 (2
1588 3475 1662 3541 Oor.
1684 3484 1711 3554 5,
1732 3483 1760 3541 11.
1780 3475 1830 3560 6),
1853 3499 1909 3542 nos
1931 3501 1952 3543 6
1966 3479 2036 3543 Deo
2051 3480 2258 3560 pereprinari

244 3559 352 3641 pollet,
386 3560 529 3623 diuinum
557 3562 681 3641 aliquid
708 3562 896 3642 lmentptum
924 3564 952 3626 66
975 3583 1040 3627 6336
1061 3563 1224 3639 6666666666,
1276 3564 1386 3627 docens
1405 3562 1557 3641 quamdiu
1578 3564 1613 3625 iu
1635 3584 1728 3627 carne
1750 3563 1944 3642 liebitamum
1971 3566 2041 3628 eius
2067 3584 2138 3628 cero
2161 3585 2258 3644 prae·

249 3645 373 3709 totidem
394 3652 467 3708 sunt
487 3647 672 3711 6666666163
688 3649 835 3712 essentiae
851 3650 1033 3712 testimonia.
1064 3648 1151 3711 Nam
1169 3648 1225 3728 qni
1276 3649 1377 3713 sentio
1394 3653 1485 3711 entra
1501 3667 1627 3711 6666666
1642 3650 1719 3730 snei.
1755 3649 1805 3713 Ne
1822 3651 1943 3733 loupior
1959 3652 2022 3714 sim
2038 3652 2074 3713 in
2090 3670 2257 3729 reponem

250 3731 352 3796 brutis
372 3733 562 3795 animalibus
583 3733 662 3796 66636
682 3753 800 3811 3663663,
818 3739 909 3797 entra
929 3754 1040 3815 corpus
1062 3754 1123 3797 nou
1145 3754 1226 3816 epre-
1278 3732 1488 3810 obscurabas
1505 3739 1627 3797 tant-nm
1644 3756 1683 3798 66
1703 3735 1791 3799 Lucu
1804 3737 1892 3817 (Aet.
1908 3742 1959 3809 23,
1972 3737 2007 3818 8)
2028 3737 2152 3813 addam,
2173 3737 2257 3799 inter

147 3830 153 3847 ⁸
250 3817 344 3895 ditur,
367 3819 414 3881 ccl
434 3819 544 3882 saltem
566 3840 627 3882 non
647 3820 769 3902 turpius
790 3840 823 3884 36
845 3821 979 3883 extendit
1000 3841 1095 3900 quam
1116 3821 1226 3885 adres
1280 3820 1533 3884 Sadducaeorum
1555 3839 1678 3885 errores
1695 3822 1810 3903 referri
1831 3824 1912 3902 qnod
1932 3825 2114 3903 spiritumet
2130 3823 2257 3904 aripelos

250 3902 311 3967 sibi
334 3903 469 3967 obiectas.
510 3903 629 3968 Mentis
649 3925 719 3969 oero
741 3904 894 3969 16666666
915 3906 1044 3988 apilitas
1064 3906 1178 3970 eoelum
1199 3911 1227 3970 et
1276 3926 1341 3970 6336
1363 3926 1424 3969 666
1445 3905 1608 3968 crederent.

251 3993 376 4068 terram,
398 3995 589 4070 rmturaeque
610 4012 729 4055 666666
745 3992 955 4072 perlustrans,
980 3997 1008 4055 et
1029 3991 1082 4054 ubi
1102 3993 1226 4056 saecula
1365 3994 1393 4054 3.
1439 3989 1548 4055 Huius
1576 3994 1671 4055 etiam
1698 3995 1747 4057 666
1762 3995 1908 4073 probatio
1930 3996 2003 4059 iude
2022 3996 2119 4074 timna
2140 3995 2259 4078 6616666-

251 4076 356 4139 omnia
376 4074 528 4139 intellectu
550 4081 577 4139 et
597 4078 746 4140 memoria
768 4077 926 4158 euripicen
946 4084 1004 4154 est,
1030 4078 1157 4160 36696616
1178 4079 1226 4142 di·
1278 4084 1339 4156 tur,
1357 4077 1438 4158 qtiod
1455 4076 1676 4142 (1666661666
1693 4086 1815 4144 creatus
1832 4081 1875 4144 ad
1892 4082 2063 4163 imopiuem
2080 4080 2144 4144 Dei
2157 4081 2257 4163 (Gen.

249 4180 360 4243 percus
389 4181 449 4224 3666
476 4162 570 4239 serie,
602 4161 771 4242 futuraque
797 4184 836 4227 66
862 4165 1046 4242 praeteritis
1072 4164 1225 4246 collipens,
1283 4170 1313 4241 1,
1338 4164 1403 4243 27).
1452 4164 1604 4242 (66666663
1630 4167 1713 4229 enim
1741 4168 1777 4230 in
1804 4165 1925 4230 16666666
1953 4171 2077 4231 esterno
2105 4168 2259 4250 6666616666

250 4246 332 4311 61666
363 4247 552 4311 demonstrat
579 4247 673 4312 bitere
700 4250 735 4311 in
761 4247 882 4312 immine
909 4249 1034 4331 aliquid
1061 4271 1082 4313 6
1104 4270 1225 4330 corpore
1278 4249 1342 4313 Dei
1358 4249 1470 4330 ploria,
1489 4251 1658 4329 propriam
1679 4256 1782 4315 tamen
1801 4253 1954 4335 imapinis
1971 4253 2073 4316 salem
2095 4254 2130 4315 in
2147 4256 2258 4318 anima

249 4338 438 4412 separatum.
482 4332 588 4396 Deum
614 4334 806 4397 irenisibilent
829 4338 857 4398 et
881 4335 1003 4416 ampelos
1024 4336 1225 4419 intellipentia
1277 4356 1343 4399 6336
1363 4333 1494 4398 dubium
1514 4356 1576 4399 66666
1596 4344 1647 4400 636.
1695 4339 1767 4402 Nou
1789 4339 1907 4417 intitior
1928 4339 2068 4419 6666666,
2097 4344 2259 4404 6666666666

250 4419 452 4498 cornminus,
482 4420 562 4498 qimd
590 4420 717 4483 minime
737 4421 773 4483 in
795 4440 905 4501 corpus
927 4421 1073 4502 omrrpetit.
1119 4422 1224 4500 Recta,
1277 4422 1421 4500 36666666,
1451 4427 1605 4501 6666666663
1628 4445 1685 4489 nos
1706 4425 1872 4506 distinguit
1893 4446 1914 4488 a
1935 4425 2035 4489 brutis
2055 4425 2257 4503 animalibus,

249 4505 333 4567 iusta
355 4510 383 4568 et
403 4506 543 4583 6666366,
572 4526 651 4585 quae
671 4507 782 4570 scrinis
801 4527 958 4586 corporeas
978 4507 1087 4586 latent,
1117 4529 1225 4589 appre-
1277 4527 1314 4570 66
1336 4512 1475 4586 separat,
1499 4509 1595 4573 simul
1617 4510 1687 4574 Deo
1704 4511 1840 4588 propius
1861 4512 2039 4593 adiunpere.
2086 4510 2152 4574 Nec
2173 4511 2259 4575 6666-

249 4587 422 4654 bendimns.
467 4591 559 4671 Erae
581 4590 676 4655 liuius
703 4593 921 4675 intellipentme
948 4593 1050 4657 sedem
1076 4595 1225 4676 spiritum
1276 4595 1409 4657 66666663
1431 4596 1625 4671 contemtum,
1654 4597 1685 4658 si
1713 4597 1786 4675 quis
1806 4598 1924 4660 censeri
1946 4596 2019 4661 66666
2039 4596 2096 4660 366
2118 4598 2257 4680 inopine

249 4694 314 4738 6336
335 4682 456 4756 oportet.
502 4676 570 4741 Imo
591 4698 719 4742 smnnus
740 4679 820 4760 ipse,
844 4679 899 4760 qni
916 4679 1069 4744 bominem
1091 4680 1226 4761 obstupe·
1277 4678 1356 4757 Ilei,
1379 4680 1460 4760 qnod
1481 4702 1577 4761 qnam
1592 4701 1699 4760 proruo
1720 4685 1853 4759 spectent
1874 4684 2033 4747 6666666666
2053 4688 2175 4746 caetera
2197 4687 2257 4746 ter-

248 4761 367 4840 saeiens
393 4763 458 4823 6666
486 4764 578 4825 etiam
607 4784 718 4828 enuere
745 4766 882 4843 uidetur,
918 4786 978 4830 non
1004 4766 1154 4830 obscurus
1182 4771 1226 4830 est
1277 4786 1363 4843 ram,
1392 4787 1426 4831 63
1448 4765 1567 4831 bomini
1589 4765 1719 4830 36666666
1741 4766 1850 4829 datum
1872 4773 1929 4845 est,
1956 4768 2130 4848 coelumque
2151 4767 2257 4832 uidere

250 4845 496 4909 immortalitatis
517 4850 617 4912 testis:
642 4852 767 4929 66666616
788 4871 849 4915 666
870 4853 959 4916 modo
981 4872 1088 4915 earum
1109 4872 1223 4928 rerum,
1276 4852 1391 4930 663363,
1414 4858 1443 4916 66
1464 4857 1577 4917 erectos
1594 4851 1636 4914 ad
1652 4851 1760 4915 sidera
1776 4852 1879 4917 tollere
1897 4855 2009 4919 666663.
2038 4855 2133 4919 Modo
2153 4853 2257 4934 6166666

249 4949 329 5026 quae
351 4950 509 5009 66666666
534 4934 741 5013 (6616636666,
770 4938 966 5019 capitationes
993 4939 1143 5021 36666666,
1170 4938 1225 5002 scd
1276 4938 1358 5011 illud
1389 4943 1530 5014 maneat,
1563 4938 1733 5018 imapinem
1760 4938 1838 5017 Dei,
1871 4960 1951 5019 quae
1978 4942 2014 5004 666
2040 4941 2092 5004 bis
2117 4942 2258 5004 euternis

249 5019 342 5112 etiam
370 5017 405 5078 666
432 5016 577 5096 futurum
603 5023 723 5099 tempus
750 5024 930 5106 praescip-ia.
974 5022 1120 5088 Breviter
1151 5023 1225 5089 baec
1275 5026 1359 5089 notis
1377 5024 1565 5103 conspicitur
1582 5023 1630 5086 666
1647 5025 1765 5101 enicat,
1783 5027 1983 5105 spiritualem
2000 5046 2072 5090 esse.
2099 5026 2257 5092 Osiouder

249 5105 365 5183 attinpo
397 5121 477 5181 auae
504 5104 637 5183 6666666
669 5127 789 5188 quoqne
820 5110 984 5189 scriptores
1016 5111 1225 5193 splendidiore
1276 5113 1359 5175 enim
1380 5111 1484 5194 (quem
1500 5108 1618 5187 scripta
1636 5110 1705 5174 6663
1721 5116 1875 5176 testantur
1892 5114 1928 5176 in
1942 5112 2088 5194 fartilibus
2108 5133 2257 5177 emunien-

248 5187 408 5252 verborum
434 5194 549 5253 ornatu
576 5192 737 5273 nrapnifiee
763 5194 929 5274 eumdum
955 5196 1010 5260 sed
1036 5197 1123 5278 opud
1151 5199 1224 5278 pios
1275 5199 1318 5262 tis
1337 5213 1485 5276 perverse
1515 5193 1617 5275 fuisse
1650 5197 1858 5281 inpentosum)
1892 5199 2062 5282 imomnem
2087 5197 2153 5262 Dei
2179 5219 2257 5280 pro-
2307 5212 2311 5217 '
