4672 5842
116 313 178 377 241
261 280 263 285 ’
363 336 366 343 ·
492 311 582 377 66.
605 309 648 376 11.
692 312 756 377 nu
780 311 1068 385 6661611666
1091 315 1175 383 661
1195 315 1543 384 6666611666.
1588 317 1688 384 611.
1711 319 1753 385 6.
2063 327 2131 393 aa

116 510 246 580 nostra,
280 509 318 566 ut
346 503 456 585 ipsum
484 499 669 584 diligamus.
715 501 807 586 Ergo
837 501 936 582 hanc,
970 503 1010 568 16
1033 525 1098 586 666
1149 512 1297 570 666166
1319 506 1408 588 66611
1436 504 1571 588 661166
1600 504 1734 571 6166616
1761 507 2018 587 166161161666,
2049 511 2127 578 inde

117 610 197 653 661
225 587 383 669 16661161,
417 586 608 652 facilitatem
636 609 704 651 non
730 587 766 652 in
794 587 937 653 hominis
965 590 1095 668 virtute,
1149 591 1230 656 falso
1263 591 1443 675 colligitur,
1472 591 1608 679 ‚aliquas
1641 613 1711 657 6666
1743 591 1839 657 111611
1877 594 2004 658 arbitrii
2038 598 2125 665 vires

120 674 178 740 661
208 673 245 738 16
272 695 333 756 666
360 695 397 739 66
424 672 1011 758 61666111666111166666611666611,
1040 678 1097 759 qui
1148 697 1228 759 quas
1250 677 1949 776 6661666161616161616161;666616666
1966 680 2125 749 1661166

120 782 140 826 6
162 782 202 826 66
230 781 329 825 6666
361 766 512 842 66166161
535 759 571 823 16
597 768 711 825 666116
736 760 930 825 infirmitate
957 763 1095 846 peragit.
1147 763 1182 827 id
1202 765 1304 829 finem
1324 763 1522 845 16616666
1543 771 1582 827 ut
1603 763 1644 827 ad
1665 765 1960 846 recognoscendum
1977 776 2125 835 nostram

122 783 320 928 91666666
343 867 404 910 666
425 844 465 909 16
487 845 668 928 praeceptis
690 845 883 928 simpliciter
910 847 1096 930 intelligen-
1148 846 1281 913 61166166
1296 868 1360 915 666
1381 848 1501 932 adigat.

123 932 184 998 dus
206 930 1096 1018 66116666,661666161661661661661166666666-
1236 937 1285 998 14.
1328 934 1487 1018 Pugnant
1511 935 1676 998 6116661
1701 942 1859 1017 66166166
1887 936 2041 1019 loquendi
2068 961 2122 1006 ra·

118 1018 204 1095 licis,
237 1039 320 1100 6666
349 1015 429 1084 6166
468 1016 704 1100 comparandae
733 1018 876 1082 iustitiae
904 1019 1096 1084 facultatem
1147 1021 1245 1096 tione,
1299 1041 1361 1086 uae
1394 1029 1466 1084 tum
1499 1020 1534 1084 16
1565 1019 1750 1102 6611616116,
1784 1027 1855 1085 tum
1888 1023 1923 1085 in
1950 1022 2123 1091 hominum

119 1106 154 1168 in
183 1102 277 1168 nobis
305 1124 371 1168 non
405 1102 576 1168 stabiliunt
603 1111 641 1167 ut
670 1125 743 1168 eam
774 1124 908 1185 prorsus
935 1112 1093 1170 evertant
1147 1040 1350 1173 6616661166
1372 1106 1573 1171 6166166161.
1617 1103 1788 1188 Siquidem
1809 1106 1895 1171 1666
1917 1129 2015 1192 66616
2036 1134 2122 1176 666-

118 1189 160 1267 11
180 1196 339 1274 reputans
350 1188 485 1267 Paulus,
507 1211 576 1253 non
597 1189 657 1254 sub
676 1189 759 1253 dura
775 1190 842 1268 illa,
862 1189 965 1254 ardua
984 1198 1016 1255 et
1032 1193 1095 1255 im·
1147 1198 1309 1276 cupantur
1330 1199 1451 1272 nostra,
1475 1190 1615 1273 eoquod
1639 1202 1789 1257 6666166
1809 1193 2030 1278 placitumque
2052 1199 2122 1262 Do-
2212 1218 2216 1229 ‘

118 1274 265 1360 possibili
298 1274 482 1341 conditione
510 1274 651 1340 salutem
684 1276 718 1338 in
747 1275 916 1357 evangelio
949 1277 1093 1360 proponi,
1146 1279 1236 1342 mino
1253 1285 1317 1355 661,
1349 1299 1416 1342 666
1443 1278 1552 1342 61666
1579 1278 1685 1342 facere
1713 1299 1812 1359 quarn
1844 1287 1977 1362 peccata
2005 1303 2122 1365 perpe-
2222 1309 2225 1315 ’

118 1384 184 1447 666
205 1361 375 1427 66116666
401 1359 456 1424 161
483 1362 552 1445 agit
580 1361 714 1444 (nempe
734 1367 772 1424 ut
792 1361 898 1443 ipsam
918 1363 940 1426 ii
963 1362 1095 1427 demum
1134 1372 1234 1429 trare
1257 1363 1404 1429 dicimur.
1456 1362 1553 1443 Quod
1580 1364 1607 1427 si
1634 1372 1767 1453 6666616
1794 1364 1866 1428 1616
1893 1367 1987 1431 66116
2013 1368 2121 1450 1666-

120 1453 337 1530 assequantur
370 1447 424 1529 661
458 1446 614 1511 6661616
636 1448 746 1511 66616
774 1446 1007 1529 impleverint),
1037 1448 1094 1514 sed
1145 1458 1275 1529 tantur,
1298 1450 1401 1514 veluti
1423 1470 1443 1512 6
1462 1449 1554 1513 66116
1576 1449 1732 1530 61616616,
1761 1457 1849 1514 66116
1873 1458 1907 1514 61
1928 1453 1964 1514 16
1985 1452 2122 1521 iustitiis

118 1533 215 1612 facili,
237 1532 399 1616 expedita,
423 1532 616 1616 6161666111
639 1553 796 1610 accessus,
820 1533 880 1599 hoc
908 1535 1093 1600 testimonio
1145 1536 1268 1618 aliquid
1289 1534 1382 1600 nobis
1404 1534 1640 1617 assignandum
1661 1534 1774 1598 eadem
1796 1536 1924 1600 ratione
1945 1538 2016 1602 erit
2053 1540 2121 1604 Ne·

116 1621 296 1686 confirmat
348 1617 442 1682 Nihil
473 1640 551 1702 ergo
580 1618 641 1684 hoc
668 1619 891 1683 testimonium
918 1619 960 1684 ad
980 1619 1093 1685 vendi·
1145 1643 1207 1703 que
1230 1621 1319 1685 enim
1341 1629 1597 1686 consentaneum
1626 1627 1712 1685 66661
1727 1620 1855 1699 1611661,
1880 1629 1918 1685 61
1937 1643 1976 1686 66
1998 1622 2122 1691 dicere-

116 1705 257 1792 candam
277 1705 422 1769 humano
444 1704 578 1769 arbitrio
599 1705 793 1770 libertatem.
1144 1728 1220 1771 mur
1241 1708 1347 1771 facere
1370 1705 1488 1789 quibus
1516 1704 1650 1788 agendis
1679 1706 1811 1789 proprio
1834 1713 1925 1771 motu
1946 1707 2119 1789 inhabiles,
2180 1776 2183 1781 ,

187 1793 254 1854 ·l3.
300 1789 468 1857 Obiectari
495 1790 601 1855 solent
627 1798 662 1855 61
689 1791 744 1855 alii
767 1790 900 1874 quidam
929 1792 992 1857 loci
1020 1793 1092 1874 qui·
1143 1793 1249 1858 instar
1280 1791 1427 1875 lapidum
1459 1792 1577 1857 61166
1610 1812 1824 1857 moveremur.
1869 1792 1917 1858 Ut
1950 1815 2027 1876 crgo
2054 1796 2120 1861 Dei

118 1877 178 1944 bus
217 1876 410 1956 ostenditur,
438 1877 549 1941 Deum
582 1876 760 1955 interdum,
802 1877 934 1942 reducto
967 1879 1092 1961 gratiae
1145 1881 1268 1962 gratiae
1296 1879 1420 1961 primas
1448 1876 1578 1956 demus,
1606 1885 1753 1942 nostram
1781 1888 1891 1942 tamen
1913 1901 2045 1962 operam
2066 1881 2121 1947 vel

117 1970 195 2029 tuae
206 1962 360 2041 subsidio,
383 1961 553 2048 explorare
565 1962 722 2041 homines,
746 1972 779 2027 et
794 1974 983 2046 exspectare
995 1985 1091 2046 quor·
1143 1964 1353 2030 secundariae
1375 1970 1487 2027 tenere
1509 1970 1620 2046 661166
1642 1962 1718 2027 illae
1735 1962 1940 2046 loquutiones
1962 1965 2118 2033 indicant

117 2071 191 2115 sum
229 2055 423 2114 convertant
461 2069 522 2113 sua
558 2047 675 2113 studia.
736 2048 887 2129 Qualiter
919 2063 969 2114 est
1005 2048 1092 2133 apud
1145 2049 1184 2116 Si
1206 2072 1308 2115 unum
1334 2048 1418 2113 illud
1445 2057 1629 2133 urgeretur,
1658 2047 1743 2113 1666
1769 2070 1867 2132 66616
1893 2058 2006 2116 666116
2034 2073 2120 2117 nun·

118 2132 398 2221 066616(5,15>;
433 2132 553 2200 vadam
581 2132 623 2199 ad
645 2133 754 2199 locum
776 2156 886 2199 meum
908 2134 1009 2200 donec
1033 2156 1091 2218 po·
1144 2137 1270 2220 cupari,
1306 2157 1366 2220 ego
1396 2136 1539 2201 vicissim
1567 2133 1754 2214 obiicerem,
1788 2157 1908 2216 panem
1934 2138 2121 2226 nuncupari

116 2221 251 2285 nontin
268 2219 364 2285 66116
381 2242 449 2299 666,
473 2228 507 2284 61
526 2227 686 2302 66661661
706 2220 824 2286 faciem
845 2242 961 2286 meam.
997 2221 1091 2285 11111-
1140 2229 1293 2288 -nostrum
1326 2242 1424 2304 quem
1450 2221 1544 2286 nobis
1572 2220 1644 2284 dari
1673 2241 1693 2284 a
1718 2220 1790 2285 Deo
1812 2223 1984 2303 poscimus.
2029 2222 2121 2303 Quid

117 2306 237 2383 culum,
268 2307 369 2385 61661,
393 2313 472 2385 6161,
502 2307 531 2371 61
553 2305 774 2372 consideraret
793 2306 958 2373 Dominus
979 2328 1020 2372 an
1040 2308 1092 2372 Is·
1144 2329 1185 2373 ex
1207 2308 1420 2391 possessionis
1442 2306 1537 2371 titulo
1565 2306 1760 2388 percipient,
1783 2328 1883 2388 quam
1911 2308 1975 2372 Dei
2005 2307 2121 2393 benig·

56 2409 57 2413 ’
116 2392 186 2458 rael
212 2393 329 2458 faeiem
357 2414 451 2457 suam
479 2393 686 2475 quaesiturus
708 2399 807 2470 esset,
836 2392 901 2456 nisi
932 2394 1091 2459 flexibiles
1144 2395 1248 2459 nitate
1270 2415 1307 2459 66
1336 2393 1480 2476 61616116
1507 2413 1645 2457 666616
1667 2401 1818 2456 nostrum
1840 2394 1920 2471 fieri,
1944 2394 2030 2476 6661
2056 2395 2119 2459 61·

116 2479 255 2545 11ιὶ66661
275 2479 385 2557 66161,
418 2479 475 2562 661
496 2478 621 2543 6116616
643 2486 757 2562 666616
778 2479 911 2562 ingenio
932 2480 1092 2545 inclinare
1143 2481 1232 2546 nime
1254 2479 1336 2544 alias
1352 2479 1446 2544 66116
1464 2476 1620 2543 debetur?
1644 2478 1735 2561 Ergo
1757 2486 1815 2548 661
1837 2479 1974 2543 eandem
1992 2481 2028 2543 in
2046 2502 2119 2546 ora·

116 2571 256 2647 6666661.
303 2563 1102 2647 96661661616161666611166166116116661-4
1143 2567 1232 2631 tione
1259 2563 1422 2630 dominica
1453 2563 1584 2629 rideant
1615 2562 1865 2641 absurditatem;
1899 2573 1957 2629 aut
1989 2587 2031 2630 ne
2058 2587 2119 2650 616
2219 2641 2221 2645 y

116 2650 323 2729 tutissimum,
345 2651 418 2715 Deo
439 2649 582 2733 speciem
604 2672 640 2714 66
664 2651 810 2716 61666116
833 2672 870 2716 ac
892 2651 1092 2733 proiicientis
1142 2651 1279 2717 ridiculo
1306 2651 1451 2716 habeant
1478 2648 1563 2732 quod
1588 2659 1700 2714 nostra
1721 2657 1881 2715 vocantur
1902 2648 1988 2715 bona
2009 2673 2117 2735 66616,

115 2735 272 2820 6666166
310 2758 389 2820 6166
423 2757 458 2801 66
489 2736 589 2815 16116,
651 2757 731 2802 6666
764 2737 868 2802 vitam
906 2736 942 2800 16
973 2737 1091 2803 melius
1143 2739 1179 2802 in
1198 2737 1315 2819 quibus
1335 2735 1419 2801 nihil
1440 2735 1598 2802 habemus
1620 2735 1791 2818 proprium
1818 2736 1945 2800 nisiex
1965 2737 2031 2801 Dei
2051 2737 2118 2804 lar-

115 2821 306 2888 emendarit
352 2819 420 2887 Sed
440 2819 519 2905 quid
544 2821 679 2887 taudem
707 2844 748 2887 61
775 2822 894 2888 talibus
915 2822 1092 2888 6161661-
1144 2824 1254 2907 gitate.
1288 2820 2117 2906 11661616161166661666166111166,6661666

116 2908 251 2974 versarii
272 2907 422 2973 elicient?
466 2905 503 2973 81
526 2908 657 2987 volunt,
684 2908 842 2993 populum
864 2930 883 2973 a
904 2909 976 2973 Deo
999 2907 1091 2974 1616-
1143 2911 1232 2994 ipsos
1255 2909 1364 2973 Deum
1387 2907 1501 2986 colere,
1524 2928 1657 2972 servare
1684 2907 1859 2984 iustitiam,
1886 2907 2017 2973 obedire
2039 2907 2116 2993 legi,

116 2993 230 3059 lictum
251 2995 496 3060 conversionem
516 2994 684 3077 6661666
712 3015 807 3077 66666
827 2993 995 3075 meditari,
1022 3003 1091 3060 1616
1143 2996 1235 3061 16616
1273 2994 1423 3077 66611166
1458 2991 1589 3059 6161616
1628 2992 1792 3074 scriptura
1829 3014 1925 3076 saepe
1964 2994 2116 3060 affirmat

115 3080 278 3164 scriptura
292 3080 495 3147 reclamante
522 3077 557 3143 id
578 3079 712 3159 facient;
739 3081 769 3145 si
788 3081 1005 3146 necessariam
1026 3081 1091 3146 Dei
1142 3082 1235 3147 Haec
1256 3102 1358 3164 quum
1385 3081 1453 3146 6161
1477 3079 1609 3161 propria
1635 3079 1755 3143 mentis
1782 3086 1816 3143 et
1843 3078 2024 3145 voluntatis
2045 3080 2117 3146 6111-

115 3167 256 3249 gratiam
283 3165 325 3231 61
351 3167 596 3233 conversionem
624 3167 782 3245 16166161,
816 3165 894 3248 6611
922 3167 1091 3247 66116666
1143 3170 1210 3247 616,
1245 3165 1404 3250 6666616
1432 3166 1621 3231 conveniret
1648 3163 1690 3229 ad
1714 3165 1866 3246 spiritum
1887 3164 1968 3231 haec
1991 3166 2118 3247 referri,

114 3251 269 3336 litigant?
293 3254 340 3316 At
360 3252 578 3317 necessariam
598 3251 646 3316 116
666 3251 849 3318 666661661
865 3260 903 3317 61
919 3273 1013 3318 suam
1032 3253 1090 3317 ho-
1142 3260 1176 3318 et
1197 3252 1295 3318 61661
1317 3253 1410 3318 66116
1432 3250 1542 3329 111161,
1565 3250 1629 3315 6161
1649 3249 1809 3332 quaedam
1831 3256 1917 3316 66661
1938 3251 2038 3317 studii
2059 3273 2119 3317 no-
2141 3299 2143 3304 ·

115 3339 197 3402 mini
218 3338 322 3403 velint
342 3345 507 3404 servatam
528 3337 725 3403 facultatem.
755 3337 852 3403 Unde
873 3338 908 3403 id
929 3337 1089 3421 probant?
1143 3340 1202 3405 stri
1231 3361 1307 3405 cum
1335 3337 1446 3403 divina
1474 3338 1595 3402 virtute
1624 3334 1895 3402 communicatio?
1940 3336 2118 3404 Histricis

114 3431 203 3490 certe
231 3444 298 3487 non
319 3445 361 3488 61
382 3423 452 3489 1666
474 3423 545 3502 1116,
572 3445 678 3507 neque
703 3423 873 3490 similibus.
917 3425 1019 3489 Aliud
1040 3431 1091 3490 est
1141 3425 1232 3490 nullo
1254 3424 1363 3489 labore
1390 3443 1452 3488 nos
1474 3422 1697 3501 exsolvemus,
1725 3420 1754 3487 si
1782 3423 1844 3487 1116
1865 3422 1999 3487 66166
2021 3445 2136 3506 rapu·-

113 3510 206 3574 enim
237 3507 385 3573 66661616
417 3509 457 3573 61
486 3508 633 3587 homine,
668 3517 701 3575 61
734 3509 895 3592 respicere
924 3509 1002 3593 quid
1029 3510 1091 3575 sibi
1143 3520 1249 3576 temus
1272 3531 1334 3593 quo
1356 3511 1392 3573 in
1413 3510 1535 3574 sanctis
1553 3509 1621 3591 agit
1648 3507 1784 3590 spiritus
1806 3507 1950 3574 Domini.
1994 3509 2118 3574 Extra-

113 3593 295 3679 permissus
328 3593 523 3676 relictusque
557 3602 648 3680 agat;
682 3594 786 3674 aliud,
815 3597 902 3661 61166
935 3597 1004 3662 6166
1031 3596 1091 3661 ali·
1142 3619 1205 3662 nea
1231 3604 1281 3661 est
1307 3594 1364 3659 illa
1391 3593 1568 3660 similitudo
1596 3616 1661 3676 qua
1692 3615 1752 3659 nos
1779 3593 1939 3660 invidiose
1966 3602 2117 3678 gravant

114 3678 292 3763 quantulas
320 3700 379 3763 pro
406 3679 501 3745 modo
527 3681 760 3747 imbecillitatis
790 3682 954 3747 adiuvare.
1000 3680 1090 3763 Quid
1143 3681 1226 3764 9616
1249 3682 1306 3747 661·
1325 3704 1337 3744 ι
1358 3682 1406 3745 116
1428 3680 1547 3764 1661611
1568 3687 1607 3744 61
1627 3680 1770 3744 hominis
1789 3681 1966 3745 motionem
1989 3703 2008 3745 a
2030 3682 2118 3747 iactu

115 3787 209 3849 ergo,
250 3765 336 3832 dicet
374 3766 446 3848 quis
469 3767 549 3846 166,
587 3769 758 3834 insinuant
790 3768 871 3832 istac
909 3767 1089 3833 formulae?
1142 3768 1259 3851 lapidis
1287 3767 1372 3832 nihil
1396 3766 1529 3831 differre
1555 3764 1723 3831 autumet?
1779 3766 1893 3850 Neque
1920 3787 1998 3830 6616
2024 3764 2118 3849 quid·

115 3787 1089 3937 1166666166661161166616166661116166661616111666
1142 3876 1240 3937 quam
1273 3852 1379 3918 simile
1412 3852 1620 3935 consequitur
1653 3874 1695 3916 61
1727 3859 1841 3916 666116
1872 3850 2029 3916 doctrina.
2074 3851 2114 3916 16

115 3936 376 4021 666616661166
400 3939 575 4017 6666616,
600 3939 772 4019 hortando,
790 3938 989 4023 increpando
1007 3940 1090 4004 nihil
1142 3940 1309 4004 naturales
1337 3939 1480 4004 hominis
1512 3938 1685 4004 facultates
1711 3938 1896 4015 referimus,
1926 3938 2116 4019 approbare,

116 4023 201 4106 apud
219 4031 444 4090 contumacem
470 4024 558 4089 hunc
579 4025 736 4108 populum
756 4027 939 4108 proficitur,
968 4024 1090 4091 subdu·
1142 4047 1304 4110 respuere,
1327 4025 1420 4103 velle,
1444 4023 1539 4103 nolle,
1563 4025 1651 4101 eniti,
1675 4024 1841 4102 resistere;
1870 4043 2117 4106 6666666616-

116 4130 187 4174 oam
209 4131 261 4174 me
288 4109 472 4193 paulisper,
501 4118 631 4174 61666
658 4112 807 4176 afflictari
830 4114 951 4178 tacitus
973 4112 1088 4177 sinam.
1141 4113 1220 4178 baro
1242 4112 1430 4188 vanitatem,
1449 4130 1603 4192 respuere
1625 4108 1764 4174 solidum
1787 4109 1919 4186 bonum,
1942 4109 2027 4175 velle
2047 4132 2117 4176 ma·

115 4194 243 4260 111616
269 4218 313 4261 66
340 4193 516 4278 aliquando
544 4217 619 4260 eum
641 4205 714 4279 post
741 4197 856 4281 longas
886 4198 1090 4263 calamitates
1141 4199 1220 4276 lum,
1242 4196 1329 4262 nolle
1350 4197 1488 4274 bonum,
1512 4196 1592 4259 eniti
1614 4194 1653 4258 61
1677 4195 1869 4277 666611166,
1892 4197 2044 4261 resistere
2065 4198 2117 4261 iu-

115 4282 222 4364 capiat
253 4281 321 4346 mei
353 4280 550 4360 recordati0,
587 4288 624 4345 61
657 4293 793 4364 6666161
824 4285 940 4349 166166
973 4306 1088 4348 meam.
1142 4285 1258 4349 stitiae.
1305 4281 1395 4363 Quid
1416 4282 1470 4346 hic
1492 4282 1560 4366 agit
1581 4281 1763 4346 Dominus?
1799 4279 1837 4346 Si
1860 4281 2017 4346 eiusmodi
2041 4303 2116 4364 pra·

115 4366 300 4433 Abscedere
322 4375 433 4433 autem
456 4367 636 4432 Dominum
663 4369 790 4449 procul,
819 4371 927 4454 signat
949 4370 1090 4453 prophe·
1141 4371 1242 4436 vitato
1265 4370 1315 4433 uti
1335 4368 1408 4433 vult
1428 4374 1584 4450 tanquam
1606 4367 1674 4432 irae
1692 4389 1770 4432 6666
1787 4368 2014 4442 instrumento,
2038 4366 2116 4429 diri·

115 4452 193 4518 tiam
216 4454 418 4520 submovero.
464 4450 634 4536 866661611
661 4453 777 4535 ecquid
799 4456 916 4521 facturi
943 4456 1011 4521 sint
1030 4456 1090 4520 ho·
1166 4457 1190 4519 ἰ
1211 4477 1249 4520 ac
1270 4454 1412 4520 destinat
1433 4474 1504 4536 quo
1514 4453 1655 4530 libuerit,
1679 4462 1717 4517 ut
1734 4474 1792 4536 per
1810 4454 1959 4518 vitiosam
1981 4472 2117 4516 manum

116 4540 229 4616 mines,
251 4541 415 4624 significat
437 4541 573 4605 tacitum
602 4540 749 4621 et-quasi
773 4561 807 4605 66
830 4541 1090 4621 dissimulantem
1164 4562 1263 4605 onum
1295 4562 1392 4605 suum
1424 4562 1505 4623 opus
1543 4547 1747 4623 6166666161.
1799 4536 1981 4603 866166166
2013 4537 2117 4620 igitur

117 4624 346 4690 afflictionibus
359 4626 463 4690 'variis
481 4646 536 4691 eos
554 4625 597 4690 61
613 4634 743 4708 166666
761 4647 921 4691 61616616.
953 4627 1091 4693 Utrum·
1142 4626 1317 4704 hominem,
1340 4627 1395 4709 qui
1418 4627 1481 4690 Dei
1502 4627 1665 4708 potentiae
1688 4626 1734 4688 sic
1756 4624 1866 4701 servit,
1890 4622 1968 4685 dum
1990 4622 2119 4687 libidini

33 4738 42 4747 ,
118 4731 181 4792 que
202 4711 281 4777 facit
301 4732 366 4794 666
384 4733 443 4776 666
460 4712 564 4795 magis
586 4712 745 4777 humiliet.
779 4710 886 4777 Citius
907 4713 997 4776 enim
1014 4735 1090 4779 con·
1142 4720 1270 4777 tantum
1292 4733 1370 4777 suae
1392 4712 1524 4794 obsequi
1552 4710 1676 4788 studet,
1708 4709 2118 4775 6666666166661616-

116 4796 460 4861 166161666116166
483 4796 697 4864 advorsarum
716 4797 854 4880 flagellis
871 4818 970 4880 quam
991 4800 1090 4863 corri-
1141 4820 1225 4878 mus,
1249 4797 1335 4882 quod
1358 4797 1463 4863 alieno
1491 4797 1614 4878 impetu
1636 4795 1817 4872 vibratum,
1841 4817 1901 4860 nec
1923 4806 2029 4874 motu,
2056 4816 2118 4862 nec

116 4902 282 4964 geremur,
316 4883 380 4946 6161
407 4883 525 4966 spiritu
550 4907 608 4949 suo
634 4904 694 4948 nos
723 4883 764 4947 ad
793 4904 865 4948 eam
891 4881 1090 4949 docilitatem
1141 4906 1249 4963 sensu,
1271 4905 1333 4950 nec
1350 4883 1520 4949 voluntate
1539 4882 1671 4963 propria
1686 4880 1813 4946 fertur?
1837 4880 1997 4946 Videmus
2015 4903 2118 4964 quan·

116 4975 331 5051 componeret
381 4969 485 5034 Porro
520 4970 577 5035 ubi
597 4970 769 5048 Dominus,
808 4970 948 5036 infracta
978 4976 1091 5035 nostra
1141 4978 1212 5036 tum
1233 4971 1277 5036 sit
1298 4969 1504 5037 discriminis.
1548 4965 1914 5047 961166161616616,
1938 4967 1979 5033 16
2001 4968 2119 5051 661166

115 5055 297 5136 6616166616
324 5055 469 5121 offensus
494 5062 528 5119 et
549 5062 706 5139 tanquam
727 5054 897 5140 fatigatus,
926 5076 986 5120 nos
1009 5075 1090 5138 pau·
1141 5058 1316 5141 praecipua
1344 5065 1394 5122 est
1415 5054 1585 5138 quaestio?
1628 5054 1695 5120 Ubi
1717 5076 1857 5139 regnum
1879 5055 1999 5121 inillis
2022 5075 2120 5119 suum
2240 5122 2246 5127 ,

113 5138 216 5223 116661
242 5140 364 5206 6611111
391 5139 554 5228 (6616616
582 5142 706 5208 scilicet
731 5145 831 5208 verbo
859 5164 933 5220 suo,
962 5143 997 5206 in
1027 5162 1090 5223 quo
1142 5143 1246 5225 erigit,
1265 5142 1476 5222 voluntatem,
1495 5164 1537 5207 ne
1555 5142 1647 5226 vagis
1665 5138 1854 5206 lrbrdrmbus
1872 5163 2003 5205 sursum
2025 5141 2120 5206 deor·

113 5227 337 5308 praesentiam
355 5227 520 5313 quandam
541 5229 592 5293 661
614 5228 768 5312 61111616
788 5229 886 5314 66161)
909 5243 942 5294 61
963 5228 1091 5312 616611-
1142 5249 1215 5292 666
1241 5235 1390 5310 16616161
1423 5249 1483 5310 616
1509 5236 1646 5306 6616166
1673 5227 1915 5301 inclinatione,¹
1936 5249 1994 5310 per
2022 5227 2120 5311 66111-

220 5325 335 5384 careas
352 5344 445 5401 6666
481 5329 600 5385 6611.
1882 5328 1915 5382 ro
