4672 5842
268 328 330 390 787
920 317 1186 386 institorio
1208 319 1313 386 REL.
1333 316 1516 386 (inuisa.
1540 323 1631 384 1559.
1659 356 1662 361 =

268 533 334 578 non
364 510 427 574 alia
453 508 659 575 caeremonia
684 528 760 572 usos
782 528 868 584 osse,
897 528 999 588 quum
1020 506 1161 588 aliquem
1183 508 1244 570 ini-

268 597 401 663 nistorio
435 594 667 668 admovebant.
706 614 803 676 qiiam
836 614 995 657 manuum
1028 592 1242 676 impositione.

267 683 368 748 Hunc
391 690 501 745 autem
524 682 624 744 ritum
646 680 780 745 tliixisse
803 680 942 743 arbitror
960 679 1001 743 ab
1018 677 1246 743 Hebraeorum
1649 710 1801 779 CAPUT
1822 712 1873 776 IV
1898 717 1922 797 1)

268 788 374 839 more.
403 769 457 849 qiii
485 765 572 848 quod
600 766 805 830 benedictum
837 786 874 830 ac
903 774 1130 830 consecratum
1156 764 1245 829 vole-
1875 763 1882 776 '

268 856 364 924 biiiit.
394 873 554 916 manuum
582 852 786 934 impositione
809 852 880 915 Deo
903 853 997 933 quasi
1019 860 1245 934 repraesenta·
1335 857 1401 936 De
1434 870 1549 937 Statu
1581 855 1736 937 veteris
1769 853 1968 936 ecclesiae
2001 865 2046 936 et
2075 852 2241 936 ratione

268 941 356 1006 bant.
392 939 449 1004 sic
471 939 568 1004 laceb
591 937 821 1003 benedict-urus
843 938 1004 1019 Ephraim
1027 949 1058 1000 et
1081 938 1244 1014 Mentesa,
1629 976 1636 990 .
1814 975 1821 990 .
2048 974 2055 989 .

269 1047 384 1092 eornm
424 1025 584 1107 capitibus
625 1045 741 1087 inaniis
781 1024 934 1105 imposuit
974 1023 1073 1106 (Gen.
1097 1028 1155 1101 48,
1171 1022 1244 1106 ¹14).
1373 975 1639 1086 gubernandi
1671 1003 1779 1084 (luae
1810 1006 1854 1055 111
1886 1004 1966 1056 usu
1997 975 2079 1056 fuit
2111 985 2213 1056 ¹²¹1oe

270 1111 369 1193 Quod
398 1122 556 1195 sequutus
585 1115 634 1173 cst
661 1109 825 1173 Dominus
854 1119 980 1180 noster.
1015 1130 1115 1190 quum
1148 1130 1246 1191 super
1679 1106 1894 1206 papatum.

271 1200 415 1263 iiil'iintes
441 1197 661 1279 precationem
684 1195 805 1259 lliceret
833 1194 968 1276 (Miitth.
998 1199 1044 1263 la.
1072 1195 1135 1273 lb).
1179 1196 1246 1261 Eo·
1802 1230 1806 1241 ι

272 1284 360 1353 dein.
389 1300 422 1345 iit
454 1282 608 1357 arbitror,
639 1282 824 1364 significatu
847 1280 962 1345 Iudaei
984 1301 1024 1344 ox
1047 1280 1130 1364 legis
1151 1302 1246 1363 prae·
1390 1284 1414 1341 l.
1460 1279 1630 1343 Hactenus
1660 1278 1699 1342 de
1722 1277 1835 1342 ordine
1857 1275 2089 1363 gubernandae
2111 1279 2276 1357 ecclesiae,

249 1358 392 1452 ¹iitaripto
421 1368 489 1432 suis
518 1367 684 1431 siioriticiis
716 1387 835 1431 maniis
868 1367 1089 1448 imponebant.
1136 1365 1248 1447 Quare
1300 1373 1337 1430 ut
1358 1365 1451 1429 nobis
1473 1387 1513 1428 ex
1537 1385 1619 1446 puro
1641 1365 1704 1428 Dei
1726 1365 1826 1429 verbo
1848 1363 1987 1429 traditus
1998 1373 2056 1443 est,
2079 1366 2153 1448 ct²)
2165 1365 2206 1429 de
2216 1367 2278 1428 mi·

264 1454 408 1539 ¹apostoli
429 1475 488 1535 per
508 1474 665 1516 manuum
688 1453 926 1536 impositionem
952 1473 1028 1516 eum
1050 1474 1084 1516 se
1107 1453 1179 1517 Deo
1201 1454 1248 1516 of·
1301 1451 1459 1529 nisteriis,
1490 1459 1527 1513 ut
1556 1460 1634 1514 sunt
1656 1472 1674 1514 a
1697 1449 1831 1514 Christo
1858 1452 2023 1527 instituta,
2052 1449 2276 1516 dissentimus.

272 1542 356 1605 terre
386 1538 623 1622 significabant.
647 1560 744 1620 quein
765 1538 939 1602 initiabant
961 1539 997 1601 in
1019 1539 1247 1603 ministerium.
1301 1538 1397 1602 Nunc
1426 1558 1489 1619 qiio
1519 1537 1584 1599 ista
1611 1538 1720 1600 omnia
1747 1536 1867 1600 elarius
1898 1558 1936 1600 ao
1963 1536 2160 1602 familiarius
2187 1546 2278 1619 pate·

271 1624 468 1707 Quanquam
492 1626 541 1688 usi
564 1636 641 1688 sunt
662 1625 760 1688 ctiam
779 1644 878 1706 super
896 1646 950 1688 eos
968 1624 1085 1706 quibus
1103 1625 1248 1689 visibiles
1301 1625 1396 1699 fiant,
1428 1644 1465 1686 ao
1492 1621 1610 1686 mehus
1639 1623 1736 1686 etiam
1765 1623 1798 1685 in
1827 1622 1946 1687 animis
1973 1623 2094 1687 nostris
2120 1625 2277 1706 figant-ur,

270 1712 404 1810 spiritus
427 1710 549 1793 gratias
572 1710 892 1794 confermentato.
920 1714 968 1781 la.
992 1714 1036 1791 o).
1072 1710 1248 1792 Utcunque
1302 1709 1382 1772 utile
1410 1710 1473 1773 erit
1501 1709 1535 1771 in
1563 1709 1603 1771 iis
1625 1708 1722 1772 rebus
1745 1709 1865 1772 veteris
1888 1709 2041 1773 eeclesiae
2062 1710 2201 1773 formam
2226 1731 2279 1774 re·

269 1806 326 1865 sit.
356 1796 418 1860 sirit·
446 1797 498 1860 hic
527 1796 669 1860 solennis
698 1798 780 1860 ritus
807 1797 932 1877 quoties
960 1795 1001 1859 ad
1030 1797 1249 1860 ministerium
1301 1815 1510 1878 cognoscere,
1538 1815 1621 1876 quae
1650 1793 1743 1858 nobis
1771 1794 1902 1858 divinae
1924 1795 2137 1859 institutionis
2158 1796 2278 1879 imagi·

270 1883 525 1947 ecclesiasticum
560 1881 699 1963 aliquem
734 1883 902 1947 vocabant.
948 1880 1004 1946 Sic
1036 1890 1184 1964 pastores
1216 1892 1249 1945 et
1300 1903 1376 1944 nem
1399 1880 1563 1962 quandam
1585 1879 1689 1944 oculis
1711 1881 1976 1961 repraesentabit.
2021 1880 2166 1945 'ibimetsi
2188 1883 2278 1945 enirn

271 1967 432 2036 doctores.
468 1969 513 2033 sic
541 1967 694 2031 diaconos
721 1968 963 2032 consecrabant.
1009 1968 1106 2033 Ilicet
1138 1982 1249 2033 autem
1300 1967 1420 2030 multos
1448 1986 1589 2030 canones
1616 1964 1791 2030 ediderunt
1818 1965 1948 2030 illorum
1976 1979 2162 2048 temporum
2192 1968 2277 2050 epis-

271 2055 399 2118 niilliim
429 2063 537 2117 exstet
560 2066 685 2117 ουτῐιιω
708 2070 918 2136 pmeceptum
941 2052 982 2117 de
1003 2074 1162 2118 manuimi
1185 2056 1248 2118 im·
1300 2054 1380 2134 copi,
1403 2053 1522 2133 quibus
1544 2053 1619 2133 plus
1641 2050 1832 2115 viderent-ur
1854 2054 2038 2135 exprimere
2059 2073 2157 2134 quam
2177 2054 2277 2118 sacris

271 2142 444 2223 positione.
474 2140 550 2222 qiiiii
579 2152 688 2203 tamen
716 2141 817 2203 irrisae
843 2141 878 2201 iii
907 2150 1064 2221 perpetuo
1086 2160 1147 2203 usu
1171 2161 1247 2222 apo-
1300 2138 1404 2202 literis
1432 2158 1622 2220 expressmn
1650 2148 1750 2207 esset.
1785 2159 1822 2201 ea
1856 2150 1967 2202 tamen
1998 2141 2149 2203 cautione
2177 2149 2278 2203 totam

272 2225 363 2290 siclis
386 2225 548 2292 ridemus.
578 2225 633 2289 illa
663 2233 730 2289 tani
754 2236 907 2290 uncinata
929 2246 1041 2289 eorum
1063 2225 1247 2289 observatio
1300 2245 1393 2288 suam
1420 2225 1641 2313 oeconomiam
1670 2238 1923 2306 composuerunt
1948 2222 1990 2287 ad
2023 2226 2156 2289 unicam
2188 2226 2277 2289 illam

273 2312 435 2394 pmicepti
457 2311 527 2376 rice
550 2311 643 2375 uobis
665 2332 735 2375 esse
759 2310 863 2375 debet.
908 2311 953 2374 Et
976 2318 1063 2376 certe
1091 2311 1171 2376 utile
1198 2320 1249 2375 est
1301 2309 1391 2374 verbi
1414 2311 1477 2373 Dei
1504 2330 1670 2387 normam,
1700 2319 1737 2372 ut
1765 2309 1858 2374 facile
1885 2309 1998 2374 videas
2019 2310 2103 2373 nihil
2125 2313 2194 2376 tere
2216 2312 2278 2376 liae

269 2396 426 2461 eiusmodi
449 2397 596 2479 si’iiibolo
619 2417 693 2462 cuni
716 2397 888 2461 ministerii
911 2395 1106 2479 dignitatem
1128 2398 1248 2479 populo
1299 2404 1393 2477 parte
1415 2396 1568 2460 habuisse
1591 2416 1610 2458 a
1632 2394 1731 2459 verbo
1754 2396 1818 2459 Dei
1841 2396 1993 2459 alienum.
2027 2397 2278 2462 verumetiam

268 2481 505 2550 commendari.
529 2494 599 2546 tiini
623 2504 697 2546 euin
721 2485 776 2565 qui
799 2482 969 2547 ordinat—ur
992 2483 1175 2551 admoneri.
1198 2485 1247 2566 ip-
1300 2480 1428 2563 siquid
1451 2484 1552 2563 possit
1573 2483 1609 2545 in
1631 2483 1778 2564 ipsorum
1801 2482 1961 2546 institutis
1984 2480 2178 2556 desiderari,
2202 2485 2279 2565 quia

269 2590 341 2633 auin
370 2569 436 2632 iam
466 2589 531 2632 non
562 2589 632 2633 esso
659 2570 710 2632 siri
739 2569 835 2639 iuris.
864 2567 921 2632 sed
943 2568 1017 2632 Deo
1038 2582 1071 2633 et
1093 2570 1247 2634 ecclcsiae
1300 2576 1411 2630 tamen
1433 2568 1561 2632 sincero
1583 2567 1691 2632 studio
1714 2569 1823 2632 conati
1849 2580 1927 2631 sunt
1950 2570 2014 2632 Dei
2037 2569 2279 2634 instimtionem

269 2654 301 2719 in
331 2654 523 2718 aeriitutcm
551 2654 725 2719 addictum.
775 2656 954 2719 Praeterea
976 2675 1044 2718 non
1066 2656 1128 2720 erit
1150 2657 1248 2719 inane
1300 2673 1509 2724 conservare.
1536 2666 1570 2717 et
1591 2654 1632 2719 ab
1654 2675 1693 2717 ea
1714 2674 1780 2716 non
1801 2653 1945 2717 multum
1968 2654 2172 2721 aben-arunt.
2201 2656 2280 2736 pln-

268 2741 519 2823 nimionimio
542 2761 731 2824 garilianam
754 2762 847 2805 suani
870 2741 1033 2823 originem
1060 2742 1247 2806 restitutum
1301 2740 1421 2803 rimiim
1448 2738 1605 2804 conducet
1633 2738 1686 2804 hic
1714 2738 1858 2803 breviter
1884 2740 2034 2823 colligere
2058 2738 2187 2819 qualem
2215 2742 2279 2806 ob·

267 2827 372 2890 fuerit.
409 2826 494 2890 Nam
518 2828 546 2891 si
569 2827 650 2890 nibil
675 2827 797 2891 frustra
816 2827 952 2909 spiritus
970 2827 1033 2891 Dei
1057 2828 1091 2890 in
1113 2828 1249 2892 ecclesia
1300 2826 1517 2890 servationem
1541 2825 1721 2889 habuerint.
1768 2823 2050 2904 Quemadmodum
2066 2823 2278 2899 tradidimus,

267 2912 424 2979 instituit.
454 2913 539 2977 hano
567 2914 821 2983 caeremoniam,
850 2933 952 2994 quum
981 2913 1022 2977 ab
1045 2934 1082 2977 eo
1104 2914 1249 2995 proiecta
1271 2894 1276 2989 l
1301 2911 1444 2994 triplices
1471 2912 1640 2975 ministros
1669 2911 1762 2975 nobis
1791 2911 2073 2976 commendarim
2100 2912 2276 2993 scriptura,

268 2999 318 3063 sit.
343 2999 520 3062 sentiemus
543 3019 609 3062 nou
632 3021 701 3063 esse
724 3000 891 3067 inutilem.
915 2998 1011 3062 modo
1033 3000 1068 3062 in
1090 3001 1248 3081 supersti-
1300 2998 1346 3061 ita
1368 2995 1525 3079 quidquid
1547 2998 1774 3062 ministrorum
1803 2996 1918 3061 habuit
1946 3010 2041 3062 retiis
2067 2997 2213 3067 ecclesia.
2242 3001 2276 3062 in

270 3085 389 3146 tiosiim
424 3082 560 3147 abusimi
594 3104 659 3148 nou
689 3096 846 3150 vertatur.
891 3084 964 3149 Hoc
994 3096 1158 3167 postremo
1188 3086 1247 3150 ha·
1272 3108 1275 3125 ·
1300 3092 1367 3147 ties
1394 3083 1525 3148 ordines
1554 3084 1714 3147 distinxit.
1761 3083 1847 3146 Nam
1869 3104 1911 3146 ex
1934 3083 2049 3147 ordine
2069 3082 2277 3169 presbytero-

268 3167 410 3232 bcniliim
440 3185 504 3237 est.
539 3190 603 3233 non
638 3172 828 3235 unii-ansani
855 3169 1101 3235 multitudinem
1129 3192 1248 3236 maniis
1271 3128 1275 3229 l
1300 3170 1505 3251 rampartim
1516 3170 1723 3252 eligebantur
1731 3177 1880 3251 pastores
1903 3191 1940 3234 ac
1963 3169 2125 3237 doctores:
2151 3170 2275 3252 reliqua

269 3255 459 3338 imposuisse
482 3257 550 3320 suis
570 3257 730 3320 ministris
753 3257 809 3321 sed
832 3257 917 3322 solos
940 3268 1096 3339 pastores
1131 3255 1246 3337 Qiian-
1271 3248 1275 3293 ¹
1298 3275 1375 3338 pais
1407 3277 1566 3320 censurae
1599 3277 1728 3319 morum
1759 3271 1792 3319 et
1826 3255 2078 3319 correctionibus
2117 3272 2273 3336 praeerat.

266 3361 366 3422 quam
396 3341 556 3405 incertum
585 3357 634 3405 est
657 3363 700 3405 an
722 3342 831 3423 plures
853 3364 983 3425 semper
1002 3364 1121 3408 manus
1143 3344 1247 3427 impo-
1270 3342 1275 3403 l
1298 3342 1454 3405 Diaconis
1481 3342 1652 3406 iemmissa
1679 3356 1749 3405 erat
1777 3363 1855 3405 cura
1877 3362 2059 3424 pauperum
2081 3358 2114 3405 et
2137 3342 2275 3406 eleemo

268 3427 395 3488 suerint
422 3446 531 3490 necne.
577 3425 664 3491 Illud
691 3427 823 3508 quidem
847 3430 879 3491 in
907 3428 1060 3499 diaconis.
1083 3430 1190 3493 Paulo
1213 3442 1247 3494 et
1270 3440 1275 3501 ξ
1298 3446 1457 3511 syriarum
1487 3427 1693 3511 dispensatio.
1739 3429 1896 3491 Lectores
1923 3440 2034 3491 autem
2066 3444 2099 3492 et
2132 3428 2275 3493 acoluthi

268 3510 437 3580 Bernaba.
467 3528 498 3575 et
528 3514 640 3594 paiicis
667 3512 862 3595 quibusdam
891 3514 963 3579 aliis
993 3517 1117 3580 factum
1145 3517 1246 3581 fiussc
1270 3508 1275 3571 l
1299 3513 1432 3577 nomina
1455 3535 1521 3578 nen
1544 3531 1640 3579 erant
1662 3528 1827 3578 certorum
1847 3534 2038 3581 mimeram:
2060 3535 2178 3578 verum
2195 3534 2276 3596 qnos

268 3612 405 3660 iiiiistat
451 3597 518 3661 Sed
541 3599 665 3663 Paulus
687 3601 756 3680 ipse
778 3599 855 3663 alibi
877 3623 928 3669 se.
958 3622 1023 3665 non
1052 3601 1132 3665 alios
1158 3624 1246 3667 com-
1270 3602 1275 3659 2
1299 3600 1432 3665 clericos
1454 3601 1624 3673 vocabant,
1648 3621 1702 3663 eos
1724 3601 1766 3664 ab
1787 3600 2009 3664 adulescentia
2029 3602 2129 3665 certis
2151 3601 2276 3664 exerci-

266 3682 395 3766 plures.
436 3684 608 3748 'limotlieo
642 3705 758 3748 maniis
791 3687 982 3769 imposuisse
1016 3696 1247 3752 commemorat
1299 3687 1622 3751 tiisassiiefaeiebant
1635 3685 1675 3749 ad
1698 3685 1907 3749 serviendum
1929 3686 2100 3754 ecelesiae.
2122 3707 2186 3768 quo
2206 3707 2277 3750 me·

267 3773 302 3851 (⁴2
326 3769 409 3832 liin.
439 3776 468 3837 l.
494 3774 538 3835 iil.
586 3770 755 3835 Adnioiieo
787 3790 838 3839 te.
872 3773 1000 3855 inquit.
1036 3789 1073 3837 iit
1106 3776 1246 3856 gainam
1271 3784 1275 3835 i
1299 3771 1362 3836 lius
1384 3772 1604 3855 intelligerent
1628 3792 1788 3853 quorsum
1811 3788 1919 3836 essem
1942 3771 2106 3839 destinati.
2129 3786 2162 3835 et
2180 3792 2277 3854 pera·

267 3857 405 3918 suscites
435 3877 518 3938 quae
546 3858 579 3920 in
608 3874 640 3920 te
667 3874 716 3921 est
744 3880 803 3941 per
824 3859 1065 3941 impositionem
1087 3881 1246 3924 manuum
1270 3908 1275 3921 .
1298 3859 1397 3921 tiores
1419 3860 1454 3921 iii
1476 3876 1623 3940 tempore
1645 3858 1687 3920 ad
1709 3859 1852 3921 officium
1875 3857 2081 3922 accederent:
2108 3874 2145 3919 ut
2167 3860 2279 3938 copio-

268 3961 425 4005 nieariiiii.
471 3943 557 4007 Nemi
584 3942 670 4025 quod
698 3945 732 4008 in
759 3944 863 4010 alteia
892 3945 1028 4026 epistola
1051 3943 1092 4008 de
1114 3946 1246 4028 imposi-
1270 3966 1275 3997 ι
1298 3946 1366 4008 sius
1398 3965 1476 4007 mex
1508 3944 1686 4008 ostendam.
1748 3944 1865 4025 Itaque
1896 3944 2139 4027 Hieronymus,
2154 3944 2183 4013 ⁸)
2218 3944 2280 4007 nbi

268 4028 356 4088 iiiiiie
385 4048 545 4092 nimiiiiini
573 4030 769 4115 presbiterii
799 4031 920 4095 dicitnr
952 4036 984 4100 (l
1011 4032 1094 4095 ’lini
1118 4039 1154 4099 4.
1182 4033 1245 4103 14),
1271 4062 1274 4069 ·
1298 4031 1441 4112 quinque
1462 4031 1630 4112 proposuit
1652 4030 1806 4094 ecelesiae
1828 4029 1975 4099 ordines.
1996 4044 2164 4094 enumerat
2187 4030 2279 4111 epis-

266 4132 335 4175 non
360 4113 404 4175 ita
428 4117 559 4196 accipio.
589 4118 682 4197 quasi
705 4117 830 4180 Paulus
852 4115 892 4179 de
915 4117 1083 4180 seniorum
1109 4117 1246 4200 collegio
1299 4136 1404 4198 cepoe.
1427 4117 1643 4200 presbyteros.
1667 4115 1835 4191 diaconos,
1858 4114 1987 4185 fideles.
2007 4112 2278 4193 mahumetica

266 4198 435 4279 liniuntur.
464 4201 520 4264 sal
551 4201 611 4266 hoe
640 4204 773 4266 nomine
799 4203 1039 4267 ordinationem
1066 4204 1173 4285 ipsam
1195 4206 1246 4267 in-
1271 4270 1275 4277 ,
1300 4202 1424 4283 reliquo
1450 4202 1537 4265 clero
1566 4219 1599 4266 et
1625 4203 1798 4267 monachis
1819 4202 1926 4266 locum
1950 4201 2115 4286 proprium
2146 4201 2278 4265 nullum

266 4286 392 4367 telligit:
421 4288 514 4367 ilititsl
544 4286 678 4352 dicaret:
710 4289 759 4353 liic
788 4306 825 4352 iit
847 4289 954 4373 gnitia
976 4311 1075 4371 quani
1096 4311 1156 4371 per
1176 4311 1247 4352 ma·
1271 4314 1274 4321 ¹
1299 4288 1423 4352 tribuit.

264 4390 369 4435 mmm
393 4373 632 4454 iiiipiisiiionem
655 4375 814 4456 recepisti.
837 4397 939 4458 qiiuni
963 4391 996 4438 te
1018 4374 1246 4460 presbyterum
1386 4375 1414 4436 2.
1449 4371 1579 4453 Quibus
1596 4395 1675 4457 ergo
1693 4373 1828 4439 docendi
1845 4395 1969 4438 muniis
1988 4375 2176 4438 iniunctum
2197 4388 2277 4438 erat

266 4478 423 4522 ciiraieiii.
447 4479 514 4522 non
537 4462 577 4522 sit
600 4460 703 4525 irrita.
1300 4480 1356 4525 eos
1389 4481 1504 4523 omnes
1538 4461 1751 4525 nominabant
1783 4462 2001 4544 presbpteros
2046 4460 2101 4523 Illi
2135 4481 2178 4523 ex
2218 4480 2278 4523 suo

1300 4566 1437 4611 numero
1458 4547 1494 4608 in
1516 4546 1655 4630 singulis
1676 4547 1864 4611 eititaubus
1884 4568 1988 4610 unum
2014 4545 2196 4629 eligebant.
2225 4547 2278 4611 cui

1300 4633 1483 4717 specialiter
1513 4632 1634 4697 dabant
1664 4634 1796 4697 tiuilum
1819 4633 1978 4716 episcopi.
2006 4655 2049 4697 ne
2070 4653 2112 4696 ex
2132 4633 2278 4712 asinali-

1271 4736 1384 4787 ·tate.
1418 4733 1454 4783 ut
1488 4720 1560 4783 lieri
1592 4719 1695 4796 solet,
1729 4719 1862 4783 dissidia
1895 4732 2118 4783 nascerentur.
2162 4717 2277 4801 Neque

1299 4822 1409 4870 tamen
1437 4806 1483 4870 sic
1506 4805 1630 4870 honore
1651 4818 1684 4869 et
1706 4805 1867 4889 dignitate
1888 4805 2130 4887 superiorem
2152 4806 2276 4887 episco-

1298 4913 1361 4976 pus
1392 4904 1431 4955 iit
1463 4890 1645 4955 dominium
1677 4893 1713 4956 in
1746 4892 1889 4976 collegiis
1920 4890 2073 4957 baberet:
2105 4890 2165 4956 sed
2197 4911 2277 4975 qius

1367 5184 1397 5234 li
1417 5186 1601 5234 'innascens
1617 5181 1693 5250 quod
1706 5192 1799 5243 tum
1818 5184 1858 5238 Cu
1909 5184 1994 5237 ΠΗ.
2012 5184 2037 5251 5.
2054 5183 2167 5237 .bl-GR
2203 5183 2235 5250 Ξ)
2252 5196 2277 5236 et

1296 5253 1424 5306 unitim
1439 5250 1500 5304 edd.
1517 5266 1583 5304 nce.
1602 5255 1726 5306 niens.
1759 5253 1792 5321 3)
1808 5255 1842 5309 h.
1876 5256 1977 5307 mhi·
1994 5271 2018 5306 e.
2035 5253 2063 5307 s.
