4672 5842
110 308 171 369 757
480 301 570 367 LIB.
592 302 644 367 IV
646 352 653 368 .
698 304 761 367 DE
783 300 1021 368 EXTERNIS
1043 301 1210 371 MEDIIS
1233 304 1298 368 AD
1319 301 1549 370 SALUTEM.
1596 302 1695 370 CAP.
1718 304 1745 369 Ι.
1903 341 1910 353 1
2055 314 2120 377 758

106 492 204 559 vibus
225 491 364 575 flagellis
381 494 541 576 castigarc
559 491 682 574 incipit.
720 492 791 556 Vae
809 512 888 576 ergo
905 490 1006 568 nobis,
1030 485 1086 574 qui
1138 491 1280 556 rinthios
1301 491 1453 574 obiurgat
1474 493 1507 577 (l
1529 491 1604 557 Cor.
1625 499 1653 571 5,
1674 495 1718 578 2),
1741 497 1817 578 quia
1839 497 2036 581 flagitiosum
2058 500 2120 567 hc·

107 592 177 644 tam
205 577 362 643 dissoluta
388 579 586 661 flagitiorum
613 577 745 642 licentia
772 578 1020 656 committimus,
1049 585 1102 659 ut,
1138 578 1264 642 minem
1283 578 1318 641 in
1340 598 1400 643 suo
1422 578 1632 643 contubernio
1654 580 1770 659 ferant,
1794 582 1910 648 deinde
1930 587 2118 666 generalem

105 673 240 747 propter
257 685 316 729 nos
333 663 548 729 vulnerentur
566 663 744 729 imbecilles
764 665 988 729 conscientiae.
1018 660 1087 728 Sed
1119 663 1337 739 ,sententiam
1365 666 1472 744 ponit,
1506 686 1571 746 qua
1598 666 1690 731 nefas
1723 688 1793 732 esse
1825 671 2017 750 pronuntiat
2043 693 2119 738 cum

107 754 142 815 in
159 751 221 816 hoe
238 751 383 815 vicissim
401 758 538 832 peccant
555 749 602 813 illi
613 771 693 832 quos
712 749 865 826 diximus,
884 747 971 832 quod
982 750 1085 813 offen·
1139 749 1271 812 homine
1299 748 1473 831 probrosae
1500 752 1587 815 vitae
1611 751 1662 816 vel
1688 774 1808 836 panem
1830 755 2007 821 comedere.
2052 759 2119 826 Hic

106 838 191 902 sioni
213 858 291 901 suae
311 835 445 900 modum
466 843 608 901 statuere
631 836 789 901 nesciunt
829 836 915 899 Nam
938 834 994 899 ubi
1016 833 1085 898 Do·
1138 835 1337 900 exclamant:
1360 836 1387 899 si
1410 835 1580 919 vulgarem
1601 857 1720 919 panem
1749 840 1917 906 comedere
1938 865 2004 907 nou
2031 845 2118 926 licet,

106 924 215 988 minus
233 923 439 987 clementiam
456 923 567 1005 exigit,
590 921 711 986 omissa
727 921 794 998 illa,
815 928 897 985 totos
915 942 951 985 se
970 921 1086 985 immo-
1138 941 1257 1002 panem
1279 920 1415 984 Domini
1441 921 1610 987 comedere
1638 925 1694 1005 qui
1721 925 1839 991 liceat?
1883 929 2004 995 Fateor
2031 940 2119 998 certe

107 1009 238 1075 deratue
267 1009 433 1073 severitati
461 1007 606 1072 tradunt.
653 1006 740 1087 Quia
767 1007 856 1071 enim
878 1029 943 1070 non
968 1013 1087 1089 putant
1139 1027 1298 1090 magnum
1330 1007 1486 1089 probrum
1520 1029 1590 1073 esse
1606 1011 1651 1073 ‘si
1685 1011 1770 1075 inter
1803 1013 1886 1078 filios
1914 1016 1980 1081 Dei
2010 1018 2119 1083 locum

107 1117 179 1160 esse
206 1094 375 1176 ecclesiam
400 1092 456 1158 ubi
483 1115 549 1158 non
578 1105 628 1158 est
656 1092 759 1158 solida
787 1093 874 1159 vitae
900 1093 1026 1174 puritas
1054 1100 1087 1156 et
1138 1091 1283 1156 habeant
1303 1094 1392 1175 porei
1420 1102 1454 1156 et
1469 1115 1593 1177 ,canes3
1621 1096 1725 1160 multo
1752 1099 1850 1163 etiam
1876 1104 1981 1167 maius
2004 1106 2031 1168 si
2054 1104 2119 1171 illis

107 1182 286 1264 integritas,
314 1180 474 1245 scelerum
503 1178 576 1244 odio
605 1202 624 1245 a
649 1179 798 1262 legitima
819 1178 954 1244 ecclesia
982 1178 1085 1242 disee·
1138 1179 1354 1260 prostituatur
1365 1187 1608 1244 sacrosanctum
1621 1179 1745 1247 Christi
1757 1204 1881 1267 corpus.
1904 1189 2019 1273 Neque
2029 1212 2118 1272 vero,

107 1266 302 1359 dunt,·dum
324 1287 343 1329 a
365 1267 505 1331 factione
532 1267 754 1348 improborum
777 1264 940 1330 declinare
968 1286 1002 1328 se
1023 1285 1086 1347 pu·
1138 1265 1165 1328 si
1182 1264 1264 1328 bene
1280 1272 1424 1328 moratae
1442 1273 1540 1328 crunt
1556 1266 1718 1345 ecclesiae,
1737 1271 1957 1339 sceleratosin
1973 1279 2046 1342 sinu
2059 1298 2120 1343 suo

108 1361 186 1417 tant
242 1353 418 1435 Allegant‚
459 1352 628 1417 eeclesiam
661 1351 788 1416 Christi
827 1359 974 1415 sanctam
1004 1370 1084 1414 esse.
1137 1351 1251 1429 ferent,
1275 1370 1336 1414 nec
1358 1349 1398 1414 ad
1422 1371 1552 1415 sacrum
1573 1352 1654 1416 illud
1677 1354 1809 1435 epulum
1827 1357 1942 1443 dignos
1965 1363 2062 1428 simul
2080 1385 2118 1430 ao

105 1439 242 1515 Verum,
265 1449 304 1502 ut
325 1431 422 1502 simul
448 1437 635 1520 intelligant
657 1459 726 1502 esse
752 1459 793 1502 ex
813 1436 906 1500 bonis
929 1445 962 1500 et
989 1435 1085 1500 malis
1136 1435 1289 1520 indignos
1311 1437 1493 1518 promiscue
1511 1436 1692 1505 admittent
1737 1441 1862 1507 Verum
1885 1448 1963 1528 quia
1987 1471 2053 1513 uon
2070 1450 2119 1517 ita

104 1525 311 1607 permixtam,
335 1523 425 1588 illam
448 1545 490 1587 ex
511 1545 567 1587 ore
590 1523 714 1588 Christi
737 1521 925 1604 parabolam
948 1521 1084 1606 (Matth.
1139 1521 1250 1586 sedulo
1262 1543 1391 1605 semper
1403 1522 1585 1606 advigilent
1595 1533 1752 1607 pastores,
1771 1529 1936 1595 interdum
1953 1535 2054 1599 etiam
2066 1537 2118 1600 in·

109 1614 156 1689 13,
177 1610 235 1694 47)
258 1609 403 1687 audiant,
426 1610 460 1673 in
483 1631 547 1692 qua
569 1611 632 1673 reti
654 1616 876 1692 comparatur,
895 1629 958 1691 quo
980 1608 1085 1690 pisees
1138 1607 1360 1691 dulgentiores
1372 1616 1556 1690 suntquam
1568 1619 1722 1691 oporteat,
1736 1615 1788 1678 vel
1800 1614 2025 1699 impediuntur
2037 1641 2117 1702 quo-

104 1717 201 1761 omne
223 1716 328 1779 genus
349 1695 561 1778 colligimtur,
584 1717 688 1777 nequo
711 1695 895 1778 seligimtur
922 1693 1023 1758 donec
1050 1694 1085 1756 in
1138 1694 1246 1757 minus
1269 1699 1461 1776 eam'quam
1489 1694 1613 1759 vellent
1634 1699 1843 1765 severitatem
1870 1723 2021 1769 exercere
2065 1727 2117 1772 os·

104 1783 198 1846 litore
217 1783 283 1847 sint
301 1783 447 1864 expositi
482 1781 631 1845 Audiant
647 1782 719 1864 agri
736 1802 807 1845 esse
830 1779 970 1845 similem
993 1777 1085 1862 (ibid.
1138 1780 1217 1843 sint:
1248 1781 1346 1843 litut
1367 1800 1434 1843 non
1455 1801 1584 1863 semper
1611 1782 1867 1852 submoveantur
1888 1791 2030 1873 etiamp
2063 1813 2118 1857 am

104 1892 134 1933 v.
149 1866 214 1952 24),
233 1869 288 1950 qui
304 1867 390 1932 bona
405 1869 500 1950 fruge
518 1868 661 1931 consitus
678 1867 810 1931 zizaniis
831 1866 953 1931 inimici
971 1862 1085 1929 fraude
1137 1864 1216 1929 mali
1249 1887 1269 1929 a
1301 1874 1487 1931 sanctorum
1520 1869 1739 1937 contubernio.
1792 1872 1865 1940 Hoc
1897 1877 2013 1941 vitium
2047 1900 2118 1945 esse

104 1956 262 2032 inficitur;
294 1953 411 2036 quibus
438 1975 504 2018 non
532 1962 749 2035 expurgatur,
780 1952 883 2015 donee
908 1952 944 2015 in
975 1971 1086 2015 aream
1137 1951 1253 2029 fateor,
1282 1972 1388 2032 neque
1417 1961 1596 2017 extenuare
1619 1957 1707 2033 volo,
1729 1979 1832 2039 quum
1852 1959 1978 2029 Paulus
2000 1966 2120 2030 aeriter

105 2040 241 2105 advecta
261 2041 361 2104 fuerit
382 2040 505 2105 messis.
549 2038 698 2103 Audiant
720 2037 858 2120 denique
881 2057 992 2101 aream
1014 2057 1085 2126 esse
1136 2038 1171 2099 in
1194 2036 1374 2102 Corinthiis
1403 2037 1631 2120 reprehendat.
1677 2043 1803 2109 Verum
1831 2048 1957 2112 etiamsi
1983 2050 2118 2116 ecclesia

104 2126 239 2208 (Matth.
261 2130 289 2204 3,
312 2127 424 2274 mim
443 2146 508 2207 qua
530 2125 576 2190 sic
596 2124 769 2189 collectum
791 2131 841 2188 est
863 2123 1024 2200 triticum,
1048 2129 1086 2186 ut
1137 2123 1171 2186 in
1198 2125 1303 2188 officio
1332 2130 1451 2201 cesset,
1486 2146 1552 2188 non
1581 2124 1653 2191 ideo
1682 2131 1831 2212 protinus
1863 2134 2118 2219 uniuscuiusque

103 2212 169 2277 sub·
191 2213 286 2294 palea
313 2212 353 2276 de
368 2213 495 2288 'masat
518 2208 620 2274 donec
648 2230 759 2275 vanno
781 2218 815 2274 et
843 2208 948 2273 cribro
971 2230 1085 2291 repur-
1136 2210 1258 2290 privati
1279 2210 1342 2273 erit
1361 2208 1519 2274 iudicium
1541 2217 1755 2294 separationis
1778 2218 1838 2283 sibi
1861 2241 1998 2285 sumere.
2043 2222 2118 2288 Non

103 2305 227 2381 gatum,
249 2299 285 2361 in
303 2298 460 2362 horreum
477 2296 610 2361 tandem
629 2294 823 2361 reconditur.
860 2294 959 2375 Quod
977 2296 1005 2359 si
1022 2295 1084 2358 hoc
1136 2294 1286 2376 equidem
1307 2317 1391 2379 nego
1413 2296 1491 2378 quin
1513 2298 1559 2379 pii
1582 2298 1724 2368 hominis
1746 2305 1789 2369 sit
1814 2303 1854 2368 ab
1877 2307 1966 2369 omni
1988 2308 2118 2389 privata

103 2385 190 2448 malo
217 2383 259 2448 ad
287 2383 373 2447 diem
395 2404 496 2465 usque
529 2382 639 2448 iudicii
665 2381 888 2447 laboraturum
915 2381 1082 2445 ecclesiam
1135 2381 1356 2463 improborum
1389 2383 1626 2448 consuetudine
1654 2409 1693 2452 se
1725 2389 1924 2469 subducere,
1958 2393 2050 2458 nulla
2082 2416 2117 2460 se

103 2470 297 2551 pronuntiat
328 2468 509 2547 Dominus,
542 2478 580 2531 ut
611 2469 832 2550 improborum
865 2467 1084 2548 permixtione
1136 2466 1323 2531 voluntaria
1355 2488 1431 2532 eum
1459 2469 1539 2550 ipsis
1571 2474 1809 2540 necessitudine
1841 2476 2025 2559 implicare;
2061 2480 2118 2545 sed

104 2565 268 2633 oneretur,
291 2555 414 2620 frustra
433 2555 523 2619 nullo
544 2575 649 2619 naevo
669 2555 851 2635 inspersam
874 2559 1043 2635 quaerunt
1136 2551 1225 2617 aliud
1246 2560 1297 2617 est
1317 2553 1481 2618 malorum
1502 2555 1616 2638 fugere
1638 2561 1897 2640 contubernium,
1919 2563 2008 2628 aliud
2031 2567 2118 2647 ipso·

193 2648 241 2705 14.
287 2640 355 2706 Sed
376 2641 466 2706 enim
487 2663 556 2705 rem
578 2639 816 2706 intolerabilem
836 2660 906 2703 esse
928 2638 1082 2715 clamant,
1135 2659 1210 2701 rum
1228 2636 1302 2703 odio
1320 2639 1474 2704 eeclesiae
1492 2644 1753 2710 communionem
1771 2649 1969 2713 renuntiare.
2019 2650 2118 2731 Quod

104 2727 190 2811 quod
212 2729 367 2793 vitiorum
388 2728 491 2810 pestis
512 2728 560 2792 ita
579 2727 701 2809 passim
721 2733 898 2808 grassatur.
944 2721 1034 2804 Quid
1055 2724 1084 2789 si
1136 2733 1246 2788 autem
1268 2724 1475 2808 sacrilegium
1498 2747 1568 2791 esse
1589 2738 1710 2810 putant
1730 2734 1925 2815 participare
1953 2736 2117 2802 cumillis

104 2814 241 2897 apostoli
269 2815 432 2879 sententia
458 2813 513 2878 hie
542 2834 669 2896 quoque
697 2811 860 2877 occurrit?
905 2810 998 2875 Inter
1019 2808 1083 2874 Co-
1134 2829 1254 2892 panem
1275 2810 1424 2890 Domini,
1453 2812 1487 2876 in
1515 2833 1552 2877 eo
1582 2815 1752 2897 rigidiores
1780 2819 1884 2884 multo
1913 2828 1990 2885 sunt
2017 2842 2118 2905 quam

105 2900 245 2965 rinthios
272 2921 340 2964 non
368 2899 500 2982 pauculi
527 2905 731 2976 erraverant,
765 2896 822 2963 sed
852 2904 957 2961 totum
984 2916 1083 2978 prope
1134 2895 1270 2961 Paulus.
1315 2896 1403 2961 Nam
1424 2919 1526 2980 quum
1548 2899 1590 2963 ad
1612 2909 1760 2968 sanctam
1782 2914 1815 2969 et
1841 2926 1958 2989 puram
1985 2909 2118 2990 partici-

104 3008 220 3070 oorpus
237 2987 327 3051 labes
344 2992 531 3068 oeouparat;
549 3006 616 3049 non
633 3006 701 3056 una
718 2991 789 3048 erat
808 2985 932 3066 peceati
949 2981 1082 3067 speeies,
1134 2983 1300 3065 petionem
1331 3003 1392 3048 nos
1426 2984 1591 3065 hortatur,
1625 3008 1692 3052 non
1714 2991 1818 3075 exigit
1838 2998 1877 3056 ut
1897 3013 1984 3057 unus
2017 2994 2118 3060 alium

103 3073 161 3138 sed
177 3072 351 3155 plurimae;
370 3092 474 3153 neque
491 3071 577 3136 levia
594 3078 691 3135 erant
706 3077 824 3148 errata,
845 3067 903 3134 sed
919 3067 1085 3133 horrenda
1136 3069 1312 3148 examinet,
1336 3076 1394 3133 aut
1415 3072 1639 3154 unusquisque
1662 3078 1765 3140 totam
1787 3077 1972 3156 ecelesiam,
2002 3079 2060 3145 sed
2080 3087 2119 3144 ut
2198 3145 2204 3152 ,
2314 3064 2318 3076 ’

103 3157 263 3240 quaedam
289 3158 415 3240 flagitia
422 3181 430 3235 ;
462 3178 530 3221 non
558 3155 627 3222 sola
653 3163 725 3220 erat
750 3177 881 3220 morum
908 3155 1083 3238 corruptio,
1135 3154 1259 3236 singuli
1281 3176 1317 3219 se
1335 3154 1475 3236 probent
1497 3157 1529 3243 (l
1553 3156 1626 3223 Cor.
1649 3165 1697 3239 ll,
1718 3162 1783 3246 28).
1824 3161 1861 3229 Si
1884 3184 1959 3247 cum
1981 3166 2118 3250 indigno

104 3243 163 3308 sed
185 3242 358 3307 doetrinae.
400 3241 490 3322 Quid
506 3243 560 3307 hie
582 3248 714 3308 sanctus
737 3241 917 3325 apostolus,
940 3241 1003 3306 hoc
1023 3247 1083 3318 est,
1135 3241 1377 3306 communicare
1399 3243 1491 3307 nefas
1517 3251 1616 3323 esset,
1645 3246 1772 3312 iuberet
1799 3258 1886 3314 certe
1908 3250 2034 3317 Paulus
2057 3273 2116 3318 nos

104 3328 252 3393 coelestis
274 3329 408 3409 spiritis
430 3349 604 3411 organum,
634 3330 725 3393 ouius
751 3329 938 3393 testimonio
958 3334 1025 3392 stat
1049 3332 1084 3391 et
1134 3327 1391 3409 circumspicere,
1414 3349 1525 3394 annon
1543 3329 1660 3413 aliquis
1677 3332 1713 3395 in
1731 3334 1941 3399 multitudine
1959 3349 2044 3404 esset
2060 3361 2117 3406 cu-

104 3413 193 3480 eadit
220 3413 376 3478 ecclesia?
406 3436 450 3478 an
479 3414 672 3480 divisionem
698 3412 739 3477 ab
767 3414 832 3479 illis
860 3413 1008 3497 quaerit?
1038 3435 1082 3478 an
1135 3414 1187 3477 ius
1209 3412 1419 3478 immrmditia
1438 3415 1668 3496 pollueremur‚
1711 3419 1809 3486 Nunc
1831 3443 1933 3503 quum
1955 3426 2118 3506 probatio·

102 3523 158 3565 eos
179 3520 200 3562 a
220 3499 346 3563 Christi
367 3520 469 3582 regno
491 3499 640 3564 abdicat?
665 3522 707 3564 an
728 3499 843 3564 ultimo
865 3499 1083 3564 anathematis
1135 3520 1212 3563 nem
1233 3499 1450 3582 suiipsorum
1472 3501 1577 3566 solum
1598 3523 1619 3566 a
1639 3505 1778 3589 singulis
1800 3509 1950 3591 requirit,
1975 3511 2119 3577 ostendit

102 3586 240 3650 fulmine
267 3585 362 3649 ferit?
412 3585 487 3649 Non
519 3585 615 3650 modo
647 3585 731 3650 nihil
759 3586 878 3651 horum
910 3587 990 3669 agit:
1026 3584 1084 3650 sed
1134 3586 1270 3648 minime
1292 3585 1386 3649 nobis
1408 3587 1520 3652 obesse
1542 3588 1570 3651 si
1592 3590 1648 3670 qui
1669 3591 1798 3674 indigni
1820 3616 1856 3658 se
1878 3595 2047 3661 uobiscum
2066 3600 2117 3661 in·

102 3670 273 3738 ecclesiam
292 3670 415 3735 Christi
434 3682 683 3755 sanctorumque
705 3673 893 3738 societatem
911 3679 944 3735 et
965 3692 1083 3755 agnos-
1135 3678 1261 3754 gerant
1305 3670 1375 3736 Nec
1398 3672 1461 3736 alio
1485 3682 1611 3756 spectat
1631 3675 1718 3758 quod
1740 3685 1853 3760 postea
1875 3682 2004 3745 subiicit
2022 3681 2113 3761 (ibid.

102 3760 205 3823 citet
229 3755 402 3839 praedicat.
438 3755 476 3820 Si
500 3759 587 3822 inter
604 3757 793 3823 Corinthios
809 3764 922 3822 manet
938 3757 1083 3835 ecelesia,
1137 3756 1207 3841 29):
1231 3757 1288 3839 qui
1309 3756 1444 3841 indigne
1463 3759 1650 3839 manducat,
1672 3763 1831 3828 iudicium
1854 3766 1916 3830 sibi
1938 3766 2115 3832 manducat

103 3845 158 3910 ubi
171 3846 301 3908 fervent
311 3843 543 3922 contentiones,
556 3851 670 3922 sectae,
684 3844 926 3922 aemulationes,
938 3842 995 3907 ubi
1008 3843 1084 3908 lites
1136 3851 1170 3906 et
1191 3842 1281 3907 bibit
1325 3842 1403 3907 Non
1426 3843 1506 3910 dicit
1527 3845 1609 3922 aliis,
1633 3847 1691 3911 sed
1713 3848 1783 3913 sibi.
1830 3851 1876 3913 Et
1897 3852 2027 3915 merito:
2055 3873 2115 3917 ne·

103 3932 216 4014 vigent
237 3940 272 3993 et
292 3928 402 4010 iurgia
424 3950 499 3992 cum
521 3928 663 3994 habendi
684 3930 875 4014 eupiditate,
898 3929 954 3994 ubi
974 3929 1085 4011 palam
1136 3950 1198 4012 que
1220 3929 1309 3993 enim
1337 3928 1372 3991 in
1401 3931 1607 4013 singulorum
1634 3932 1768 3998 arbitrio
1791 3936 1891 3999 situm
1915 3957 1986 4000 esse
2008 3936 2113 4018 debet,

105 4015 303 4100 approbatur
314 4014 420 4079 scelus
431 4014 517 4096 quod
528 4016 678 4098 gentibus
688 4017 767 4098 ipsis
777 4017 862 4081 foret
875 4015 1082 4094 exsecrabile,
1137 4016 1193 4097 qui
1215 4014 1393 4096 recipiendi
1414 4017 1523 4098 etqui
1550 4017 1730 4098 repellendi
1752 4021 1828 4084 sint.
1876 4022 1989 4088 Totius
2011 4025 2115 4090 eecle-

105 4101 159 4166 ubi
186 4102 373 4184 petulanter
399 4100 620 4183 proscinditur
641 4101 738 4166 Pauli
766 4124 885 4167 nomen
908 4123 1006 4184 quem
1025 4121 1085 4167 ceu
1137 4103 1203 4166 siae
1226 4101 1307 4165 haec
1335 4101 1477 4183 cognitio
1499 4110 1565 4180 est,
1595 4123 1679 4185 quae
1701 4107 1847 4171 exerceri
1872 4109 1941 4173 sine
1967 4109 2114 4194 legitimo

103 4196 231 4270 patrem
264 4187 369 4251 colere
403 4185 596 4263 debuerant,
629 4186 684 4250 ubi
715 4187 847 4271 quidam
878 4194 1085 4252 mortuorum
1136 4186 1251 4252 ordine
1278 4207 1345 4252 nou
1372 4194 1493 4268 potest,
1523 4202 1562 4249 ut
1587 4188 1689 4254 fusius
1719 4202 1833 4274 postea
1861 4192 1994 4259 dicetur.
2045 4197 2114 4260 Ini-

104 4274 374 4339 resurrectionem
395 4271 536 4338 ludibrio
559 4272 680 4337 habent
705 4295 781 4339 oum
802 4274 894 4338 euius
917 4274 1015 4339 ruina
1036 4282 1084 4336 to-
1136 4294 1238 4354 quum
1264 4293 1342 4356 ergo
1375 4272 1438 4336 erit
1470 4273 1636 4354 privatum
1669 4276 1809 4359 aliquem
1843 4277 1978 4345 alterius
2007 4281 2114 4364 indig-

104 4368 177 4423 tum
199 4360 322 4424 corruit
342 4357 564 4442 evangelium,
595 4359 650 4424 ubi
672 4360 736 4423 Dei
763 4361 887 4443 gratiae
915 4359 1085 4425 ambitioni
1137 4359 1240 4423 nitate
1267 4358 1384 4440 pollui,
1417 4380 1514 4440 quem
1542 4380 1653 4426 arcere
1680 4362 1721 4427 ab
1755 4384 1885 4431 accessu
1913 4388 1973 4431 nec
2006 4373 2114 4449 potest

104 4466 172 4509 non
194 4445 323 4529 caritati
345 4446 501 4521 serviunt,
524 4445 578 4509 ubi
596 4445 759 4527 permulta
779 4445 967 4511 indecenter
984 4451 1017 4509 et
1034 4445 1084 4507 in-
1136 4465 1198 4509 nec
1220 4443 1324 4509 debet.

105 4529 254 4596 ordinate
275 4539 450 4614 gerrmtur3
473 4539 507 4594 et
527 4529 600 4595 ideo
622 4539 735 4594 manet
755 4530 842 4613 quod
863 4531 1084 4595 ministerium
1226 4534 1273 4593 16.
1308 4527 1506 4613 Quanquam
1524 4538 1636 4597 autem
1652 4555 1694 4598 ex
1711 4534 1950 4601 inconsiderato
1970 4538 2114 4602 iustitiae

105 4616 198 4681 verbi
226 4625 260 4680 et
285 4627 566 4682 sacramentorum
590 4616 658 4681 illie
686 4637 754 4680 non
779 4615 987 4699 repudiatur:
1011 4616 1085 4697 quis
1137 4615 1206 4680 zelo
1234 4616 1316 4681 haee
1343 4618 1481 4681 tentatio
1513 4618 1607 4683 bonis
1640 4621 1739 4685 etiam
1771 4622 1935 4687 interdum
1958 4624 2111 4703 oboritur,

106 4700 226 4767 audeat
250 4702 405 4768 eeclesiae
429 4702 567 4767 titulum
594 4703 719 4785 eripere
746 4702 787 4766 iis
814 4700 931 4784 quibus
958 4701 1086 4766 decima
1137 4702 1200 4768 hoc
1221 4708 1333 4766 tamen
1355 4704 1567 4785 reperiemus,
1590 4705 1727 4770 nimiam
1749 4708 1971 4773 morositatem
1992 4729 2034 4772 ex
2056 4730 2112 4773 su·

105 4809 184 4870 pars
205 4787 344 4852 istomm
359 4790 536 4854 criminum
552 4789 690 4872 impingi
708 4787 869 4870 nequeat?
903 4785 971 4868 Qui
991 4794 1086 4852 tanta
1136 4786 1248 4870 perbia
1272 4789 1380 4871 magis
1408 4798 1441 4851 et
1469 4790 1556 4853 fastu
1577 4789 1722 4873 falsaque
1745 4793 1928 4857 sanctitatis
1950 4795 2111 4877 opinione,

105 4873 295 4938 morositate
328 4877 481 4941 saeviunt
511 4876 548 4940 iu
580 4881 769 4958 praesentes
803 4873 974 4953 ecelesias,
1007 4872 1085 4956 quid
1137 4895 1236 4956 quam
1263 4894 1304 4938 ex
1332 4895 1411 4937 vera
1432 4875 1604 4938 sanctitate
1626 4897 1768 4960 veroque
1789 4880 1859 4943 eius
1881 4879 1988 4944 studio
2011 4881 2134 4946 nasei-

104 4978 227 5041 quaeso
254 4959 385 5024 Calatis
410 4960 563 5027 iecissent
588 4968 718 5026 tantum
743 4980 810 5037 non
838 4959 1001 5044 evangelii
1028 4958 1085 5024 de·
1135 4959 1253 5042 Itaque
1286 4960 1342 5041 qui
1374 4958 1415 5022 ad
1443 4959 1625 5024 faciendam
1657 4962 1698 5027 ab
1731 4964 1867 5030 ecclesia
1898 4965 2112 5032 defectionem

105 5044 300 5125 tertoribus,
330 5045 418 5128 apud
444 5066 525 5128 quos
553 5055 664 5112 tamen
685 5046 774 5111 idem
796 5045 960 5129 apostolus
982 5045 1084 5110 eccle-
1135 5053 1214 5112 sunt
1230 5043 1302 5109 aliis
1320 5044 1516 5124 audaciores,
1539 5052 1573 5110 et
1589 5048 1681 5129 quasi
1703 5051 1919 5135 antesignani,
1942 5052 1965 5116 ii
1984 5061 2021 5117 ut
2037 5053 2112 5136 plu·

105 5134 171 5198 sias
194 5130 397 5214 reperiebat?
1136 5132 1258 5196 rimum
1284 5129 1368 5195 nihil
1395 5128 1485 5194 aliud
1511 5151 1628 5197 causae
1654 5133 1779 5201 habent
1804 5139 1867 5203 nisi
1894 5146 1933 5202 ut
1962 5141 2111 5206 omnium

196 5223 244 5282 15.
289 5215 459 5282 Obiiciunt
480 5219 579 5284 etiam
600 5218 686 5301 quod
706 5218 832 5286 Paulus
853 5217 1000 5304 graviter
1021 5215 1084 5283 Co-
1135 5224 1326 5300 contemptu
1352 5223 1520 5282 ostentent
1552 5237 1587 5282 se
1614 5217 1687 5284 aliis
1713 5243 1784 5289 esse
1810 5223 1969 5291 meliores.
2019 5226 2113 5292 Beue

292 5333 306 5361 ο
1890 5326 1902 5353 1

1850 5325 1888 5381 48
