4672 5842
222 308 257 367 ll

212 494 332 557 moniis
355 493 552 557 coirviotum.
597 494 643 557 At
672 492 766 555 cuius
787 488 956 553 crimims?
1003 487 1195 561 Damnatam,

212 605 321 682 aiunt,
349 605 443 669 istius
470 603 644 667 doetrinae.
690 604 735 666 ,ιι
765 622 830 682 quo
852 603 924 663 iure
945 599 1101 663 damnata
1123 599 1195 664 est?
1219 608 1222 617 ’

121 718 124 727 “
212 715 250 779 ld
276 726 386 779 autem
414 730 483 777 erat
514 713 712 777 defensionis
741 712 953 794 praesidium:
986 733 1050 774 uon
1074 710 1194 773 doetri-

214 848 291 891 nam
315 827 419 908 ipsam
442 824 614 909 abnegare,
638 823 695 889 sed
720 848 778 906 pro
796 846 875 887 vera
894 824 986 886 tueri.
1015 822 1080 909 Hie
1103 844 1193 885 mus-

212 937 332 1003 sitandi
366 959 495 1019 qnoque
532 937 670 1001 lat-ultas
709 933 917 1017 praeciditur.
975 934 1088 1014 Quare
1128 955 1191 997 non

210 1050 321 1131 inique
344 1049 487 1131 postulo,
510 1049 583 1112 Rex
608 1047 836 1113 invictissime.
865 1062 901 1109 ut
929 1048 1091 1127 integram
1115 1066 1192 1110 eau-

211 1182 268 1225 sac
302 1162 396 1224 istius
430 1160 648 1243 cognitionem
680 1160 851 1240 suscipias:
886 1181 969 1240 quae
1002 1158 1192 1241 perturbate

212 1272 374 1337 hactenus
402 1272 558 1353 nulloque
588 1272 668 1334 iuris
691 1268 820 1337 ordine.
850 1290 881 1331 et
906 1272 1074 1352 impotenti
1098 1284 1189 1333 aestu

209 1386 317 1467 magis
350 1405 448 1465 quam
489 1384 634 1465 lepitima
666 1383 828 1465 maritate
861 1396 1000 1447 tmetata
1033 1398 1097 1449 est,
1141 1381 1190 1443 rel

211 1516 342 1579 quoquo
370 1494 466 1557 modo
494 1495 669 1577 enttgitata.
720 1493 834 1574 Neque
865 1494 916 1556 hie
944 1514 997 1556 me
1028 1494 1190 1575 privatam

211 1606 433 1671 defensionem
454 1605 607 1670 meditari
630 1605 813 1673 existimes.
836 1628 900 1687 qua
923 1605 1052 1668 salt-'um
1076 1606 1110 1668 in
1133 1628 1190 1690 pa·

212 1721 310 1783 triam
338 1718 480 1783 reditum
508 1717 591 1780 mihi
620 1718 802 1781 conficiam:
838 1739 937 1798 quam
966 1720 1096 1781 tametsi
1124 1740 1190 1800 quo

212 1829 305 1896 dccet·
325 1829 539 1893 hmnanitatis
561 1828 679 1891 aflectu
698 1849 886 1910 prosequor,
910 1842 945 1890 nt
968 1851 1056 1891 utine
1080 1848 1188 1894 tamen

212 1965 264 2007 res
285 1956 372 2011 sunt.
396 1964 434 2005 ea
456 1962 523 2003 uon
542 1939 677 2003 moleste
695 1960 796 2002 careo.
834 1940 958 2003 l'erum
981 1960 1189 2006 etinimunem

212 2055 340 2139 piorum
374 2053 537 2125 omnium,
576 2050 719 2133 adeoque
759 2052 863 2133 ipsam
897 2050 1021 2115 Christi
1056 2074 1189 2118 eausam

211 2165 423 2248 oomplootor.
458 2184 542 2245 quae
574 2162 679 2226 modis
711 2164 863 2227 omnibus
898 2162 994 2225 hodie
1021 2163 1054 2225 in
1089 2182 1216 2247 regno

211 2288 270 2342 tuo
281 2277 448 2359 proscissa
466 2296 502 2339 ae
522 2275 669 2357 protrita.
691 2275 781 2338 velut
799 2274 966 2357 deplorata
985 2276 1076 2349 iacet,
1100 2277 1189 2341 Pha-

213 2390 393 2453 risaeorum
421 2386 455 2450 id
482 2384 612 2469 quidem
641 2385 849 2468 quonindam
882 2385 1056 2470 tyrannide
1085 2391 1189 2469 magis

212 2520 311 2585 quam
339 2513 397 2561 tua
425 2499 634 2564 conscientia.
680 2496 747 2562 sed
770 2500 825 2580 qui
849 2498 882 2562 id
904 2500 977 2565 liat.
1007 2499 1059 2562 hic
1083 2498 1190 2563 (licere

212 2612 296 2677 nihil
322 2612 455 2683 attinet;
489 2612 610 2674 attlicta
643 2626 730 2675 certe
764 2612 854 2674 iacet.
899 2610 971 2675 lloe
999 2612 1087 2674 enim
1114 2633 1189 2694 pro-

211 2726 359 2791 fecerum
381 2724 482 2806 impii.
506 2736 542 2787 ut
564 2722 689 2787 Christi
714 2723 850 2791 veritas.
880 2722 908 2785 si
931 2744 996 2785 non
1020 2740 1055 2786 ut
1079 2724 1190 2807 fugata

213 2836 435 2919 dissipataque
465 2836 620 2909 intereat,
649 2844 737 2899 certe
765 2842 801 2897 ut
824 2833 953 2916 sepulta
983 2846 1015 2898 ct
1038 2835 1191 2918 ignobilis

211 2948 328 3025 lateat3
349 2947 548 3031 paupercula
570 2967 649 3009 vero
672 2946 807 3011 ecclesia
831 2955 888 3008 aut
910 2945 1096 3011 crudelibus
1118 2967 1190 3012 cac·

213 3058 308 3125 dibus
334 3060 507 3142 absumpta
534 3060 593 3127 sit.
623 3072 679 3121 aut
706 3056 830 3121 exsiliis
852 3057 982 3125 abacta.
1013 3070 1071 3121 aut
1091 3059 1191 3123 minis

212 3192 251 3237 ac
280 3169 460 3235 terroribus
486 3171 650 3253 perculsa,
683 3190 725 3233 ne
753 3168 878 3232 hiscere
904 3168 1035 3250 quidem
1063 3169 1190 3234 audeat

212 3284 260 3348 Et
290 3284 417 3346 instant
449 3283 629 3345 etiamnum
663 3302 727 3363 qua
759 3280 865 3343 solent
894 3280 1021 3344 insania
1046 3298 1078 3343 et
1106 3282 1190 3345 fero·

213 3396 327 3469 citate,
356 3396 485 3459 fortiter
511 3394 545 3456 in
567 3393 726 3476 parietem
751 3392 816 3455 iam
845 3392 1038 3456 inclinatum
1067 3408 1099 3456 et
1122 3395 1190 3457 rui-

146 3552 150 3557 ·
212 3528 291 3571 nam
319 3527 417 3589 quam
444 3507 594 3570 feoemnt
622 3504 858 3568 incumbentes.
909 3504 1029 3569 Nullus
1057 3506 1190 3569 interim

212 3616 322 3702 prodit
344 3620 400 3699 qui
422 3617 543 3682 talibus
562 3618 657 3680 furiis
678 3616 897 3698 patrocinium
919 3637 1017 3680 suam
1036 3630 1188 3699 opponat.

213 3728 313 3811 Quod
340 3731 367 3794 si
394 3731 450 3812 qui
480 3729 611 3793 veritati
639 3729 783 3792 maxime
804 3730 915 3793 farere
942 3726 1044 3791 rideri
1067 3729 1189 3798 volunt.

213 3841 447 3926 ignoscendum
479 3863 550 3907 esse
579 3857 711 3907 censent
746 3840 849 3903 errori
886 3855 919 3903 et·
950 3839 1217 3921 imprudentiae·

211 3952 443 4035 imperitorum
465 3952 646 4017 hominum.
688 3950 744 4016 Sic
767 3952 856 4015 enim
881 3950 1020 4015 modesti
1043 3952 1191 4017 homines

211 4064 404 4148 loquuntur.
426 4085 572 4129 errorem
589 4080 622 4127 et
643 4062 897 4144 imprudentiam
915 4079 1070 4127 vocantes
1092 4085 1191 4145 quam

211 4192 335 4241 norunt
364 4176 580 4241 certissimam
608 4196 678 4239 esse
709 4174 772 4237 Dei
800 4175 987 4238 veritatem:
1022 4176 1191 4256 imperitos

211 4288 377 4365 homines,
410 4308 552 4369 quorum
584 4286 755 4369 ingenium
783 4307 850 4348 uon
884 4285 964 4349 adeo
996 4285 1218 4369 despicabile¹

212 4398 348 4465 Christo
368 4400 469 4464 fuisse
487 4398 611 4475 rident,
633 4398 714 4481 quin
736 4398 886 4463 coelestis
908 4420 987 4462 suae
1010 4398 1191 4479 sapientiae
1215 4450 1218 4457 .

212 4514 380 4596 mysteriis
409 4512 567 4594 dignatus
594 4510 648 4575 sit.
698 4508 793 4575 Adeo
820 4529 933 4574 omnes
960 4509 1060 4592 pudet
1091 4510 1218 4603 evan-l

213 4622 300 4706 gelli
330 4624 438 4687 'fnum
457 4630 567 4685 autem
585 4621 658 4699 crit,
680 4621 888 4686 serenissime
905 4622 989 4699 Rex,
1008 4643 1067 4686 nec
1085 4642 1191 4699 arares,
1215 4654 1218 4713 ἕ

212 4755 275 4799 neo
297 4734 446 4798 animum
468 4754 489 4796 a
510 4748 579 4799 tam
601 4736 688 4799 iusto
708 4733 889 4817 patrocinio
910 4746 1073 4811 avertere,
1096 4754 1192 4815 prae-
1216 4766 1218 4777 ·

214 4846 329 4911 sertim
356 4843 413 4908 ubi
440 4845 480 4909 de
507 4867 543 4910 rc
571 4856 665 4910 tanta
698 4845 823 4928 agitur:
859 4866 977 4928 nempe
1004 4866 1068 4927 qno
1095 4843 1192 4909 modo
1216 4828 1219 4865 ³

214 4954 281 5021 Dei
308 4955 433 5041 gloriae
459 4977 521 5021 sua
548 4966 673 5023 constet
699 4957 736 5021 in
759 4958 856 5022 terris
877 4958 1100 5035 incolumitas,
1128 4977 1219 5038 quo:

212 5066 311 5133 nodo
345 5088 439 5135 susm
470 5068 665 5153 dignitatem
697 5068 761 5133 Dci
787 5069 909 5134 veritas
935 5069 1092 5146 retineat,
1126 5068 1219 5151 quoi

213 5178 312 5247 modo
339 5200 480 5265 rognum
500 5178 635 5247 Christo
664 5194 791 5245 sartum
813 5191 1001 5262 tortumque
1022 5182 1111 5245 inter
1131 5202 1191 5245 nos
1215 5186 1219 5263 Ι

870 298 1135 365 msmaumo
1158 301 1262 365 REL.
1284 300 1466 367 olimst.
1493 308 1583 367 1559.

2188 308 2230 369 12

1248 472 1394 554 maneat:
1437 490 1549 574 Digna
1572 514 1624 555 res
1646 489 1781 556 atrrihus
1803 493 1882 559 tuis.
1912 490 2013 576 digna
2036 510 2093 556 tua
2114 495 2230 578 cogni·

1248 603 1352 671 tione,
1381 601 1481 683 digna
1503 612 1560 664 tuo
1583 602 1745 667 tribunali.
1791 601 1961 685 Siquidem
1983 618 2017 667 et
2036 626 2152 668 verum
2174 628 2229 669 ro-

1247 734 1321 796 gem
1346 713 1425 776 haee
1447 714 1600 797 cogitatio
1623 715 1715 789 lacit,
1740 736 1916 797 agnoscere
1938 737 1973 779 se
1996 716 2030 777 in
2052 719 2145 799 regni
2168 718 2229 781 ad·

1245 824 1485 887 ministratione
1504 825 1566 887 Dei
1587 826 1787 901 ministrum.
1831 826 1900 889 Neo
1922 826 1987 889 iam
2010 848 2150 911 regnmn
2169 829 2228 893 illc

1245 935 1302 999 sed
1325 937 1531 1002 latrocinium
1555 954 1699 1003 exercet.
1727 939 1782 1019 qni
1813 960 1878 999 nou
1907 938 1941 1000 in
1967 937 2027 1002 hoc
2049 954 2164 1022 regnat
2187 954 2229 1004 ut

1244 1047 1307 1112 Dei
1336 1048 1458 1131 gloriae
1487 1050 1617 1113 serviat.
1663 1050 1768 1113 Porro
1797 1048 1922 1112 fallitur
1949 1051 2005 1130 qui
2033 1050 2228 1115 diuturnam

1244 1162 1493 1241 prosperitatem
1517 1176 1683 1243 exspectat·
1704 1161 1775 1225 eius
1798 1161 1907 1241 regni.
1939 1160 2023 1243 quod
2047 1162 2110 1225 Dei
2132 1182 2227 1245 scep-

1244 1286 1305 1335 tro.
1330 1272 1466 1345 horest,
1490 1284 1602 1337 structo
1624 1274 1693 1336 eins
1712 1270 1821 1339 verbo.
1844 1292 1910 1334 non
1934 1274 2070 1354 regitur:
2093 1274 2227 1355 ‹puando

1243 1383 1381 1447 eoeleste
1403 1384 1571 1447 onaculum
1594 1383 1744 1448 excidere
1767 1405 1832 1446 uon
1856 1400 2056 1464 potestque
2079 1384 2227 1450 edictum

1243 1512 1309 1565 est,
1339 1493 1533 1577 dissipatum
1556 1497 1596 1559 iri
1617 1495 1773 1577 populum
1797 1492 1852 1556 uhi
1875 1494 2027 1558 defecerit
2051 1496 2227 1578 prophet-in

1243 1606 1357 1687 (Prot.
1382 1611 1438 1675 29.
1467 1606 1528 1689 ts).
1584 1606 1653 1671 Nec
1687 1624 1719 1669 te
1752 1606 1793 1671 ab
1827 1606 1888 1671 hoc
1922 1606 2031 1669 studio
2062 1606 2226 1673 abducere

1244 1717 1338 1781 dehet
1362 1718 1558 1783 humilitatis
1582 1733 1714 1781 nostrae
1735 1731 1952 1799 contemptus.
1997 1718 2065 1782 Nos
2089 1719 2226 1800 quidem

1243 1852 1341 1911 quarm
1382 1830 1569 1912 pauperculi
1609 1831 1712 1892 simus
1752 1846 1783 1892 et
1823 1828 1938 1893 abiecti
1977 1829 2223 1909 homunciones,

1242 1942 1342 2023 probe
1372 1942 1471 2023 ,nobis
1504 1942 1625 2005 conscii
1659 1962 1786 2004 simius:
1826 1960 1935 2005 comm
1968 1942 2055 2005 Deo.
2087 1941 2222 2011 seilicet.

1242 2054 1352 2117 ntisen
1381 2068 1582 2134 peccatores.
1616 2054 1649 2115 in
1680 2053 1851 2115 hominum
1878 2068 2054 2134 conspectu
2088 2051 2223 2135 despec-

1242 2165 1374 2231 tissimi:
1403 2164 1530 2232 mundi.
1555 2166 1583 2227 si
1606 2164 1670 2231 iis.
1698 2180 1909 2228 excrementa
1930 2162 2089 2244 quitedam
2113 2176 2145 2228 et
2169 2186 2224 2229 re-

1242 2278 1452 2343 iectameuta.
1483 2292 1539 2340 aut
1564 2277 1592 2339 si
1615 2275 1695 2358 quid
1718 2275 1815 2339 vilius
1837 2275 1999 2339 nominari
2022 2292 2144 2357 potest;
2173 2294 2222 2353 ut,

1241 2409 1305 2470 qno
1339 2388 1424 2471 apud
1460 2388 1568 2452 Deum
1600 2388 1793 2471 gloriemur.
1827 2387 1909 2449 nihil
1942 2398 2057 2463 restet,
2090 2401 2224 2469 praeter

1242 2520 1342 2563 unam
1376 2501 1447 2564 eius
1474 2498 1746 2565 misericordiam.
1781 2518 1846 2578 qua
1879 2500 1913 2563 in
1947 2520 2039 2581 spem
2067 2513 2222 2565 aeternae

1243 2612 1357 2675 salutis
1386 2612 1475 2675 nullo
1504 2626 1616 2673 nostro
1644 2610 1761 2673 metito
1783 2610 1876 2673 asciti
1905 2612 2021 2681 simus:
2049 2611 2138 2693 apud
2161 2612 2222 2675 ho-

1242 2724 1348 2788 mines
1377 2746 1454 2787 rem
1479 2744 1546 2785 non
1575 2722 1621 2785 ita
1647 2721 1803 2791 multum.
1837 2738 1968 2803 praeter
1994 2740 2140 2787 nostram
2170 2724 2223 2787 in·

1214 2836 1446 2911 'finnitatem
1481 2854 1579 2916 quam
1607 2834 1659 2897 rel
1688 2848 1769 2897 nutu
1802 2834 1952 2898 confiteri
1979 2855 2108 2899 samma
2134 2836 2226 2899 inter

1242 2968 1298 3011 eos
1325 2946 1507 3031 ignominia
1535 2962 1594 3010 est.
1640 2943 1708 3009 Sed
1736 2944 1920 3008 doctrinam
1947 2958 2093 3009 nosmam
2121 2967 2224 3028 supra

1243 3081 1374 3124 omnem
1407 3056 1522 3122 mundi
1551 3058 1706 3141 gloriam.
1740 3057 1929 3124 sublimem.
1961 3077 2061 3138 supra
2090 3077 2225 3120 omnem

1244 3186 1447 3253 potestatem.
1471 3170 1629 3234 invictam
1651 3187 1739 3232 stare
1755 3180 1896 3251 oportet:
1920 3169 1997 3250 quia
2019 3189 2085 3232 non
2107 3178 2223 3233 nostra

1244 3298 1309 3349 est.
1339 3283 1395 3347 sed
1425 3281 1489 3346 Dei
1517 3283 1673 3349 virentis.
1703 3302 1740 3345 ae
1767 3279 1893 3345 Christi
1920 3281 2006 3349 eius,
2038 3300 2134 3361 quem
2160 3299 2221 3360 pa·
2317 3254 2322 3269 ¹

1243 3409 1294 3458 ter
1323 3416 1434 3477 regem
1469 3394 1655 3471 constituit,
1689 3406 1725 3455 ut
1762 3412 1781 3454 a
1809 3394 1893 3454 mari
1920 3412 2024 3473 usque
2058 3390 2099 3455 ad
2126 3410 2220 3455 maro

1243 3505 1437 3581 dominetur,
1460 3520 1492 3570 et
1516 3528 1534 3569 a
1556 3503 1748 3569 flaminibus
1764 3523 1867 3585 nsque
1890 3502 1931 3567 ad
1954 3502 2111 3568 terminos
2132 3502 2221 3567 orbis

1242 3628 1416 3682 terrarum.
1461 3618 1504 3680 Et
1528 3618 1574 3680 sic
1596 3616 1728 3698 quidem
1750 3615 1948 3683 dominetur.
1970 3632 2007 3679 ut
2029 3630 2129 3679 totam
2151 3626 2220 3677 ter·

1244 3750 1323 3797 ram.
1345 3751 1418 3793 eum
1440 3731 1546 3793 ferreo
1570 3749 1629 3791 suo
1646 3743 1744 3808 atque
1761 3748 1856 3791 aereo
1874 3726 1998 3795 robore.
2018 3748 2094 3791 cum
2109 3724 2220 3809 splen·

1243 3842 1320 3906 dore
1353 3862 1453 3905 aureo
1486 3859 1516 3903 et
1549 3854 1719 3921 argenteo.
1753 3838 1821 3902 sola
1854 3840 1919 3901 oris
1948 3838 1998 3901 sui
2025 3839 2119 3920 uirga
2144 3856 2221 3919 por·

1215 3954 1372 4017 'cassam
1405 3974 1471 4016 non
1502 3972 1596 4016 serus
1623 3952 1825 4015 comminuat
1856 3971 1954 4031 qutun
1983 3949 2120 4032 ligulina
2144 3970 2220 4013 vas·

1243 4065 1329 4129 cula:
1362 4061 1635 4146 quemadmodum
1665 4062 1705 4127 de
1733 4062 1977 4144 magnificentia
2001 4062 2096 4143 regni
2117 4060 2221 4143 ipsius

1244 4176 1468 4239 vaticinantur
1484 4174 1662 4257 prophetae
1685 4175 1785 4255 (Dan.
1806 4179 1835 4243 2.
1849 4178 1905 4242 3⁴:
1928 4173 1990 4237 Ies.
2014 4177 2061 4243 11.
2074 4180 2108 4251 l:
2130 4172 2218 4236 Psal.

1245 4293 1274 4363 2,
1293 4294 1337 4370 9).
1373 4287 1565 4351 Reclamant
1587 4285 1719 4369 quidem
1737 4285 1924 4353 adversarii
1947 4284 2029 4349 t'also
2048 4306 2109 4349 nos
2126 4303 2221 4365 prae·

1243 4398 1377 4463 tendere
1399 4398 1534 4462 verbum
1553 4399 1626 4476 Dei,
1649 4399 1743 4463 citius
1761 4397 2000 4462 sceleratissimi
2024 4397 2128 4460 simus
2149 4416 2220 4459 oor·

1244 4526 1402 4593 ruptores.
1447 4511 1539 4575 Haec
1562 4533 1639 4575 vero
1667 4532 1765 4593 quam
1787 4510 1918 4572 sitnon
1940 4507 2036 4572 modo
2056 4507 2221 4571 malitiosa

1243 4621 1409 4687 calumnia
1426 4621 1483 4687 sed
1501 4623 1640 4706 insignis
1662 4642 1788 4704 quoqne
1806 4619 2017 4701 impudentia,
2040 4620 2119 4702 ipse,
2142 4638 2221 4683 con·

1244 4735 1415 4799 fossionem
1437 4744 1584 4799 nostram
1606 4730 1758 4815 legendo.
1778 4752 1838 4814 pro
1862 4743 1917 4794 tua
1939 4730 2113 4814 prudentia
2134 4729 2221 4793 iudi·

1243 4866 1318 4911 care
1341 4850 1472 4929 poteris.
1518 4844 1676 4909 Nonnihil
1706 4857 1817 4907 tamen
1845 4843 1898 4907 hie
1925 4843 2023 4905 etiam
2045 4840 2220 4906 dicendum

1243 4956 1399 5041 estquod
1416 4959 1475 5022 tihi
1495 4955 1537 5019 ad
1556 4955 1727 5019 lectionem
1745 4956 1859 5037 ipsmn,
1877 4954 1931 5019 vel
1949 4952 2096 5017 studium
2113 4958 2220 5016 atten-

1244 5069 1432 5153 tionemque
1452 5068 1588 5133 excitet.
1611 5067 1663 5131 vel
1685 5080 1773 5131 ccrte
1796 5068 1883 5131 riam
1904 5082 2039 5130 sternat.
2085 5063 2220 5135 Paulus.

1242 5202 1345 5263 quum
1375 5178 1417 5245 ad
1442 5178 1519 5243 fidei
1547 5178 1731 5263 analogiam
1760 5198 1891 5242 omnem
1918 5177 2126 5260 prophetiam
2152 5176 2221 5239 for·
