4672 5842
254 330 317 391 483
900 318 1166 387 Itisffltt'tlo
1188 320 1293 385 REL.
1314 317 1495 384 CHRIST.
1521 323 1612 386 1559.
2197 323 2260 384 484

255 514 477 598 castigationis
499 533 566 575 non
588 513 636 575 ita
653 511 758 575 saevit
778 521 816 573 ut
835 509 1012 586 irascmur3
1040 529 1100 572 nec
1122 507 1232 571 vindi·
1255 524 1259 591 5
1284 529 1412 590 cunque
1443 509 1512 572 eius
1545 509 1751 572 severitatem
1786 510 1957 572 sustinent.
2011 510 2114 590 Atqui
2148 507 2261 573 fideles

254 611 307 665 cat
334 610 370 664 ut
397 599 513 682 perdat
540 598 586 661 cel
605 597 751 677 fulminet
772 597 813 665 ad
835 596 1003 658 interitum.
1048 592 1143 658 Unde
1165 614 1232 656 non
1256 600 1259 671 t
1284 614 1360 658 suos
1386 614 1452 658 non
1479 594 1634 658 mediocri
1663 606 1792 658 tantum
1822 596 2011 658 austeritate
2039 595 2174 678 pungit,
2203 594 2261 658 sed

253 697 305 752 est
326 686 523 768 supplicium
545 684 675 765 proprie
697 691 755 745 aut
773 680 925 756 vindicta,
948 679 1005 744 sed
1023 680 1177 744 correctio
1199 686 1233 742 et
1284 680 1450 744 interdurn
1476 682 1523 742 ita
1544 681 1697 744 vulnerat
1723 697 1761 744 ut
1788 681 1849 745 sibi
1871 703 1936 744 non
1957 681 2054 764 longe
2077 682 2118 744 ab
2139 681 2260 744 infero-

254 773 440 838 admonitio.
475 770 628 833 Alterum
651 766 766 831 iudicis
788 775 847 842 cst,
871 765 1010 830 alterum
1028 766 1139 846 patris.
1174 765 1231 826 Iu·
1283 787 1358 829 rum
1385 766 1485 830 exitio
1513 765 1634 830 distare
1657 767 1840 831 videantur.
1887 765 1943 833 Sic
1966 767 2097 849 quidem
2119 774 2261 831 testatur

254 858 318 923 dex
340 859 428 922 enirn
450 877 552 938 quum
574 856 791 918 l'acinorosum
815 853 918 932 punit,
947 853 980 914 in
1002 853 1110 932 ipsum
1133 849 1230 914 delic-
1285 852 1370 916 iram
1398 873 1491 916 suam
1519 854 1727 934 promeritos,
1756 858 1847 934 alque
1874 855 1920 917 ita
1944 854 2067 933 expedit
2088 858 2123 915 nt
2143 853 2206 916 sibi
2227 854 2260 917 in

253 951 325 1008 tum
349 941 595 1018 animadvertit,
622 948 656 1003 et
682 940 722 1002 de
749 938 891 1001 facinore
919 939 989 1018 ipsc
1011 958 1150 1019 poenam
1173 958 1230 999 er·
1282 939 1376 1003 molis
1417 940 1487 1002 suis
1524 939 1722 1017 displiceant,
1755 938 1820 1003 Dei
1847 940 2000 1020 necandi
2031 940 2150 1003 manbre
2183 959 2260 1003 cura

253 1031 344 1113 petit.
378 1030 480 1093 Pater
500 1048 600 1108 quum
622 1025 726 1088 filium
748 1024 893 1088 severius
914 1024 1055 1105 corrigit,
1079 1043 1147 1084 non
1169 1022 1230 1087 hoc
1282 1028 1466 1105 teneantur,
1500 1029 1528 1087 et
1555 1024 1682 1088 sollicite
1710 1025 1753 1088 ad
1779 1027 1901 1088 eteniam
1917 1025 2083 1105 petendam
2104 1025 2259 1105 festinent,

253 1117 322 1199 agit
343 1124 381 1178 ut
405 1114 546 1178 vindicet
574 1121 630 1176 aut
652 1110 804 1185 mulctet,
832 1107 889 1173 sed
917 1111 1023 1190 magis
1052 1118 1088 1170 ut
1117 1108 1231 1172 doceat
1282 1110 1396 1173 sedin
1419 1110 1768 1191 scipsoluculentius
1792 1111 1926 1174 interim
1949 1111 2139 1174 clementiae
2161 1132 2261 1193 quam

252 1211 286 1266 et
318 1189 496 1266 ebutiorem
528 1200 563 1261 in
595 1206 762 1278 posterum
788 1193 912 1257 reddat.
963 1194 1067 1258 Paulo
1100 1193 1231 1258 diversa
1282 1195 1350 1259 irae
1373 1217 1450 1259 suae
1471 1197 1695 1260 testimonium
1718 1197 1848 1279 profert.
1882 1197 1958 1261 stac
1974 1197 2063 1260 enim
2087 1196 2200 1261 foedus
2223 1197 2261 1259 in

252 1284 464 1352 similitudine
476 1284 729 1369 Ohrysostomus
747 1280 866 1344 alicubi
878 1279 990 1356 utitur,
1014 1300 1097 1360 quae
1119 1290 1229 1343 tamen
1281 1302 1359 1346 vero
1386 1291 1497 1345 nostro
1528 1279 1702 1346 Solomone
1730 1282 1899 1346 nobiseum
1925 1303 2130 1364 percussum,
2164 1284 2260 1346 cuius

252 1371 366 1437 eodem
388 1370 510 1436 recidit.
545 1369 757 1443 Verberetur,
778 1367 893 1447 iuquit,
916 1365 1012 1443 filius,
1036 1365 1229 1429 verberatur
1281 1367 1379 1431 fidem
1402 1389 1570 1449 nunquam
1592 1369 1661 1432 fore
1682 1369 1811 1432 irritam
1830 1369 1857 1434 is
1878 1371 1935 1450 qui
1946 1369 2058 1432 fallere
2075 1389 2141 1432 non
2152 1376 2261 1450 potest

252 1467 285 1524 et
306 1458 456 1522 famulus.
501 1453 569 1520 Sed
592 1456 645 1519 bic
667 1465 703 1516 ut
725 1473 853 1529 servus,
877 1452 1139 1533 quisperant,
1168 1472 1228 1532 pu·
1281 1454 1466 1518 affirmavit.
1524 1452 1561 1517 Si
1595 1454 1841 1536 dereliquerint,
1874 1455 1983 1536 inquit
2015 1453 2117 1536 (Psal.
2137 1457 2196 1531 89,
2219 1459 2257 1517 31

249 1545 353 1623 nitur,
375 1543 431 1606 ille
453 1564 539 1618 vero,
562 1550 599 1604 ut
620 1539 702 1602 liber
723 1548 757 1602 et
777 1538 864 1602 filius
878 1536 1050 1618 disciplina
1065 1535 1226 1620 indigens,
1280 1540 1392 1623 seqq),
1415 1540 1475 1602 filii
1497 1541 1567 1604 eins
1589 1540 1694 1622 legem
1713 1561 1829 1618 meam,
1853 1541 1935 1604 etin
1948 1540 2078 1606 iudiciis
2091 1541 2173 1605 meis
2192 1560 2261 1604 non

249 1632 437 1712 castigatur.
472 1629 560 1693 Huic
584 1626 743 1707 correptio
765 1627 799 1686 in
820 1623 1044 1707 probationem
1067 1630 1099 1687 et
1116 1644 1227 1687 emen-
1280 1625 1533 1704 ambulaverint;
1556 1627 1585 1688 si
1606 1632 1728 1689 statuta
1749 1648 1823 1690 mea
1840 1627 2092 1708 profanaverint,
2114 1635 2148 1690 et
2164 1648 2261 1690 man-

249 1713 412 1779 dationem
435 1713 530 1789 eedit‚
553 1713 599 1776 illi
621 1714 656 1774 in
678 1710 809 1793 flagella
829 1720 862 1773 et
882 1728 1013 1790 poenas.
1279 1710 1356 1774 data
1377 1733 1451 1775 mea
1472 1732 1540 1774 nen
1562 1710 1784 1790 custodierint,
1808 1711 1946 1777 visitabo
1967 1713 2004 1776 in
2020 1712 2117 1796 virga
2137 1713 2261 1794 iniqui-

335 1803 384 1863 32.
431 1800 476 1864 Ut
506 1799 649 1863 breviter
675 1808 708 1861 et
737 1794 887 1877 expedite
917 1816 987 1858 rem
1010 1803 1113 1858 totam
1136 1803 1226 1859 tene·
1279 1804 1364 1861 tates
1387 1817 1510 1872 corum,
1534 1804 1567 1860 et
1588 1798 1622 1860 in
1642 1798 1832 1863 verberibus
1854 1805 1987 1880 peccata
2008 1818 2137 1863 eorum:
2160 1799 2260 1863 mise·

248 1907 358 1960 amris,
393 1886 473 1948 haec
505 1907 543 1948 ec
570 1883 694 1948 dumus
723 1889 886 1946 statuatur
916 1882 1023 1963 prima
1050 1878 1225 1945 distinctio.
1279 1882 1454 1947 ricordiam
1476 1892 1589 1947 autem
1609 1904 1718 1946 meam
1740 1905 1806 1947 non
1828 1885 1976 1948 auferam
1998 1884 2039 1949 ab
2061 1904 2108 1948 eo.
2153 1883 2260 1948 Cuius

247 1972 441 2053 Ubicunque
463 1992 567 2054 poena
588 1980 639 2035 est
661 1969 702 2033 ad
725 1967 897 2043 ultionem,
920 1966 965 2030 ibi
988 1965 1172 2030 maledictio
1194 1976 1227 2031 et
1279 1968 1520 2034 misericordiae
1539 1990 1603 2050 quo
1625 1990 1684 2033 nos
1706 1971 1858 2034 certiores
1880 1971 2010 2048 faceret,
2032 1970 2171 2053 virgam,
2193 1992 2259 2052 qua

247 2058 297 2122 ira
320 2059 383 2122 Dei
414 2079 448 2122 se
476 2057 611 2134 exserit,
641 2076 740 2137 quam
771 2074 900 2135 semper
928 2074 948 2116 a
976 2051 1126 2117 fidelibus
1149 2073 1226 2116 con-
1280 2053 1466 2119 Solomonis
1492 2056 1718 2138 posteritatem
1746 2063 1876 2138 arguet,
1905 2056 1984 2121 dicit
2010 2057 2078 2120 fore
2099 2057 2257 2134 virorum,

247 2145 339 2208 tinet.
386 2142 567 2225 (instigatio
596 2151 724 2219 contra,
754 2148 787 2203 et
809 2140 873 2203 Dei
896 2138 1078 2203 benedictio
1100 2146 1163 2216 est,
1193 2146 1226 2201 et
1279 2149 1312 2205 et
1333 2139 1470 2206 verbera
1491 2141 1826 2205 filiorumhominum
1850 2139 2127 2225 (2811111114).
2175 2140 2257 2222 Qui-

247 2231 367 2294 amoris
395 2228 495 2293 habet
521 2229 759 2303 testimonium,
787 2236 825 2287 ut
854 2224 947 2288 docet
968 2225 1129 2305 scriptura
1151 2224 1226 2308 (Iob
1278 2227 1339 2291 bus
1359 2227 1528 2308 particulis
1546 2226 1624 2291 dum
1642 2227 1900 2292 moderationem
1918 2235 1951 2291 et
1968 2229 2138 2293 lenitatem
2156 2230 2257 2312 signi-

249 2320 285 2392 5,
308 2320 344 2377 17
355 2339 363 2392 ;
390 2315 487 2378 Prov.
509 2318 541 2392 3,
564 2319 616 2392 113
646 2312 748 2376 Hebr.
780 2315 834 2388 12,
855 2314 899 2393 5).
944 2310 1017 2374 Hoc
1048 2308 1225 2373 discrimen
1277 2315 1363 2392 ficat,
1386 2312 1483 2377 simul
1504 2315 1613 2376 innuit
1634 2334 1701 2376 non
1719 2335 1813 2396 posse
1830 2315 1896 2378 nisi
1913 2322 2059 2379 extremo
2078 2314 2257 2397 lethalique

248 2403 328 2466 satis
351 2402 414 2464 Dei
436 2402 535 2465 verbo
558 2401 678 2481 passim
701 2405 840 2463 notatur.
876 2395 1044 2477 Quidquid
1065 2396 1154 2458 enim
1177 2397 1224 2459 af·
1277 2399 1412 2464 horrore
1433 2398 1588 2464 confundi
1609 2399 1665 2481 qui
1676 2398 1740 2463 Dei
1762 2422 1897 2465 manum
1916 2401 1976 2465 sibi
1995 2400 2168 2465 adversam
2187 2421 2256 2465 esse

247 2487 428 2552 flicticnum
458 2487 493 2549 in
518 2487 681 2568 praesenti
712 2485 782 2549 vita
809 2482 975 2547 sustinent
997 2482 1103 2562 impii,
1130 2482 1224 2546 nobis
1277 2487 1433 2550 sentiunt.
1472 2486 1583 2549 Huius
1604 2485 1751 2549 lenitatis
1773 2496 1930 2569 quantam
1954 2487 2074 2551 habeat
2095 2488 2256 2550 rationem

247 2571 436 2655 depingitur
468 2593 527 2636 ceu
560 2571 724 2653 quoddam
752 2569 932 2632 inferorum
960 2567 1097 2644 atrium,
1135 2567 1223 2631 unde
1276 2572 1311 2635 in
1333 2572 1456 2636 Israele
1478 2593 1535 2636 suo
1558 2572 1763 2654 castigando,
1787 2572 1930 2637 ostendit
1951 2572 2038 2654 apud
2060 2572 2256 2654 prophetam

247 2667 413 2722 aeternam
448 2679 541 2722 suam
575 2656 817 2722 damnationem
845 2654 973 2717 eminus
999 2654 1066 2717 iam
1095 2654 1223 2737 conspi-
1277 2657 1425 2742 (Ies.48,
1449 2659 1510 2741 10).
1545 2658 1587 2722 In
1609 2658 1685 2740 igne
1707 2659 1884 2742 repurgari
1906 2667 1947 2731 tc,
1969 2659 2087 2740 inquit,
2110 2658 2166 2722 sed
2187 2678 2255 2722 non

246 2745 352 2820 ciunt,
387 2754 579 2826 tantumque
608 2744 699 2808 abest
731 2750 769 2807 ut
797 2739 873 2804 inde
901 2738 1131 2817 emendentur,
1166 2748 1224 2803 aut
1275 2744 1368 2810 velut
1400 2751 1587 2827 argentum3
1627 2763 1705 2806 nam
1734 2752 1767 2808 et
1799 2747 1870 2826 ipse
1901 2752 1990 2808 totus
2024 2746 2216 2826 absumptus
2229 2745 2254 2826 ¹)

244 2830 385 2896 fluctum
410 2831 551 2912 aliquem
573 2830 768 2911 percipiant,
798 2835 836 2889 ut
857 2826 964 2908 potius
987 2824 1107 2888 talibus
1128 2845 1223 2906 prae-
1276 2851 1371 2895 esses.
1417 2828 1614 2912 Quanquam
1635 2831 1839 2915 purgationis
1861 2831 1931 2895 loco
1953 2831 2183 2914 castigationes
2205 2830 2253 2893 illi

244 2917 343 2981 ludiis
371 2916 413 2980 ad
435 2915 649 2995 dirissimam,
677 2936 759 2997 quac
783 2911 915 2977 tandem
936 2931 991 2974 eos
1011 2918 1137 2989 manet,
1166 2932 1223 2995 ge-
1275 2937 1345 2981 esse
1368 2915 1475 2994 doeet;
1505 2937 1560 2980 eas
1581 2924 1693 2980 tamen
1715 2919 1803 2999 ipsas
1825 2915 1917 2980 addit
1937 2917 1985 2980 ita
2005 2937 2040 2980 se
2061 2924 2252 2997 temperare,

245 3002 391 3067 hennam
413 3011 621 3084 apparentur.
667 3001 842 3084 (instigans
864 3007 975 3062 autem
997 2997 1137 3080 castigat
1155 3019 1223 3062 ser·
1274 3024 1316 3066 ne
1338 3002 1412 3084 plus
1440 3003 1527 3066 iusto
1549 3022 1608 3083 per
1629 3023 1683 3067 eas
1706 3003 1880 3066 deteratur.
1926 3002 2027 3083 quue
2053 3005 2178 3066 omnino
2205 3023 2254 3065 ne·

246 3108 304 3152 vos
327 3109 402 3152 suos
420 3088 591 3165 Dominus,
615 3086 673 3151 sed
693 3088 792 3151 morti
814 3106 881 3149 non
904 3082 1004 3147 tradit
1027 3103 1098 3146 eos:
1121 3104 1224 3165 quare
1275 3109 1356 3152 cesse
1383 3093 1440 3165 ast,
1469 3089 1547 3168 quio
1573 3094 1609 3151 nt
1635 3090 1768 3171 quisque
1789 3089 1894 3153 Deum
1919 3088 2024 3170 inopis
2044 3092 2200 3152 reseretur
2227 3094 2254 3152 et

246 3174 316 3237 eius
337 3173 442 3237 ferula
465 3172 641 3251 verberati,
671 3173 793 3239 bonum
816 3170 849 3234 id
872 3168 933 3234 sibi
954 3170 1056 3233 tuisse
1077 3169 1223 3233 fatentur
1275 3176 1318 3240 ad
1344 3174 1500 3239 colendam
1520 3175 1666 3254 pietatem
1693 3195 1725 3238 se
1752 3174 1883 3251 addicit,
1912 3176 1958 3239 sic
1979 3176 2114 3238 terrenior
2141 3179 2185 3239 est
2212 3175 2253 3238 ad

246 3258 287 3324 ad
309 3280 422 3323 veram
445 3259 660 3323 eruditionem
683 3259 943 3343 (Psal.118,l8;
966 3254 1044 3318 ibid.
1067 3259 1136 3334 119,
1156 3256 1221 3339 71).
1273 3261 1435 3344 ferendam
1456 3261 1525 3324 eins
1546 3261 1638 3323 iram.
1684 3259 1821 3342 Reprobi
1842 3262 1932 3339 enim,
1955 3261 2101 3340 quamuis
2121 3260 2179 3324 snb
2197 3262 2253 3339 flo-

245 3345 292 3411 Ut
314 3355 424 3409 autem
445 3354 575 3409 sanctos
598 3346 717 3428 ubique
742 3345 882 3428 legimus
904 3341 986 3406 tales
1007 3360 1130 3423 poenas
1151 3343 1222 3424 pla·
1271 3346 1364 3430 pellis
1391 3351 1529 3428 ponant,
1563 3348 1639 3426 qnia
1671 3353 1774 3411 tanen
1809 3367 1871 3412 non
1910 3346 2084 3427 1111111111
2116 3366 2251 3425 maison,

245 3431 318 3497 cido
339 3433 449 3495 animo
471 3433 659 3513 suscepisse,
681 3433 729 3495 ita
752 3429 928 3513 superioris
946 3430 1075 3511 generis
1091 3429 1223 3511 flagella
1274 3434 1352 3514 qnia
1373 3434 1482 3512 potins
1508 3437 1572 3495 tom
1598 3433 1668 3496 suis
1690 3435 1826 3513 peccetis
1853 3453 1950 3512 qnam
1969 3432 2034 3496 Dei
2054 3433 2173 3496 iudicio
2195 3439 2253 3497 ier-

245 3538 374 3599 semper
396 3516 607 3581 vehementer
629 3527 707 3582 sunt
724 3517 895 3600 deprecati.
930 3513 1065 3598 Castiga
1081 3536 1134 3579 me
1151 3517 1221 3580 Do·
1271 3539 1347 3602 pum
1372 3519 1542 3596 obverterit,
1568 3539 1606 3582 ex
1633 3520 1776 3583 socordia
1800 3519 1861 3583 illa
1888 3519 2069 3582 contrabant
2089 3519 2252 3598 durities,

244 3604 349 3680 minc,
372 3604 479 3685 inquit
499 3603 656 3668 Ieremias
679 3604 745 3688 (10,
766 3602 839 3687 24),
861 3601 918 3666 sed
938 3601 973 3663 in
994 3601 1129 3679 iudicio,
1153 3624 1221 3666 non
1272 3605 1320 3669 uel
1345 3605 1423 3686 qnia
1441 3605 1581 3685 fremunt
1607 3605 1828 3683 dealntrant,
1861 3605 1995 3684 adeoque
2022 3605 2253 3668 tumultuantur

244 3691 279 3754 in
301 3690 352 3753 ira
373 3695 444 3767 tua,
468 3710 510 3753 ne
532 3690 615 3754 forte
639 3691 814 3755 imminuas
835 3708 902 3766 me;
925 3687 1056 3753 aliunde
1077 3689 1222 3752 fenerem
1272 3695 1378 3754 contra
1406 3711 1500 3755 11111111
1532 3690 1678 3769 indicent,
1698 3692 1841 3772 fnrnsns
1871 3691 1925 3754 ille
1955 3693 2089 3771 impetus
2115 3692 2251 3754 emeritis

244 3782 338 3841 tuum
360 3776 529 3858 ingentes
550 3796 634 3857 quae
654 3782 686 3840 te
708 3798 775 3841 non
793 3783 971 3853 noverrmt,
1001 3784 1034 3839 et
1057 3776 1094 3838 in
1116 3796 1221 3858 regna
1272 3782 1299 3842 et
1323 3778 1431 3860 lurore
1452 3797 1503 3841 eos
1529 3776 1738 3857 obstupefacit.
1782 3777 1909 3842 Fideles
1930 3782 2032 3841 annin
2054 3775 2116 3839 Dei
2136 3776 2252 3856 saulis

244 3882 328 3945 quae
354 3881 476 3925 nomen
503 3870 596 3925 tuum
619 3883 686 3926 non
707 3863 911 3928 invocarunt.
956 3860 1067 3926 David
1093 3869 1219 3926 autem:
1271 3863 1424 3931 admoniti
1449 3864 1556 3926 statim
1577 3863 1762 3927 descendant
1782 3865 1825 3928 cd
1851 3863 2027 3945 reputanda
2050 3866 2190 3941 peccota
2224 3868 2251 3925 et

243 3949 386 4013 Domine
417 3969 458 4012 ne
479 3948 515 4012 in
536 3948 645 4012 furore
667 3957 724 4013 tuo
747 3968 866 4034 arguas
888 3969 955 4026 me,
984 3968 1090 4029 neque
1111 3948 1148 4010 in
1168 3948 1220 4011 ira
1271 3954 1353 4013 1111111
1380 3948 1564 4029 horroreque
1590 3950 1730 4029 parabi
1753 3951 1797 4014 ad
1824 3949 2065 4031 deprecationem
2092 3947 2250 4028 applices

244 4040 301 4098 tua
322 4034 477 4115 corripias
499 4055 552 4099 me
575 4034 676 4118 (Psal.
698 4040 726 4113 b,
747 4039 765 4098 2
789 4044 822 4101 et
844 4038 893 4112 38,
913 4034 956 4118 2).
990 4034 1106 4115 Neque
1127 4034 1219 4097 obest
1271 4035 1457 4116 consopiant.
1508 4034 1577 4099 Hos
1603 4034 1735 4112 domes,
1763 4036 1876 4116 quibus
1902 4056 1935 4100 se
1954 4034 2094 4098 cruciant
2114 4034 2251 4098 miserae

242 4119 328 4202 quod
350 4120 551 4201 saepiuscule
571 4122 693 4186 sanctis
715 4122 784 4186 suis
801 4121 898 4186 irasci
916 4120 1035 4184 dieitur
1045 4119 1217 4197 Dominus,
1270 4121 1410 4198 animae,
1434 4121 1499 4186 nisi
1520 4121 1628 4184 leniret
1648 4121 1751 4200 Dens,
1774 4123 2000 4186 sincnmbercni
2026 4120 2137 4184 centies
2157 4122 2251 4185 etiam

241 4227 342 4289 quum
360 4206 395 4269 in
413 4227 525 4270 eorum
542 4217 676 4289 peccata
693 4206 932 4271 animadvertit.
967 4204 1118 4285 Qualiter
1131 4204 1218 4286 apud
1271 4207 1306 4270 in
1326 4205 1530 4271 mediocribus
1549 4207 1619 4271 irae
1640 4209 1837 4291 1111319111.

241 4291 512 4376 Iesaiam(12,1):
531 4291 1217 4372 confitebortibiDomine,qu0niamiratus
1357 4295 1406 4356 33.
1463 4290 1517 4357 Sit
1548 4292 1666 4357 deindo
1698 4293 1779 4359 haec
1812 4293 1917 4358 altera
1949 4292 2128 4371 (1111111110,
2163 4292 2248 4375 quod

240 4379 381 4457 esmihi;
401 4400 576 4443 conversus
593 4387 643 4442 est
653 4379 744 4442 furor
755 4386 841 4454 tuus,
860 4386 894 4441 at
905 4376 1089 4441 consolatus
1109 4398 1143 4441 es
1153 4398 1215 4441 me.
1269 4378 1347 4443 dum
1379 4380 1424 4442 fla
1447 4378 1518 4444 ellis
1551 4380 1616 4444 Dei
1649 4382 1778 4463 reprobi
1811 4381 1987 4457 feriuntur,
2027 4380 2094 4442 iam
2126 4399 2247 4462 poenas

236 4465 596 4549 ItemHabacuc(3,2):
615 4486 716 4547 quum
731 4465 835 4529 iratus
848 4463 958 4541 fueris,
975 4463 1217 4528 misericordiae
1267 4465 1355 4530 illius
1387 4466 1423 4529 iu
1449 4465 1508 4530 'cio
1537 4466 1774 4548 quodammodo
1804 4466 1948 4550 pendere
1978 4466 2151 4547 incipiunt.
2202 4466 2248 4528 Et

235 4551 466 4618 recordaberis.
497 4551 663 4616 Michaeas
679 4570 748 4615 vero
769 4550 814 4635 (7,
828 4551 879 4636 c):
900 4551 985 4614 iram
997 4549 1061 4613 Dei
1074 4550 1215 4631 portabo,
1268 4573 1456 4635 quanquam
1482 4551 1548 4617 illis
1576 4574 1642 4617 non
1670 4554 1806 4636 impune
1833 4552 1927 4617 cedet
1954 4550 2074 4616 talibus
2100 4553 2170 4616 irae
2198 4549 2246 4614 di-

236 4641 312 4719 qnio
328 4639 455 4721 peccam
479 4639 516 4702 ei.
556 4636 617 4702 ilbi
638 4637 780 4701 admonet
801 4657 862 4702 non
881 4636 982 4701 solnm
1002 4636 1085 4700 nibil
1106 4636 1215 4701 obstre-
1268 4639 1363 4704 vinae
1383 4637 1588 4704 documentis
1610 4661 1675 4704 non
1698 4639 1916 4716 auscultarem,
1945 4660 2012 4703 non
2040 4646 2150 4703 11111111
2172 4636 2245 4700 ideo

230 4725 333 4807 perede
349 4725 510 4806 probem,
533 4725 588 4806 qni
609 4723 690 4787 inste
705 4723 892 4803 plectentur,
916 4723 970 4787 sed
990 4723 1109 4788 dolcrts
1129 4724 1215 4787 miti-
1265 4724 1470 4807 plectuntur,
1499 4746 1562 4808 quo
1589 4725 1630 4789 ad
1652 4725 1819 4790 meliorem
1841 4731 1986 4789 mentem
2009 4723 2157 4801 redeant,
2186 4721 2245 4786 sed

234 4812 388 4894 pctnnem
409 4817 569 4893 suppetere
587 4809 739 4889 fidelibus,
760 4811 925 4875 consilinm
946 4809 1011 4873 Dei
1032 4809 1212 4889 reputando.
1265 4817 1394 4875 tantum
1416 4817 1454 4875 ut
1476 4812 1586 4875 Deum
1608 4831 1729 4895 magno
1753 4832 1811 4876 suo
1833 4812 1920 4876 malo
1941 4811 2083 4876 iudicem
2103 4818 2136 4874 et
2156 4808 2243 4872 ulto-

234 4896 364 4961 Eadem
391 4897 481 4960 enim
508 4897 634 4961 ratione
662 4895 897 4962 haereditatem
924 4917 1018 4961 suam
1038 4895 1213 4980 profanare
1265 4918 1335 4962 rem
1364 4898 1583 4980 experiantur.
1633 4897 1764 4962 Feralis
1790 4905 1901 4962 autem
1928 4898 2146 4963 verberantur
2173 4895 2242 4974 filii,

235 4981 369 5061 dicitnr;
397 5002 495 5064 quarn
516 4992 641 5061 tamen,
671 4991 711 5046 ut
731 4983 869 5062 scimus,
896 4984 931 5047 in
952 4992 1123 5047 aeternum
1144 5004 1213 5047 non
2172 5002 2174 5006 ·

235 5067 426 5150 profanabit.
471 5067 513 5132 Id
545 5077 655 5132 autem
687 5089 753 5133 non
781 5069 823 5134 ad
847 5069 912 5134 Dei
938 5069 1106 5151 punientis
1135 5090 1212 5134 oon·

235 5152 344 5219 &lium
372 5153 425 5220 Vol
460 5155 630 5231 affoetumr
664 5154 722 5218 ⁸⁰d
755 5153 797 5253 ‘ld
828 5154 1058 5256 vehementem
1092 5154 1211 5220 d⁰l⁰¹¹i⁸
1334 5186 1362 5253 1)
1392 5185 1464 5238 Edd.
1492 5187 1664 5241 authenticae
1690 5186 1780 5255 (1559.
1803 5186 1883 5255 1561)
1911 5195 2021 5242 suvant
2049 5190 2145 5242 vitium
2171 5191 2241 5243 anti·

235 5259 368 5306 sensum
400 5241 557 5320 refertur,
591 5258 654 5321 quo
687 5239 876 5306 efficentia
904 5261 961 5323 qm
984 5240 1038 5306 vel
1064 5241 1212 5324 qualem-
1263 5257 1390 5326 priorum
1408 5261 1562 5323 assumptus
1579 5257 1738 5327 scribentes,
1756 5259 1919 5311 recentiores
1936 5257 2079 5311 comdant
2098 5273 2198 5312 omncs.
