4672 5842
151 307 213 371 817
793 299 1059 374 ΙΝΒΤΠἮΉΟ
1080 300 1185 367 Rau.
1208 298 1390 365 euulsa.
1416 302 1508 362 1119.
2101 302 2164 363 1148

150 496 182 559 81
211 493 413 573 relinquatur
441 489 568 572 quoda
595 502 689 571 patre
715 491 852 570 acecpit,
887 508 1004 569 nempe
1027 489 1131 551 81811
1181 509 1306 551 verum
1353 488 1451 552 (18818
1480 486 1547 552 illis
1568 488 1731 551 universis
1759 487 1867 570 legem
1888 486 1976 552 dicit
2020 488 2166 551 118188-

151 581 266 644 unicus
295 576 449 642 ecclesiae
478 577 644 658 magister.
688 574 763 639 Non
785 576 874 638 enim
901 573 1129 655 1188118888-
1181 582 1249 638 tem
1271 573 1439 651 eiusmodi,
1462 572 1549 655 qnod
1571 594 1637 636 non
1659 572 1783 654 patitur
1801 573 1988 654 quempiam
2009 572 2086 654 plus
2109 572 2167 637 do-

149 684 252 833 88888,
286 661 345 726 scd
371 661 413 726 de
435 662 505 744 ipso
530 662 599 726 solo
622 662 780 743 scriptum
797 671 862 725 est:
890 661 999 742 ipsum
1020 657 1130 723 audite
1182 681 1254 725 cere
1281 681 1380 742 quam
1407 662 1517 723 iussus
1544 659 1651 723 fuerit
1702 659 1747 722 Et
1774 668 1888 740 postca
1912 658 2044 742 paleam
2073 669 2167 724 vocat

204 748 286 812 atth.
309 750 358 824 17,
379 754 422 832 1).
453 749 516 812 1181
536 749 640 831 igitur
661 747 881 811 ecclesiastica
898 753 1041 827 potestas
1063 767 1129 809 non
1181 744 1338 828 quidquid
1359 766 1379 808 a
1400 767 1435 810 se
1457 766 1524 807 uno
1546 745 1727 826 profectum
1749 766 1816 808 non
1838 754 1896 809 est
1930 744 2050 826 Itaque
2069 766 2167 809 nemo

148 834 293 916 maligne
312 832 443 916 quidem
461 833 617 909 ornanda,
640 830 697 896 sed
716 842 826 896 tamen
843 831 1042 897 includenda
1060 852 1129 895 oer-
1182 853 1224 895 ex
1256 832 1336 914 ipsis
1369 831 1540 914 prophetis
1568 852 1604 895 88
1631 831 1775 913 8888811,
1804 831 1868 895 8181
1897 830 2043 894 11888188
2065 831 2167 896 88818

150 921 193 984 118
217 918 355 994 finibus,
376 941 417 983 ne
435 941 494 1001 pro
512 919 684 983 hominum
704 917 838 983 libidine
856 918 921 981 huc
939 926 1035 999 atque
1053 917 1131 981 illuc
1183 927 1368 999 praeeunte.
1424 916 1520 982 Unde
1553 917 1610 980 illa
1638 918 1733 980 toties
1767 915 1855 998 apud
1887 937 1942 981 eos
1974 930 2166 982 occurrunt:

149 1006 310 1069 trahatur.
356 1003 408 1069 Ad
432 1005 464 1068 id
488 1005 666 1086 plurimum
690 1003 834 1086 proderit
856 1006 1028 1067 observare
1050 1024 1130 1084 qua·
1183 1004 1320 1066 verbum
1343 1003 1494 1079 Domini,
1517 1023 1599 1067 onus
1621 1002 1773 1075 Domini,
1796 1002 1843 1067 sic
1865 1003 1911 1066 ait
1931 1003 2109 1082 Dominus,
2132 1025 2167 1068 os

151 1091 271 1156 litera
299 1090 467 1172 prophetis
495 1104 529 1153 et
554 1089 708 1173 apostolis
736 1088 946 1154 describatur.
991 1090 1078 1153 Nam
1103 1091 1130 1152 si
1183 1089 1317 1152 Domini
1342 1089 1510 1170 loquutum
1532 1097 1590 1152 est
1629 1089 1674 1152 Et
1695 1090 1829 1152 merito:
1852 1088 2060 1153 exclamabat
2077 1091 2167 1153 enim

151 1176 343 1258 simpliciter
361 1175 545 1240 hominibus
562 1174 769 1239 concedimus
787 1195 886 1256 quam
904 1196 1034 1239 sumere
1052 1177 1130 1258 ipsis
1182 1174 1305 1238 Iesaias
1323 1173 1368 1257 (s,
1390 1176 1433 1257 5),
1452 1173 1579 1257 polluta
1596 1174 1658 1239 sibi
1676 1195 1747 1238 esee
1764 1175 1865 1253 labia;
1888 1175 2046 1239 Ieremias
2064 1176 2111 1258 (1,
2131 1176 2166 1254 6)

150 1263 260 1327 visum
293 1262 393 1326 tuerit
418 1268 628 1343 potestatem,
658 1261 810 1325 omnihus
838 1262 872 1324 in
894 1271 1047 1343 promptu
1069 1270 1128 1337 est,
1183 1280 1219 1324 se
1246 1261 1372 1324 nescire
1399 1260 1488 1341 loqui
1511 1260 1691 1336 fatebatur,
1719 1261 1796 1341 quia
1824 1282 1906 1342 puer
1933 1270 2028 1324 88881
2075 1259 2166 1341 Quid

41 1408 51 1421 ,
101 1428 104 1435 ¹
151 1369 250 1432 quam
272 1348 315 1412 sit
336 1347 490 1430 proclivis
513 1349 547 1411 in
570 1347 781 1429 tyrannidem
803 1348 928 1428 lapsus,
952 1368 1034 1428 8888
1055 1368 1130 1429 888-
1184 1347 1224 1411 81
1246 1346 1334 1410 illius
1357 1346 1492 1427 polluto,
1514 1347 1554 1411 ah
1576 1346 1675 1410 huius
1697 1347 1787 1410 18188
1807 1367 1863 1410 888
1885 1346 2017 1428 pmdire
2035 1355 2166 1428 poterat

151 1434 205 1501 cul
227 1457 247 1498 a
269 1431 393 1497 Christi
416 1433 552 1497 ecclesia
573 1434 685 1497 abesse
708 1432 810 1497 debet.
1183 1432 1246 1495 nisi
1269 1431 1478 1495 immundum
1501 1441 1558 1495 aut
1579 1432 1757 1509 insulsum,
1786 1434 1815 1495 si
1836 1454 1933 1496 suum
1954 1433 2020 1514 ipsi
2042 1454 2167 1498 sermo-

109 1546 115 1555 ·
239 1524 266 1582 2.
323 1517 466 1582 Proinde
500 1519 554 1583 hie
585 1520 773 1583 meminisse
801 1530 942 1601 oportet,
973 1518 1131 1600 quidquid
1184 1539 1260 1581 nom
1282 1518 1408 1599 loquuti
1431 1518 1561 1581 essent?
1596 1516 1719 1582 Sancta
1740 1540 1816 1582 vero
1838 1527 1872 1582 et
1893 1540 1974 1600 pura
1995 1519 2062 1584 illis
2081 1518 2168 1584 labia

151 1605 337 1670 autoritatis
365 1626 402 1669 ac
432 1604 601 1687 dignitatis
631 1606 765 1686 spiritus
794 1606 827 1668 in
850 1606 1028 1687 scriptura,
1062 1606 1131 1668 8188
1184 1603 1317 1667 1888881
1336 1625 1438 1685 quum
1460 1604 1594 1685 spiritus
1616 1605 1721 1669 saneti
1743 1614 1923 1686 coeperunt
1940 1626 2012 1669 8888
2030 1625 2165 1688 organa

151 1688 381 1766 sacerdotibus,
405 1690 475 1753 sive
493 1691 670 1772 prophetis,
693 1692 762 1756 sive
780 1690 943 1773 apostolis,
968 1691 1036 1754 sive
1055 1711 1131 1773 apo-
1184 1690 1249 1754 Ubi
1272 1689 1334 1753 hac
1353 1689 1510 1772 religione
1537 1688 1683 1754 obstricti
1705 1699 1784 1754 sunt
1811 1690 1999 1773 prophetae,
2024 1713 2066 1755 ne
2089 1692 2166 1774 quid

150 1777 308 1842 stolomm
331 1777 569 1841 successoribus
593 1777 705 1852 defert,
728 1777 762 1840 id
783 1785 888 1840 totum
912 1797 979 1840 non
1001 1776 1132 1858 proprie
1184 1775 1317 1839 tradant
1346 1775 1409 1839 nisi
1430 1774 1517 1856 quod
1538 1776 1737 1856 acceperint,
1759 1786 1840 1840 tunc
1860 1777 1984 1859 insigni
2004 1785 2167 1858 potestate

150 1861 341 1926 hominibus
373 1862 468 1944 ipsis,
497 1861 555 1926 scd
583 1863 765 1926 ministerio
788 1864 842 1927 cui
870 1861 1027 1945 praefecti
1053 1870 1133 1925 suut
1185 1881 1222 1925 88
1250 1861 1380 1925 eximiis
1408 1861 1512 1924 titulis
1540 1870 1708 1925 ornantur.
1753 1863 1840 1926 Nam
1868 1883 1972 1944 quum
2000 1863 2166 1928 Dominus

151 1946 237 2022 dari,
263 1947 312 2011 881
335 1947 389 2025 (81
410 1948 594 2030 expeditius
613 1948 800 2031 loquamur)
823 1948 932 2026 88818,
955 1949 1047 2012 88188
1070 1949 1131 2010 mi·
1184 1955 1324 2011 testatur
1342 1945 1433 2030 (ibid.
1455 1969 1484 2011 8.
1508 1948 1560 2027 10)
1584 1969 1619 2011 se
1640 1949 1834 2029 praefecisse
1855 1948 1928 2013 illos
1950 1950 2107 2031 gentibus
2130 1971 2165 2015 88

150 2034 323 2098 nisterium
357 2033 423 2097 illis
456 2045 507 2097 881
545 2036 763 2098 commissum.
818 2035 865 2099 Ut
897 2035 984 2098 enim
1017 2031 1131 2098 ordine
1183 2034 1309 2115 regnis,
1341 2042 1379 2095 81
1411 2032 1556 2096 evellant
1581 2041 1614 2096 81
1648 2035 1847 2117 exstirpent,
1880 2033 2022 2116 perdant
2048 2046 2084 2098 et
2112 2035 2166 2100 de-

150 2140 265 2183 omnes
295 2140 542 2200 persequamur,
567 2141 634 2182 non
656 2120 874 2201 reperiemus,
903 2120 973 2183 ulla
995 2119 1132 2184 docendi
1184 2128 1330 2196 struant,
1362 2118 1534 2182 aedificent
1558 2139 1596 2183 ae
1621 2119 1787 2202 plantent,
1817 2121 1974 2185 continuo
1994 2121 2167 2205 subiungit

151 2215 209 2270 881
230 2203 447 2287 respondendi
478 2207 652 2269 8818811818
681 2207 782 2270 181888
807 2205 985 2288 praeditos,
1009 2205 1074 2268 nisi
1096 2207 1131 2269 in
1184 2224 1330 2270 eausam:
1355 2205 1431 2286 quia
1453 2205 1553 2268 verba
1574 2226 1635 2268 sua
1656 2205 1692 2268 in
1714 2226 1829 2269 eorum
1852 2227 1909 2270 ore
1930 2207 2085 2287 posuerit

152 2291 284 2354 nomine
312 2301 345 2353 et
373 2292 471 2355 verbo
499 2290 643 2354 Domini.
694 2290 759 2356 Ubi
786 2294 874 2356 enirn
905 2302 1063 2356 vocantur
1090 2291 1132 2354 ad
1271 2297 1299 2353 1.
1345 2291 1417 2354 Iam
1447 2291 1473 2352 si
1502 2290 1537 2354 in
1566 2290 1728 2371 apostolos
1758 2292 1928 2374 respicias,
1958 2292 2074 2357 multis
2097 2295 2167 2376 qui·

151 2397 284 2452 munus,
308 2374 406 2440 simul
428 2375 493 2440 illis
514 2377 696 2459 iniungitur
716 2398 757 2441 ne
779 2378 857 2459 quid
880 2379 1019 2442 81188881
1038 2399 1079 2440 ex
1098 2399 1132 2441 se
1184 2374 1259 2439 dem
1281 2385 1316 2440 81
1342 2377 1525 2459 insignibus
1546 2375 1660 2458 elogiis
1682 2376 1969 2453 commendantur,
1998 2378 2088 2461 quod
2110 2379 2168 2443 lux

151 2462 246 2543 ipsis,
277 2460 333 2525 sed
355 2461 531 2543 loquantur
554 2483 595 2525 ex
622 2483 678 2525 ore
699 2463 842 2527 Domini.
888 2463 957 2528 Nec
980 2474 1132 2527 coeunte
1184 2462 1252 2526 sint
1278 2462 1393 2526 mundi
1420 2473 1452 2525 81
1481 2462 1530 2526 881
1559 2471 1667 2526 terrae
1696 2463 1971 2547 (118111.5,13);
1999 2465 2087 2546 quod
2111 2486 2167 2548 888

152 2546 303 2630 producit
334 2549 399 2628 ipsc
427 2548 459 2610 in
493 2546 654 2621 medium,
685 2559 763 2612 818
794 2550 913 2631 888818
946 2549 1130 2625 audiantur,
1185 2546 1318 2613 Christo
1337 2546 1492 2611 audiendi
1509 2548 1605 2630 (Luc.
1629 2552 1676 2622 10,
1700 2549 1769 2630 16);
1791 2549 1878 2631 quod
1896 2571 2112 2632 quaeeunque
2134 2553 2169 2614 in

151 2653 250 2716 quain
280 2633 481 2714 praeceperit
508 2633 665 2715 quidnam
692 2635 779 2715 loqui
807 2634 959 2712 debeant,
984 2657 1026 2699 ne
1054 2634 1132 2717 quid
1184 2643 1273 2699 terra
1300 2634 1478 2716 ligaverint
1503 2644 1561 2698 aut
1587 2635 1747 2699 solverint
1779 2637 1883 2718 ligata
1903 2645 1999 2700 erunt
2027 2649 2086 2699 aut
2112 2657 2169 2700 so·

151 2727 283 2803 praeter
304 2718 442 2782 verbum
464 2741 563 2783 suum
584 2719 770 2801 loquantur.
816 2721 926 2786 Moses
949 2723 1132 2803 1888888-
1185 2719 1254 2784 luta
1281 2721 1317 2783 in
1339 2719 1427 2784 coelo
1449 2718 1580 2802 (Ioann.
1600 2724 1656 2797 20,
1677 2723 1742 2803 23).
1795 2722 1919 2786 Verum
1940 2741 1998 2784 suo
2025 2722 2168 2785 nomine

150 2804 329 2887 phetariim
356 2805 505 2883 emnium
539 2805 705 2889 princeps,
739 2806 921 2872 audiendus
953 2829 1032 2889 8888
1060 2807 1132 2872 aliis
1183 2825 1263 2888 prm
1296 2828 1330 2870 88
1363 2806 1475 2869 188881
1500 2813 1662 2887 quantum
1692 2806 1753 2871 sibi
1782 2809 1817 2870 in
1846 2827 1903 2871 suo
1928 2826 2064 2869 munere
2086 2826 2168 2887 per-

151 2890 215 2955 1811
222 2914 229 2967 ;
263 2890 321 2954 sed
354 2899 430 2955 anto
461 2892 635 2956 instruitur
668 2893 735 2957 suis
768 2893 947 2968 mandatis,
981 2914 1023 2956 ne
1053 2893 1132 2975 quid
1184 2892 1322 2955 missum
1353 2892 1409 2954 sit:
1445 2912 1563 2974 nempe
1595 2893 1623 2954 si
1654 2892 1791 2973 apostoli
1820 2905 1912 2969 suut,
1938 2912 1980 2955 ne
2014 2891 2171 2974 garriant

152 2977 286 3040 omnino
308 2978 461 3041 nuntiare
483 2983 583 3059 queat
601 2978 666 3042 nisi
693 2999 713 3040 a
734 2979 886 3043 Domine.
938 2980 1053 3060 Itaque
1075 2999 1132 3061 88-
1186 2976 1342 3060 quidquid
1364 2976 1545 3041 collibitum
1566 2978 1680 3056 fuorit;
1709 2978 1767 3042 sed
1789 2978 1946 3045 mandata
1966 2978 2037 3041 eius
2060 2998 2081 3041 a
2103 2999 2169 3060 quo

151 3060 264 3143 pulus,
295 3060 476 3125 doctrinam
509 3063 578 3128 eius
615 3065 801 3146 amplexus,
832 3065 868 3128 in
896 3065 1005 3130 Deum
1038 3072 1071 3129 81
1097 3065 1132 3127 18
1185 3064 1376 3128 missisunt
1399 3062 1568 3127 bonafide
1591 3064 1763 3143 perferant
1809 3066 1856 3129 111
1866 3065 1957 3137 'infla
1976 3063 2068 3130 clara
2091 3075 2170 3129 sunt

152 3146 224 3210 8188
247 3168 380 3209 servum
404 3149 520 3213 Mosen
544 3148 664 3214 dicitur
685 3149 871 3216 credidisse.
916 3149 1133 3216 Sacerdotum
1185 3149 1310 3214 Christi
1333 3150 1442 3225 verba,
1466 3149 1583 3231 quibus
1605 3170 1718 3214 eornm
1739 3149 1940 3233 legatiom
1959 3151 2166 3217 terminavit:

152 3253 282 3315 quoque
304 3234 478 3306 autoritas,
502 3257 544 3298 ne
572 3238 777 3318 contemptui
805 3238 901 3314 foret,
930 3238 1133 3319 gravissimis
1185 3256 1287 3318 quum
1319 3234 1489 3299 mandavit
1520 3233 1585 3298 illis
1619 3243 1658 3298 ut
1685 3237 1773 3300 irent
1805 3256 1844 3302 88
1868 3232 2027 3305 dement
2053 3255 2168 3301 omnes

151 3320 266 3401 888818
289 3319 413 3383 8888118
435 3328 493 3383 881.
539 3321 666 3385 Verum
688 3322 785 3387 simul
807 3322 950 3387 ostendit
970 3323 1133 3387 Dominus
1185 3331 1299 3405 gentes
1336 3341 1550 3403 quaecunque
1592 3332 1803 3403 praeceperat
1845 3320 1982 3406 (118111
2013 3325 2070 3400 28,
2104 3323 2166 3405 19).

152 3425 218 3486 qua
240 3404 314 3487 lege
336 3403 487 3469 audiendi
511 3417 634 3483 essent,
663 3430 764 3489 quum
786 3408 866 3474 dicit
886 3408 1044 3489 (Malach.
1065 3412 1132 3484 2,4
1185 3406 1278 3487 Quin
1311 3408 1380 3489 ipse
1405 3427 1533 3487 quoque
1562 3406 1648 3472 hano
1677 3408 1712 3471 in
1740 3430 1774 3472 88
1801 3407 1910 3491 legem
1938 3408 1997 3490 (ne
2019 3409 2073 3474 cni
2097 3429 2168 3473 eam

152 3491 242 3574 816)
270 3510 305 3553 se
328 3493 525 3571 percussisse
546 3491 659 3557 foedus
683 3516 778 3558 snum
800 3515 876 3558 cum
898 3495 997 3571 Levi,
1018 3506 1056 3558 81
1079 3495 1134 3559 lex
1185 3493 1366 3557 detrectare
1387 3492 1437 3556 fas
1459 3492 1559 3576 esset)
1582 3495 1713 3575 recepit,
1737 3493 1862 3576 sibique
1879 3494 2046 3577 imposuit
2080 3494 2167 3559 Doc-

154 3575 302 3639 veritatis
330 3586 416 3639 esset
444 3579 479 3641 iu
507 3599 562 3642 888
592 3580 671 3643 8188.
721 3580 768 3643 111
799 3581 897 3663 88818
925 3592 998 3662 post
1025 3580 1131 3646 addit:
1186 3580 1287 3656 trina,
1310 3579 1418 3661 inquit
1438 3578 1569 3660 (Ioann.
1590 3583 1618 3655 1,
1641 3579 1709 3662 lo),
1739 3601 1814 3644 mea
1835 3601 1901 3644 nou
1922 3587 1973 3645 est
1994 3601 2085 3657 mea,
2112 3580 2168 3645 sed

152 3659 241 3725 18118
267 3661 443 3733 sacerdotis
472 3664 654 3728 custodient
680 3666 864 3744 scientiam,
899 3678 931 3730 ot
953 3667 1060 3752 legem
1082 3690 1133 3732 re-
1186 3665 1256 3730 cius
1278 3666 1334 3746 qui
1355 3686 1409 3729 me
1435 3665 1539 3740 misit,
1569 3666 1680 3745 patris.
1726 3666 1761 3729 18
1782 3667 1840 3747 881
1862 3667 1978 3730 unicus
2002 3687 2040 3730 ac
2062 3682 2168 3730 aeter·

152 3748 285 3831 quirent
313 3769 354 3811 ex
383 3770 439 3812 ore
461 3750 545 3827 eius;
579 3752 656 3833 quia
682 3753 820 3835 angelus
847 3754 982 3817 Domini
1009 3756 1133 3819 exerci-
1185 3773 1248 3816 nus
1270 3752 1373 3832 patris
1394 3751 1598 3816 consiliarius
1621 3772 1749 3833 sempor
1770 3752 1846 3830 fuit,
1871 3753 1992 3836 quique
2015 3750 2168 3814 dominus

152 3844 249 3897 tuuln
277 3846 335 3898 881.
384 3835 475 3918 Ergo
505 3837 532 3899 si
563 3837 668 3901 audiri
696 3838 775 3902 88111
796 3839 961 3913 sacerdos,
991 3847 1134 3921 praestet
1186 3856 1224 3901 ac
1250 3838 1408 3919 magister
1437 3837 1584 3900 omnium
1611 3848 1662 3900 est
1684 3838 1882 3903 constitutus
1904 3859 1926 3902 a
1951 3846 2061 3920 patre,
2091 3836 2170 3919 quia

152 3939 189 3983 se
211 3919 274 3982 Dei
302 3921 474 3998 nuntiuui;
508 3921 630 3997 idest,
661 3923 819 3988 mandata
845 3946 929 4005 quae
957 3924 997 3988 ab
1020 3936 1133 3988 autore
1186 3932 1297 3986 tamen
1319 3920 1456 3987 docendi
1486 3923 1667 3986 ministerio
1687 3924 1850 4006 fungitur,
1879 3923 2040 3988 ministris
2062 3925 2171 3987 omni·

153 4023 214 4067 suo
237 4008 374 4086 acecpit,
404 4007 543 4072 fideliter
565 4010 695 4073 8818881.
741 4010 849 4091 Atque
872 4011 926 4075 811
950 4010 990 4073 de
1011 4011 1053 4074 iis
1075 4032 1133 4073 an·
1186 4007 2082 4090 18888888888188888888111188881818888818
2114 4029 2171 4072 re-

154 4087 282 4155 diendis
304 4093 413 4174 agitur
436 4096 628 4158 nominatim
652 4095 713 4160 hoo
731 4096 876 4176 ponitur,
899 4104 937 4160 81
954 4094 1133 4161 secundum
1186 4093 1297 4176 gulam
1324 4094 1416 4175 sequi
1437 4092 1586 4158 debeant.
1631 4088 1782 4160 1188881
1808 4096 1911 4178 igitur
1932 4093 2085 4163 cadmiae
2108 4114 2171 4176 po·

152 4175 261 4259 legem
283 4178 347 4241 Doi
369 4179 588 4260 respondeant
609 4182 722 4263 (11881.
747 4186 794 4259 17,
817 4183 879 4264 lli).
1186 4187 1287 4243 testas
1308 4179 1451 4253 infinita,
1480 4178 1538 4242 sed
1566 4178 1711 4244 subiecta
1738 4182 1837 4246 verbo
1858 4180 2047 4247 1188818181
2068 4180 2109 4244 iu
2130 4202 2171 4244 ee

242 4267 270 4327 3.
312 4264 555 4346 Prophetarum
573 4267 678 4348 qualis
696 4269 729 4331 in
748 4268 941 4333 universum
960 4268 1060 4332 188811
1077 4290 1134 4351 88-
1186 4266 1279 4348 quasi
1300 4266 1435 4329 inclusa

153 4359 269 4426 testas,
297 4350 465 4433 eleganter
490 4351 577 4433 apud
595 4352 802 4416 Ezechielem
817 4355 868 4437 ’(3,
892 4356 946 4437 11)
979 4354 1134 4419 describi·
1274 4355 1302 4414 5.
1348 4352 1451 4432 Atqui
1478 4372 1580 4433 quum
1608 4351 1670 4416 hoc
1698 4351 1738 4416 ab
1765 4350 1859 4416 181118
1888 4354 1924 4416 18
1952 4353 2091 4418 eeclesia
2112 4375 2171 4416 88·

152 4445 221 4499 tur:
257 4436 303 4500 fili
338 4437 495 4513 hominis,
526 4439 572 4501 uit
593 4439 770 4515 Dominus,
802 4441 1037 4521 speculatorem
1059 4439 1134 4504 dedi
1186 4437 1292 4514 luerit,
1314 4436 1474 4519 hodieque
1493 4437 1602 4501 881888
1620 4437 1744 4516 debeat,
1767 4460 1809 4502 ne
1827 4437 1906 4520 quid
1923 4438 2066 4504 doceant
2083 4439 2171 4504 servi

153 4530 187 4585 18
209 4522 321 4586 domui
343 4522 461 4600 Israel;
490 4523 602 4587 audies
631 4525 797 4606 igiturex
819 4547 874 4590 ore
900 4548 974 4591 meo
996 4527 1145 4601 verbnm
1186 4524 1251 4588 Dei
1272 4521 1358 4605 quod
1380 4544 1445 4587 nou
1468 4523 1509 4587 ab
1531 4523 1602 4606 1888
1624 4522 1805 4601 didicerint,
1827 4545 1888 4608 pro
1910 4534 2101 4607 temporum
2120 4537 2172 4589 ta·

152 4615 187 4672 et
204 4608 414 4672 annuntiabis
435 4608 501 4672 illis
529 4632 571 4673 ex
599 4632 659 4674 me.
706 4609 772 4690 Qui
793 4611 908 4676 audire
935 4613 1067 4678 iubetur
1092 4633 1134 4675 ex
1186 4631 1263 4673 meu
1285 4610 1445 4675 varietate
1467 4609 1614 4675 diversas
1637 4610 1824 4676 habuerunt
1845 4610 1994 4676 discendi
2015 4611 2171 4676 rationes.

152 4715 208 4758 ore
230 4693 377 4769 Domini,
402 4716 512 4759 noune
534 4695 711 4777 quidquam
728 4718 770 4760 ex
788 4719 823 4761 88
841 4699 1040 4763 comminisci
1059 4718 1134 4779 pro-
1186 4695 1238 4760 Ea
1270 4718 1348 4761 8888
1368 4718 1452 4777 8888
1481 4718 1569 4761 nuno
1596 4703 1660 4775 est,
1687 4695 1871 4780 plurimum
1897 4717 1918 4760 a
1945 4697 2172 4780 superioribus

151 4778 305 4844 hibetur?
352 4778 440 4859 Quid
467 4802 545 4845 vero
574 4792 639 4858 est,
668 4783 821 4847 nuntiare
849 4784 1046 4862 aDomino,
1070 4783 1133 4848 nisi
1186 4781 1306 4846 differt.
1351 4782 1533 4864 Principio,
1563 4783 1592 4848 si
1612 4802 1732 4848 verum
1752 4781 1911 4865 estquod
1931 4784 1979 4847 ait
2001 4782 2170 4860 Christus,

152 4867 199 4931 sic
222 4866 312 4946 loqui
335 4875 371 4929 81
388 4864 591 4931 confidenter
608 4869 729 4933 iactare
748 4871 843 4947 ausit,
862 4891 930 4933 non
948 4892 1046 4935 suum
1063 4890 1133 4934 csso
1185 4867 1273 4949 quod
1294 4889 1390 4937 nemo
1410 4878 1539 4950 patrem
1560 4868 1682 4932 viderit
1703 4870 1765 4933 nisi
1786 4869 1883 4946 filius,
1906 4877 1941 4933 et
1957 4871 2012 4934 cui
2028 4869 2173 4935 88188811

152 4951 210 5017 sed
232 4951 369 5016 Domini
391 4953 528 5017 verbum
550 4953 636 5035 quod
658 4954 826 5019 attulerit?
857 4954 1067 5020 Tantundem
1084 4964 1134 5020 cst
1186 4953 1274 5017 filius
1307 4953 1454 5018 88881888
1487 4953 1622 5036 (1118111.
1647 4959 1700 5032 11,
1720 4958 1793 5037 ai),
1827 4953 1973 5036 88881811
2005 4963 2097 5020 certe
2130 4952 2173 5019 ab

153 5036 240 5118 apud
263 5037 436 5101 Ieremiam
459 5042 526 5121 (23,
547 5041 602 5122 28)
625 5040 697 5104 aliis
720 5040 838 5107 verbis.
882 5041 1059 5124 Propheta,
1082 5040 1133 5104 in·
1186 5046 1321 5103 aotema
1343 5039 1399 5102 illa
1420 5039 1583 5121 sapientia
1603 5060 1732 5121 semper
1750 5040 1857 5124 dirigi,
1880 5039 1937 5123 qui
1956 5039 1999 5103 ad
2021 5038 2171 5105 118188-

153 5123 239 5203 quit,
271 5121 358 5203 apud
375 5145 472 5205 quem
494 5133 545 5190 881
566 5126 744 5204 somnium,
766 5141 880 5192 narret
900 5128 1078 5206 somnium,
1100 5134 1135 5191 81
1186 5125 1294 5189 titiam
1322 5125 1494 5205 pervenire
1516 5124 1648 5188 vellent
1700 5124 1873 5206 Quomodo
1896 5127 1985 5191 enim
2006 5125 2075 5190 Dei
2096 5147 2172 5211 my·

153 5209 210 5291 qui
241 5206 342 5272 habet
374 5209 512 5275 verbum
540 5232 664 5290 meum,
688 5211 842 5294 loquatur
863 5213 1002 5279 verbum
1021 5232 1133 5279 neum
1185 5210 1288 5274 steria
1308 5217 1367 5273 aut
1388 5210 1498 5274 animo
1519 5209 1843 5293 comprehendissent
1864 5218 1926 5278 aut
1944 5209 2173 5295 8188881188-
