4672 5842
124 316 185 377 629
369 313 460 378 LIB.
483 312 547 377 ΙΠ.
591 311 656 378 DE
678 310 814 379 MODO
834 313 1183 383 PEROIPIENDAE
1205 313 1396 382 CHRISTI
1418 316 1636 383 dalmas.
1681 314 1781 384 GAP.
1804 317 1884 386 XX
2063 323 2127 387 680

122 512 223 579 tenet,
245 510 283 566 ut
305 503 531 584 spurcissimas
551 522 696 585 quasque
715 503 908 585 cupiditates
926 501 1099 567 obtrudere
1148 505 1238 586 piam
1261 514 1408 570 nostram
1432 526 1509 570 vere
1538 506 1731 584 sentiamus,
1764 527 1802 571 ao
1832 507 1916 572 sorio
1945 509 2127 591 reptantes

121 588 195 652 Deo
217 589 340 664 ausint,
369 609 508 670 quarum
534 589 679 655 eonsoios
701 589 806 654 faeere
827 589 978 653 homines
998 588 1098 653 vehe-
1149 590 1290 656 omnibus
1317 612 1396 672 quae
1417 591 1555 671 petimus
1576 613 1636 655 nos
1657 590 1816 675 indigere,
1838 594 1965 672 serium,
1990 596 2051 660 ina
2074 617 2127 661 ar·

122 683 251 738 menter
273 673 401 756 pudeat.
438 674 619 739 Audaciam
635 675 715 739 lana
732 676 872 740 rmuunt
893 679 983 755 atque
1004 675 1098 740 etiam
1149 677 1267 740 derdem
1287 675 1486 758 impetrandi
1508 678 1661 742 affeetum
1683 679 1853 760 innuamus
1873 699 1942 743 eum
1964 681 2036 761 ipsa
2051 701 2125 762 pre-

120 761 260 825 detestali
281 765 355 824 sne-nt
376 761 505 842 quidam
526 761 659 842 profani
679 760 829 839 luminas,
862 760 975 824 uitium
996 765 1098 824 tamen
1149 763 1274 826 edisne.
1318 761 1416 827 Multi
1448 763 1531 828 enim
1562 762 1750 844 defunctorie
1775 784 1885 845 preces
1915 786 1953 829 ea
1983 767 2124 847 formula

121 848 228 927 ipsum
246 866 368 927 semper
388 848 544 928 repetant,-
570 853 662 928 atque
682 845 754 911 bine
773 846 891 926 fautum
912 851 957 910 est
977 851 1012 910 ut
1032 866 1098 909 am-
1148 847 1288 925 reeitant,
1320 869 1357 912 ae
1384 848 1414 913 si
1440 869 1576 928 pensum
1602 847 1671 913 Deo
1698 848 1860 930 soluerent;
1891 855 1919 914 et
1945 872 2124 933 quanquam

121 932 226 997 bitiasi
254 931 358 996 larem
384 931 446 996 sibi
466 937 640 1014 patronum
666 933 863 1009 asaimuerd,
892 933 984 996 avari
1011 930 1097 996 Mer-
1147 935 1286 1014 fatentia
1312 935 1520 998 neeessariam
1545 935 1616 998 suis
1643 936 1738 999 usalis
1768 935 1939 1000 remedium
1968 936 2022 1001 dae
2048 959 2122 1019 esse,

121 1020 254 1095 aurium,
276 1018 457 1097 Apollinem
478 1023 505 1081 et
523 1017 702 1082 Mineruam
722 1019 879 1082 doctrinm
900 1018 1016 1099 cupidi,
1039 1018 1097 1081 bel·
1148 1020 1225 1099 quia
1246 1018 1311 1084 Dei
1332 1040 1386 1101 ope
1407 1040 1501 1100 quam
1522 1020 1691 1100 implerant
1712 1039 1815 1085 carere
1836 1021 1961 1087 aitrau
1982 1025 2039 1102 sit,
2067 1044 2123 1105 ap-

121 1105 220 1169 lieosi-
231 1103 385 1182 Martem,
422 1103 567 1168 Venerem
588 1104 755 1168 libidinosi.
801 1102 902 1168 Siniti
927 1103 1032 1181 lindie,
1062 1108 1097 1166 ut
1142 1109 1236 1185 paret
1256 1110 1358 1168 umen
1386 1104 1440 1170 lma
1466 1105 1568 1185 oldaia
1594 1107 1680 1185 ipsos
1701 1107 1829 1190 defurzpi
1857 1128 1895 1170 eu
1922 1128 2018 1188 more,
2045 1111 2123 1190 quia

120 1211 223 1270 nuper
247 1191 351 1272 atlipi,
379 1191 530 1254 maiorem
555 1191 710 1255 licentiam
736 1189 857 1254 illieitis
882 1191 952 1253 suis
977 1189 1097 1270 cupidi·
1148 1191 1272 1254 interim
1292 1191 1408 1273 fripent
1428 1192 1538 1269 aniani,
1560 1211 1657 1271 neque
1674 1193 1851 1271 expendunt
1870 1193 1947 1273 quid
1959 1196 2121 1275 postulent.

120 1277 237 1341 tatibus
256 1275 394 1340 immines
415 1278 451 1340 in
466 1275 613 1357 precibus
634 1275 809 1356 indulpent,
836 1294 931 1354 quam
953 1275 983 1338 si
1000 1293 1096 1355 paras
1151 1275 1315 1341 Generalis
1343 1278 1468 1358 quidem
1490 1281 1517 1340 et
1537 1277 1686 1356 emisenus
1706 1278 1894 1342 necessitatis
1915 1300 1992 1344 suae
2012 1300 2122 1346 senaa

120 1383 190 1427 eum
209 1361 347 1442 paribus
373 1364 470 1427 ioaase
493 1361 720 1443 fabularentur.
763 1360 864 1441 Atqui
889 1381 949 1425 reon
969 1361 1096 1441 patitur
1149 1361 1222 1426 illua
1239 1382 1290 1427 eos
1306 1362 1406 1426 duait:
1428 1363 1482 1428 sed
1498 1382 1559 1426 reon
1576 1382 1626 1426 eos
1642 1362 1795 1441 sollicitat,
1813 1365 1906 1444 quasi
1922 1365 1957 1429 in
1978 1387 2012 1430 re
2028 1388 2122 1448 prae·

120 1448 211 1513 Deus
236 1468 328 1513 meam
358 1447 542 1529 facilitatem
568 1449 617 1512 ita
644 1446 752 1511 baberi
778 1445 927 1524 ludibrio,
962 1446 1016 1510 sed
1042 1446 1095 1509 ius
1146 1448 1239 1526 senti,
1267 1453 1303 1511 ut
1327 1450 1469 1530 epestatis
1495 1469 1572 1513 suae
1598 1447 1734 1512 lenam
1756 1453 1873 1529 petant.
1920 1449 2021 1515 Porro
2042 1451 2121 1534 quid

119 1554 214 1599 suum
235 1534 296 1599 subi
317 1534 497 1611 nendieans,
525 1539 595 1598 uota
615 1537 723 1597 rastra
743 1553 800 1596 suo
821 1532 952 1613 imperio
973 1531 1096 1611 subiieit
1146 1531 1287 1598 odiosius
1308 1535 1479 1598 autetiam
1495 1534 1567 1598 Deo
1584 1533 1691 1616 magis
1709 1532 1946 1600 exsecrandum
1967 1544 2121 1618 putamus

119 1627 147 1684 et
167 1621 277 1701 fraena
298 1624 416 1684 adereat
457 1619 533 1684 Ideo
554 1619 716 1684 tenendum
736 1624 780 1683 est
799 1618 881 1683 illud
903 1617 1036 1682 loannis
1058 1618 1092 1701 (l
1147 1619 1209 1683 hae
1235 1620 1380 1698 fietioue,
1409 1618 1463 1683 nbi
1492 1620 1564 1701 quis
1591 1620 1715 1682 ueniam
1737 1628 1944 1701 pennatorum
1967 1622 2120 1703 postulat,

119 1706 235 1770 Ioann.
256 1710 284 1782 5,
299 1705 378 1789 ·14).·
410 1705 484 1770 laea
510 1704 696 1784 estfiduaia
720 1710 842 1782 anostra,
865 1705 947 1785 quod
969 1703 1095 1784 siquid
1146 1704 1278 1768 interim
1306 1715 1364 1769 aut
1390 1728 1425 1770 se
1452 1712 1655 1787 peecatorem
1680 1726 1746 1768 non
1774 1726 1845 1769 esse
1871 1707 2032 1789 cogitans,
2065 1716 2122 1773 aut

113 1792 300 1872 petierimus
320 1792 487 1856 seeundum
508 1790 693 1855 voluntatem
715 1791 791 1869 eius,
813 1791 904 1854 audit
920 1809 984 1853 rus.
1022 1789 1095 1853 Cae-
1147 1801 1234 1854 certe
1265 1799 1467 1872 peecatorem
1499 1812 1570 1855 esse
1603 1811 1668 1854 non
1701 1790 1869 1873 cogitans?
1906 1814 2023 1875 nempe
2057 1814 2122 1875 qua

119 1883 219 1943 mum
240 1878 316 1957 quia
337 1886 448 1941 tantae
469 1877 660 1960 perfeetioni
679 1876 776 1959 longe
794 1874 886 1940 abest
903 1875 982 1957 quin
999 1894 1095 1957 pares
1146 1876 1240 1940 Deus
1262 1878 1332 1960 ipse
1358 1877 1455 1958 plane
1483 1874 1623 1945 ludibrio
1645 1876 1792 1941 habetur.
1837 1878 1941 1960 Atqui
1962 1879 2120 1944 eiusmodi

121 1964 189 2026 sint
202 1962 372 2027 faeultates
388 1969 520 2041 riostrae,
538 1963 749 2042 quaerundum
766 1967 811 2026 est
825 1961 994 2026 remedium
1013 1961 1095 2041 quod
1148 1962 1319 2043 pravitate,
1344 1968 1378 2026 ut
1394 1983 1494 2043 nuper
1515 1963 1600 2040 diui,
1622 1963 1780 2027 refertum
1802 1974 1852 2027 est
1873 1963 2042 2028 hominum
2064 1986 2121 2048 ge-

119 2048 288 2113 subaeniat.
333 2047 617 2128 Quemadmodum
645 2049 765 2113 mentis
793 2048 896 2111 aeiem
921 2048 957 2110 in
984 2046 1095 2110 Deum
1146 2069 1218 2124 nus,
1247 2056 1284 2112 ut
1307 2046 1503 2132 defungendi
1531 2069 1631 2112 eausa
1655 2048 1821 2130 permulta
1848 2069 1943 2131 saepe
1972 2051 2122 2132 flagitent

119 2136 282 2199 intendere
309 2136 460 2212 conuenit,
492 2136 540 2198 ita
571 2135 674 2199 cordis
706 2135 847 2214 affedum
874 2133 978 2198 eodem
1006 2132 1095 2212 seam
1147 2155 1167 2196 a
1183 2134 1264 2213 Deo,
1283 2156 1366 2216 quae
1384 2135 1467 2199 eitra
1483 2135 1553 2198 eius
1570 2133 1819 2199 beneficentiam
1836 2143 1893 2197 out
1910 2135 1971 2200 sibi
1989 2134 2121 2202 aliunde

41 2241 45 2247 ’
119 2241 237 2285 maesse
257 2227 310 2286 est.
358 2220 527 2301 Utrumque
548 2240 618 2284 aera
640 2220 726 2302 lonpe
746 2219 837 2299 instra
858 2219 1009 2295 subsistit,
1032 2219 1095 2282 ima
1147 2220 1288 2299 evenire,
1319 2230 1376 2285 aut
1400 2221 1466 2283 iam
1496 2219 1582 2302 apud
1604 2241 1639 2284 se
1668 2220 1811 2284 residere
1838 2241 1897 2301 pro
1926 2228 2014 2286 nerto
2036 2220 2128 2294 iudi-,

119 2308 225 2371 verius
245 2307 398 2387 fatiscunt
417 2313 445 2371 et
462 2305 622 2387 deliciunt,
650 2305 758 2371 autin
779 2304 970 2370 eemrarium
989 2305 1096 2384 suun·
1147 2312 1253 2370 eant*
1277 2305 1423 2371 Aliorum
1452 2306 1550 2371 leuius
1570 2305 1714 2370 delietum
1740 2326 1806 2370 esse
1831 2306 1967 2385 uidetur,
1994 2309 2049 2373 sed
2069 2327 2122 2372 ne·

120 2398 181 2456 tur.
225 2392 300 2458 Ideo
320 2400 355 2458 ut
375 2393 448 2457 truie
468 2391 673 2457 imbmillitati
692 2395 853 2456 nunnae
873 2390 977 2468 Dae,
999 2389 1096 2469 spiri·
1146 2412 1205 2472 que
1233 2393 1339 2472 ipsum
1365 2390 1534 2457 teluabile:
1561 2397 1596 2455 ut
1616 2413 1726 2472 preces
1752 2392 1821 2456 siue
1848 2393 2046 2457 nuntiatione
2073 2393 2125 2458 da-

121 2484 187 2542 tum
208 2479 244 2541 iu
259 2480 404 2560 mnibus
421 2478 507 2543 euobis
524 2479 578 2543 dat
594 2478 789 2560 mapistrum
817 2476 872 2557 aui
898 2477 988 2540 dietat
1014 2473 1095 2555 quod
1148 2483 1341 2542 murmurent
1358 2479 1413 2558 qui
1429 2482 1550 2541 tantum
1566 2476 1620 2541 boe
1637 2477 1798 2559 principia
1814 2478 1924 2542 imberti
1940 2483 2021 2556 sunt,
2045 2479 2125 2544 votis

120 2569 234 2630 reatum
262 2569 318 2644 ast,
352 2571 442 2645 atque
473 2565 601 2646 affectus
631 2568 751 2628 rastros
782 2563 962 2626 rnoderetur.
1007 2559 1095 2641 Quia
1147 2563 1302 2628 litandum
1328 2583 1392 2628 esse
1419 2563 1494 2627 Deo.
1549 2563 1620 2627 Piis
1648 2570 1757 2627 autem
1782 2564 1920 2628 masinae
1946 2565 2124 2644 cavendum,

121 2652 208 2714 enim
230 2650 307 2733 quid
335 2651 495 2716 orandum
523 2651 567 2714 sit
594 2647 868 2732 quemadmodum
889 2655 1015 2730 oportet
1036 2667 1096 2710 ne-
1147 2670 1185 2714 ne
1213 2669 1353 2730 unquam
1380 2649 1534 2730 prodeant
1563 2651 1600 2713 in
1632 2654 1822 2728 conspectum
1855 2648 1920 2713 Dei
1952 2651 2124 2730 quidquam

122 2738 257 2815 seimus,
279 2737 315 2802 in
337 2736 519 2802 subsidium
541 2736 597 2800 ille
619 2735 721 2812 subit,
750 2739 857 2815 etpro
879 2733 971 2799 nobis
993 2735 1095 2796 inter-
1141 2735 1350 2815 postulaturi,
1384 2735 1450 2799 nisi
1473 2733 1559 2817 quod
1586 2742 1620 2798 et
1645 2736 1729 2798 serio
1759 2735 1859 2798 animi
1889 2735 2000 2814 affeetu
2029 2755 2145 2800 exau·

121 2822 220 2904 pellat
248 2823 422 2907 gemitibus
449 2821 726 2887 inenarrabilibus
748 2819 860 2903 (Rom.
880 2824 909 2899 8,
929 2819 1001 2904 26);
1029 2838 1097 2883 non
1149 2820 1295 2898 deseunt,
1323 2828 1357 2885 et
1379 2821 1420 2885 ab
1447 2821 1519 2903 ipso
1545 2820 1642 2886 simul
1670 2820 1816 2885 obtinere
1844 2820 1989 2902 eupiunt.
2034 2819 2125 2901 Quin

121 2908 206 2990 quod
227 2910 297 2992 ipse
322 2930 438 2974 revera
464 2908 518 2973 vel
545 2916 697 2991 preeetur
723 2906 775 2972 vel
803 2906 1011 2988 ingemiscam
1038 2903 1097 2970 sod
1148 2907 1257 2985 etiam,
1281 2908 1404 2972 tamdsi
1430 2908 1465 2972 in
1486 2908 1538 2986 iis,
1560 2927 1644 2989 quae
1666 2908 1701 2969 in
1719 2906 1783 2970 Dei
1803 2905 1941 2989 gloriam
1963 2905 2126 2973 duntaxat

120 2992 283 3072 fiduciam,
306 3001 392 3072 vota,
411 2995 552 3076 suspiria
569 2995 603 3058 in
621 2992 714 3058 nobis
732 2993 863 3071 excitat,
886 2991 1002 3073 quibus
1020 3011 1096 3056 aon·
1148 2993 1300 3075 petimus,
1318 3013 1380 3056 rnen
1397 2993 1540 3058 uidemur
1553 2993 1662 3075 prium
1679 2992 1794 3056 intuitu
1811 2992 1984 3056 necessitati
2001 2999 2126 3058 nostrae

120 3080 278 3162 sipiendis
313 3080 568 3163 haudquaquam
603 3080 790 3143 suffioerent
824 3084 961 3143 naturae
999 3078 1094 3142 vires
1148 3079 1318 3157 musulere,
1346 3100 1385 3143 ea
1412 3084 1514 3145 tannen
1541 3099 1603 3142 non
1630 3078 1747 3142 minari
1769 3076 1919 3142 desiderii
1942 3077 2069 3143 fervore
2091 3086 2126 3143 et

122 3165 231 3246 Neque
252 3166 307 3231 aba
326 3187 360 3231 re
379 3168 513 3249 pemitus
530 3164 758 3230 inenarrabiles
777 3163 901 3229 Pardus
918 3168 1004 3229 uocat
1020 3183 1097 3244 quas
1148 3164 1335 3230 animantia
1351 3165 1418 3246 peti
1436 3164 1596 3229 eosvenit
1639 3164 1687 3230 Ut
1704 3184 1806 3246 quum
1822 3164 1987 3246 possimus
2005 3183 2126 3229 nomen

120 3251 195 3314 duee
216 3252 333 3332 spiritu
359 3252 503 3316 multant
528 3251 649 3332 fidelem
677 3251 755 3330 auia
782 3271 844 3315 nors
870 3252 1016 3333 ipnermd
1035 3249 1096 3330 ,qui
1149 3253 1218 3316 eius
1240 3251 1451 3328 sanetifioari,
1479 3248 1649 3330 ardenter,
1677 3258 1716 3313 ut
1737 3249 1785 3313 ita
1807 3249 1928 3326 diuam,
1952 3248 2127 3314 esurienda

119 3355 190 3399 vere
217 3338 378 3402 exercitati
392 3344 476 3420 ,sunt
506 3339 542 3402 in
567 3336 727 3419 presidia,
759 3338 859 3402 eaesis
889 3336 1097 3402 anxietatibus
1149 3346 1183 3402 et
1205 3336 1345 3402 sitienda
1366 3344 1417 3401 est
1437 3336 1495 3401 illa
1516 3336 1740 3401 sanetifioatio.
1808 3352 1810 3357 ·

119 3422 166 3483 ita
183 3440 216 3484 se
230 3422 397 3502 perplexos
416 3424 595 3506 eonstriupi
618 3427 652 3486 ul
673 3423 729 3486 aia
749 3423 906 3505 reperiam
927 3423 1005 3504 quid
1021 3441 1097 3504 pru
1237 3427 1265 3486 7.
1312 3421 1350 3486 Si
1372 3423 1445 3505 quis
1466 3421 1605 3500 mium,
1627 3443 1689 3486 non
1709 3441 1828 3502 seraper
1849 3421 1977 3501 deaurati
1997 3420 2127 3486 necessi·

117 3506 186 3587 fari
208 3508 366 3589 expediat·
400 3509 463 3575 imo
485 3509 559 3573 dum
581 3512 733 3574 adiuntur
754 3508 916 3587 balbutire,
950 3507 1098 3591 impliciti
1149 3513 1209 3573 tate
1240 3509 1347 3590 urperi
1378 3527 1434 3572 nos
1465 3508 1509 3572 ad
1537 3508 1746 3588 precandum,
1781 3508 1882 3588 fauor
1913 3506 1948 3571 id
1983 3507 2109 3588 quidem
2116 3530 2127 3587 ,·

119 3592 283 3657 laesitaut.
335 3593 421 3659 llude
447 3596 590 3676 sequitur
615 3595 777 3677 sinpulare
798 3614 863 3660 esse
885 3599 962 3660 reete
983 3593 1098 3660 mandi
1149 3599 1239 3675 atque
1266 3593 1341 3658 linea
1368 3593 1523 3659 distinctio
1551 3593 1638 3658 noba
1660 3614 1681 3657 a
1703 3593 1813 3658 Iacobo
1839 3592 1959 3657 utiliter
1982 3592 2126 3658 traditur.

120 3679 242 3743 denmu.
287 3679 379 3744 Haeo
396 3701 462 3744 non
481 3701 520 3744 oo
538 3678 691 3745 diauntm
708 3701 772 3762 quo
789 3701 849 3746 nos
865 3679 929 3763 ipsi
945 3679 1097 3763 propriae
1152 3681 1315 3746 Tristatur
1341 3681 1414 3760 quis
1434 3681 1515 3745 inter
1535 3679 1615 3744 aas?
1646 3683 1723 3758 oret,·
1750 3680 1805 3760 qui
1825 3679 1926 3743 laetus
1947 3682 2004 3756 est,
2035 3682 2128 3742 eanat

121 3763 265 3829 desidiae
282 3765 431 3831 faventes
448 3765 490 3830 ad
507 3764 572 3830 Dei
589 3765 743 3849 spiritum
760 3765 875 3831 orandi
894 3766 1097 3848 provinciam
1150 3767 1229 3850 (Iao.
1250 3770 1279 3844 5,
1302 3765 1364 3864 13).
1402 3765 1489 3849 Erpa
1509 3766 1607 3831 didat
1627 3767 1697 3848 ipse
1718 3765 1889 3829 immunis
1909 3783 2026 3839 sauma,
2049 3763 2128 3842 quia

120 3850 304 3935 relegemus,
323 3856 351 3916 et
368 3858 555 3934 torpeamus
572 3853 607 3916 in
623 3851 681 3916 illa
698 3852 834 3931 inauris,
853 3853 896 3918 ad
913 3873 1008 3935 quam
1019 3852 1098 3934 plus
1148 3853 1283 3916 nimium
1304 3852 1396 3935 pnpri
1421 3871 1545 3930 sumus,
1572 3856 1671 3931 prout
1691 3871 1743 3914 res
1764 3851 1873 3931 eripit,
1899 3868 1956 3911 nos
1977 3848 2084 3912 aerius
2104 3868 2127 3912 a

120 3937 200 4001 satis
230 3957 341 4002 sumus
367 3939 524 4018 proclives
552 3936 707 4021 (qualiter
740 3938 859 4021 impiae
891 3936 1097 4021 quorundam
1148 3939 1217 4004 Deo
1235 3938 1339 4021 punpi
1366 3937 1408 4003 ad
1428 3942 1552 4002 strenia
1573 3937 1737 4002 orandum
1781 3934 1825 3998 Et
1851 3933 1905 3998 loc
1929 3937 2048 4015 tenpus
2075 3953 2128 4016 op-

121 4042 217 4088 vooes
241 4023 437 4101 audiuntur,
461 4023 637 4088 oscitanter
658 4044 729 4088 esse
751 4024 1016 4107 exspootsndum
1040 4022 1097 4088 do-
1144 4029 1317 4107 portunum
1343 4024 1482 4088 nominat
1505 4022 1615 4087 Dauid
1637 4020 1739 4106 (Psal.
1758 4023 1809 4098 32,
1836 4016 1888 4170 dp
1915 4020 1992 4101 qnia
2019 4018 2128 4102 (dead
2205 4028 2208 4047 ¹

121 4129 182 4173 neo
202 4108 258 4174 illo
279 4119 408 4175 mentes
430 4117 561 4174 nostras
586 4107 664 4173 alibi
685 4120 858 4192 ooeupatas
878 4111 1096 4194 praeveniat),
1143 4109 1294 4193 muudus
1321 4109 1399 4176 aliis
1430 4109 1505 4173 loeis
1536 4105 1633 4190 docel)
1662 4126 1721 4187 quo
1748 4125 1805 4171 nos
1859 4106 1952 4171 urias
1979 4110 2128 4187 premrmt

122 4192 180 4258 sed
201 4196 317 4277 potius,
340 4205 378 4260 ut
399 4203 548 4260 nostram
569 4195 737 4278 ignaviam
758 4197 1003 4280 soeordiamque
1023 4218 1098 4280 per·
1149 4197 1320 4274 molestiae,
1343 4193 1549 4271 inaommoda,
1570 4193 1711 4271 timores,
1734 4191 1876 4273 aliaeque
1895 4193 2010 4273 speeies
2032 4197 2127 4257 tenta·

122 4280 219 4357 taesi,
252 4282 319 4346 tale
351 4282 486 4365 spiritus
519 4279 752 4345 adminieulum
786 4292 986 4366 expetamus.
1033 4282 1099 4348 Nea
1149 4283 1283 4362 tionum,
1305 4301 1343 4346 aa
1363 4281 1394 4346 si
1414 4301 1471 4345 nes
1492 4277 1583 4343 Deus
1603 4277 1646 4342 ad
1667 4298 1699 4341 se
1721 4282 1900 4356 aecmseret,
1923 4278 2050 4343 liberior
2065 4297 2127 4356 pa·

122 4365 1013 4450 aeroPaulmquumiubetthor.14,15)orarein
1034 4370 1098 4452 spi-
1150 4373 1189 4433 tet
1221 4387 1371 4434 masma
1428 4365 1554 4432 Interea
1588 4384 1650 4429 nen
1686 4365 1794 4428 minus
1825 4383 1931 4428 raum
1964 4368 2008 4427 est
2044 4363 2127 4429 illud

122 4452 202 4530 illu,
230 4454 299 4518 ideo
326 4455 442 4519 delinit
467 4454 510 4518 ad
531 4452 730 4536 eludendam
750 4453 887 4535 boda&
915 4455 1099 4538 omisimus
1152 4452 1250 4519 Pauli
1267 4454 1367 4538 (llph.
1388 4459 1416 4533 6,
1439 4455 1502 4538 18),
1519 4451 1605 4516 omui
1622 4455 1752 4532 tempore
1772 4449 1928 4516 arandum
1947 4468 2028 4526 esse;
2049 4449 2126 4529 quia

122 4537 169 4600 ite
189 4539 291 4621 eiyere
311 4539 444 4621 spiritus
464 4541 644 4605 inalienatum
664 4539 708 4603 ad
726 4538 911 4620 fernandus
927 4561 1041 4622 preses,
1063 4546 1099 4606 ut
1148 4546 1301 4622 uteunque
1321 4560 1360 4606 ea
1381 4540 1482 4606 animi
1498 4537 1598 4604 aedri
1613 4538 1765 4604 serdeutia
1783 4556 1834 4600 res
1850 4554 1998 4617 prospere
2015 4534 2126 4616 (luant,

123 4628 264 4688 matum
284 4631 425 4691 metum
444 4627 573 4691 minime
599 4624 752 4705 impediat
778 4624 826 4689 uel
851 4627 1000 4691 retardet:
1026 4646 1099 4710 pue
1149 4631 1177 4691 et
1207 4626 1347 4708 undmue
1373 4647 1431 4692 nos
1457 4624 1625 4691 circumdet
1656 4623 1793 4690 laelium
1824 4622 1971 4699 mmeria,
2003 4620 2127 4686 nullum

123 4709 211 4773 niam
237 4709 295 4775 luae
321 4711 358 4776 in
378 4718 473 4794 parte
499 4711 565 4776 uult
590 4710 682 4777 Deus
709 4712 851 4794 eaperiri
875 4731 970 4794 quarn
996 4711 1099 4795 estlea-
1150 4719 1253 4778 tamen
1280 4718 1326 4779 est
1346 4718 1499 4793 punatum
1526 4711 1675 4791 temporis
1699 4731 1758 4792 que
1785 4728 1841 4773 nos
1868 4709 1911 4773 ad
1935 4707 2127 4788 metandum

124 4795 200 4860 citer
218 4797 312 4862 eorda
332 4803 440 4864 nostm
461 4798 603 4878 inpellat
621 4796 709 4878 fides.
1149 4800 1257 4881 inopia
1283 4803 1390 4881 nestra
1415 4819 1476 4862 nen
1501 4796 1646 4863 hortetur.
1690 4795 1841 4862 Abundat
1866 4794 2026 4875 quispiam
2053 4793 2126 4859 uino

71 4977 78 4984 ν
211 4886 240 4946 6.
290 4882 406 4967 ¹)Esto
424 4885 578 4949 etaltera
596 4884 660 4964 bu,
682 4888 718 4949 ut
738 4884 1011 4968 ropmdosernper
1027 4885 1099 4951 ino-
1151 4884 1480 4984 et'trjitieozpuande
1510 4881 1866 4981 bumdtapanisxnisi
1897 4879 2031 4946 assidua
2061 4877 2127 4951 Dei

128 4996 132 5001 ’
193 5035 223 5103 1)
272 5052 322 5090 uu
347 5037 392 5094 aas
418 5038 505 5092 aaa
530 5039 633 5094 amur
659 5039 703 5093 za
729 5038 794 5121 aaa
820 5040 901 5119 mm
923 5037 982 5105 fure
1006 5039 1101 5094 aaut
1148 4965 2126 5140 lmzmmfflwffllfflffim

124 5103 705 5243 destituerentur
727 5113 811 5233 tu
827 5107 919 5232 ‘tte
943 5106 1100 5232 istan
1151 5149 1252 5210 eru
1276 5147 1350 5225 not
1375 5141 1511 5226 suun
1536 5142 1697 5207 maun
1719 5139 1908 5207 aenum
1933 5124 2126 5219 annau

123 5243 281 5312 ludantur
297 5175 376 5311 (xi.
395 5243 434 5311 6),
449 5243 529 5310 afra
545 5245 569 5312 s.
588 5243 623 5299 ιο
723 5248 756 5301 a.
903 5193 947 5247 Μ
1150 5229 1273 5297 nudum
1293 5227 1332 5294 ab
1353 5228 1470 5295 araride
1496 5228 1636 5294 inunum
1661 5227 1751 5295 nobis
1775 5245 1842 5293 esse
1862 5231 1987 5381 4tartarus
2012 5223 2127 5294 meabit
