4672 5842
224 343 286 404 503
869 333 1137 403 INSTI'PUTIO
1159 335 1263 400 REL.
1288 329 1469 398 CHRIST.
1496 336 1587 395 1559.
2169 334 2234 393 504

224 527 313 592 ditia.
359 525 469 607 Quare
492 533 525 590 et
546 526 632 590 hune
655 525 835 589 vocationis
857 534 988 588 nostrae
1011 526 1110 588 finem
1133 545 1204 588 esse
1255 522 1310 585 Ex
1329 541 1392 602 quo
1412 528 1445 582 et
1465 520 1575 583 anima
1597 527 1709 582 nostra
1729 526 1762 583 et
1779 539 1897 600 corpus
1915 518 2045 583 coelesti
2064 519 2235 601 incorrup-

224 613 318 677 docet
339 615 373 675 in
395 634 492 693 quem
515 613 675 693 respicere
694 631 822 691 semper
840 611 1001 685 convenit,
1023 611 1050 672 si
1073 611 1204 673 vocanti
1256 608 1337 671 tieni
1355 615 1389 670 et
1405 604 1664 669 immarcescibili
1677 624 1815 668 coronae
1827 604 1991 670 destinata
2002 614 2088 680 sunt,
2102 613 2238 670 strenue

224 700 295 764 Deo
318 699 459 764 velimus
486 697 692 779 respendere.
738 693 906 775 Quorsum
934 697 1021 759 enim
1050 693 1204 758 amandi
1257 691 1446 756 enitendum
1472 712 1542 755 esse
1570 701 1606 754 ut
1628 712 1711 772 pura
1734 700 1766 753 et
1787 692 1979 773 incorrupta
2000 691 2034 754 in
2057 690 2145 754 diem
2168 690 2237 755 Do-

224 785 368 867 nequitia
397 794 429 847 et
456 783 648 864 pollutione,
683 783 716 844 in
743 780 870 861 quibus.
890 780 1029 845 demersi
1063 801 1202 855 eramus,
1257 779 1338 842 mini
1360 785 1597 841 conserventur
1620 780 1649 860 (1
1673 776 1786 840 Thess.
1808 782 1836 851 5,
1856 778 1920 861 23).
1966 777 2066 854 Haec,
2090 777 2236 858 inquam,

224 890 284 934 nos
306 871 377 933 erui
400 868 569 940 attinebat,
594 869 620 931 si
644 866 737 930 nobis
755 868 976 949 permittimus
998 874 1066 930 tota
1084 868 1152 930 vita
1170 869 1204 930 in
1258 865 1517 947 suspicet-issima
1550 871 1627 926 sunt
1660 863 1742 926 beno
1770 861 2016 927 constituendae
2043 864 2132 927 vitae
2160 862 2238 925 fun·

224 955 288 1021 illis
311 953 479 1020 volutari?
526 953 580 1016 Ad
608 953 689 1016 haec
722 952 819 1016 simul
846 954 944 1016 etiam
962 953 1116 1017 admonet
1144 974 1204 1016 nos
1258 951 1426 1025 damenta,
1466 949 1585 1030 quibus
1618 968 1825 1030 nequaquam
1858 948 1977 1012 similia
2010 947 2239 1030 deprehendas

224 1042 301 1126 (Ies.
324 1046 373 1113 35,
393 1044 412 1101 8
432 1049 465 1102 et
484 1038 584 1119 alibi),
608 1039 696 1102 utin
710 1039 845 1101 Domini
863 1038 982 1120 populo
1001 1059 1203 1112 censeamur,
1259 1036 1344 1118 apud
1377 1034 1602 1117 philosophos:
1637 1035 1693 1115 qai
1727 1035 1762 1096 in
1795 1035 2076 1099 commendatione
2104 1034 2240 1099 virtutis

188 1127 191 1131 ’
224 1135 372 1192 sanctam
408 1126 572 1188 civitatem
605 1123 784 1187 Ierusalem
824 1135 973 1205 oportere
1005 1125 1204 1188 inhabitare:
1258 1142 1426 1204 nunquam
1449 1142 1548 1202 supra
1573 1120 1716 1184 hominis
1738 1121 1921 1184 neutralem
1944 1118 2137 1203 dignitatem
2159 1141 2241 1184 con·

225 1232 324 1294 quam
348 1219 384 1273 ut
405 1211 474 1292 ipse
496 1210 557 1274 sibi
581 1211 799 1286 consecravit,
825 1211 871 1273 ita
893 1209 1075 1274 incolarum
1097 1211 1205 1292 impu·
1258 1205 1428 1272 scendunt.

228 1298 324 1361 ritate
358 1296 448 1360 nefas
481 1304 530 1359 est
561 1296 734 1377 profanari.
787 1295 883 1360 Unde
911 1305 989 1359 sunt
1016 1318 1073 1361 eae
1096 1316 1204 1360 voces:
1345 1299 1374 1355 4.
1419 1293 1528 1373 Atque
1555 1291 1608 1355 hic
1637 1291 1728 1356 locus
1756 1300 1806 1355 est
1834 1290 2049 1374 compellandi
2080 1313 2151 1377 ees,
2180 1294 2241 1375 qui

230 1383 338 1446 locum
360 1382 400 1445 iis
422 1383 569 1444 futurum
591 1382 626 1443 in
645 1382 708 1444 Dei
731 1380 950 1458 tabernaculo,
973 1384 1029 1464 qui
1051 1382 1208 1446 incedunt
1259 1378 1341 1443 nihil
1361 1378 1520 1442 habentes
1533 1376 1659 1442 Christi
1682 1386 1812 1459 praeter
1831 1378 1965 1441 titulum
1988 1398 2025 1442 ac
2043 1379 2239 1463 symbolum,

230 1468 302 1533 sine
325 1466 468 1541 macula,
497 1475 530 1530 et
557 1468 701 1530 institiae
724 1467 871 1544 student,
902 1475 961 1532 ete.
1011 1468 1093 1548 Quia
1121 1488 1208 1532 sene·
1260 1464 1442 1530 Christiani
1480 1472 1591 1528 tamen
1624 1465 1786 1527 nominari
1820 1465 1944 1528 velunt.
2001 1463 2075 1544 Qua
2105 1463 2241 1528 tandem

229 1555 370 1617 lucrium
404 1555 434 1615 ia
465 1573 523 1633 qao
551 1552 683 1621 habitet,
718 1554 847 1618 ctissime
866 1554 948 1618 decet
970 1555 1073 1618 iactor
1093 1555 1208 1618 stabuli
1260 1552 1368 1615 fronte
1388 1571 1480 1614 sacre
1502 1551 1571 1613 eius
1591 1550 1723 1612 nomine
1745 1549 1950 1632 gloriantur?
1996 1548 2167 1632 Siquidem
2189 1552 2242 1615 ni·

229 1640 373 1704 sordibus
395 1659 459 1702 esse
478 1640 631 1718 retirtum.
1261 1637 1308 1700 hil
1330 1645 1380 1700 est
1401 1636 1586 1701 commercii
1608 1655 1684 1698 eum
1707 1634 1855 1714 Christo,
1877 1637 1941 1700 nisi
1964 1637 2016 1699 bis
2035 1638 2092 1718 qui
2115 1647 2243 1702 rectam

318 1729 345 1787 3.
391 1725 454 1799 Ac,
479 1746 541 1806 quo
563 1724 681 1787 melius
703 1744 763 1788 nos
783 1726 1037 1808 expergefaciat,
1067 1724 1209 1789 ostendit
1261 1724 1331 1788 eius
1365 1722 1580 1805 cognitionem
1614 1742 1656 1785 ex
1688 1720 1788 1785 verbo
1820 1723 1981 1805 evangelii
2015 1734 2241 1805 perceperunt

230 1810 339 1875 Deum
361 1817 505 1891 patrem,
535 1808 809 1890 quemadmodum
838 1832 898 1875 nos
928 1812 989 1875 sibi
1017 1813 1051 1874 in
1075 1811 1209 1875 Christo
1261 1809 1364 1891 Atqui
1397 1827 1453 1872 cos
1485 1828 1597 1871 omnes
1630 1805 1801 1870 Christum
1836 1818 1923 1873 recte
1956 1808 2107 1873 didicisse
2140 1819 2243 1892 negat

231 1915 291 1960 sue
312 1895 512 1972 conciliavit,
543 1897 590 1958 ita
618 1897 652 1959 in
679 1916 717 1959 eo
744 1896 838 1961 nobis
861 1897 1038 1979 imaginem
1061 1898 1209 1980 signasse
1262 1894 1427 1976 apestolus
1450 1893 1551 1976 (aph.
1574 1900 1602 1967 4,
1623 1893 1689 1976 22),
1714 1894 1769 1974 qui
1791 1915 1858 1957 non
1879 1894 1983 1959 edocti
2005 1904 2092 1971 sunt,
2115 1895 2242 1959 abiecto

231 1979 392 2063 adquam
415 2002 476 2044 nes
499 1983 693 2045 conformari
714 1981 803 2046 velit.
843 1984 915 2065 Age
938 1985 1209 2066 praestantiorem
1261 1981 1365 2045 veteri
1388 1980 1534 2051 homine,
1558 1980 1615 2059 qui
1636 1981 1857 2060 corrumpitur
1878 1979 2057 2045 secundum
2080 1979 2243 2045 desideria

230 2068 451 2132 oeconomiam
482 2067 564 2130 mihi
593 2067 678 2148 apud
707 2067 918 2151 philosophos
945 2070 1125 2151 reperiant,
1154 2070 1208 2151 qui
1262 2067 1392 2144 erroris,
1417 2066 1526 2147 ipsum
1549 2086 1620 2128 esse
1642 2062 1854 2129 induendum.
1899 2066 1999 2131 Falso
2021 2068 2123 2150 igitur
2145 2076 2243 2149 atque

231 2153 320 2235 apud
345 2174 400 2216 ecs
427 2153 511 2216 solos
539 2153 600 2217 rite
624 2161 722 2234 atque
744 2153 858 2217 ordine
881 2153 1070 2236 dispositam
1090 2163 1211 2236 putant
1262 2152 1360 2216 etiam
1384 2152 1506 2215 iniuria
1516 2150 1642 2215 Christi
1664 2152 1883 2233 cognitionem
1902 2152 2078 2217 obtendere
2095 2174 2243 2236 arguun-

230 2238 472 2321 philcsophiam
493 2239 658 2302 moralem.
693 2239 757 2315 Illi,
781 2239 860 2303 dum
881 2239 923 2303 ad
944 2240 1101 2304 virtutem
1116 2262 1209 2323 egre·
1261 2247 1325 2313 tur,
1348 2236 1528 2319 quamlibet
1546 2236 1667 2300 diserte
1685 2237 1816 2300 interim
1835 2259 1873 2302 ac
1886 2238 2071 2303 volubiliter
2089 2239 2129 2303 de
2143 2261 2243 2303 evan·

232 2325 285 2408 gie
308 2324 423 2387 velunt
445 2323 630 2400 adhortari,
661 2325 743 2388 nihil
770 2325 859 2389 aliud
888 2327 1031 2390 afferunt
1052 2347 1150 2409 quam
1172 2335 1211 2389 ut
1262 2323 1346 2407 gelio
1369 2324 1525 2406 garriant.
1571 2322 1645 2386 Non
1668 2324 1756 2387 enim
1778 2323 1911 2406 linguae
1933 2334 1983 2388 est
2004 2323 2162 2402 doctrina,
2186 2323 2243 2390 sed

231 2418 370 2473 naturae
397 2411 630 2473 convenienter
658 2411 822 2476 vivamus:
858 2412 1019 2495 scriptura
1047 2422 1157 2477 autem
1191 2433 1211 2474 a
1263 2410 1364 2487 vitae;
1383 2430 1443 2473 nec
1461 2408 1628 2473 intellectu
1641 2410 1862 2490 memoriaque
1880 2409 2042 2474 duntaxat
2059 2411 2243 2493 apprehen-

233 2516 311 2560 vero
332 2496 420 2558 fonte
443 2494 573 2560 deducit
595 2497 873 2575 exhortationem,
902 2519 1003 2579 quum
1025 2520 1091 2562 non
1113 2499 1209 2561 modo
1264 2494 1362 2571 ditur,
1384 2503 1423 2557 ut
1445 2495 1589 2575 reliquae
1609 2492 1807 2576 disciplinae,
1836 2495 1893 2559 sed
1915 2504 1986 2560 tum
2008 2498 2166 2579 recipitur
2188 2497 2243 2561 de-

232 2582 344 2645 vitam'
358 2592 503 2645 nestram
527 2582 566 2645 ad
589 2583 699 2646 Deum
722 2592 877 2660 autorem,
901 2585 952 2648 cui
971 2583 1130 2648 obstricta
1151 2592 1209 2660 est,
1263 2602 1355 2644 mum
1378 2580 1433 2644 nbi
1456 2582 1601 2644 animam
1623 2587 1725 2644 tetam
1746 2580 1902 2664 possidet,
1932 2582 2107 2664 sedemque
2134 2591 2168 2647 et
2190 2605 2242 2646 re-

232 2666 354 2731 reierre
388 2667 562 2749 praecipit,
597 2667 669 2742 sed,
703 2677 876 2751 postquam
902 2670 1118 2752 degenerasse
1151 2691 1211 2733 nes
1263 2666 1468 2749 ceptaeulum
1501 2667 1628 2730 invenit
1654 2667 1689 2728 in
1716 2667 1831 2730 intimo
1864 2668 1969 2733 cordis
2001 2670 2128 2733 affectu.
2172 2670 2242 2731 Ant

233 2752 342 2817 decuit
375 2774 395 2816 a
426 2775 505 2817 vera
537 2755 711 2818 creationis
744 2764 876 2819 nostrae
909 2757 1037 2839 origine
1064 2778 1101 2821 ae
1128 2756 1210 2839 lege,
1264 2774 1342 2835 ergo
1364 2752 1516 2816 desinant
1544 2773 1618 2815 eum
1642 2754 1705 2817 Dei
1734 2753 1929 2817 contumelia
1958 2755 2078 2819 iactare
2101 2754 2133 2819 id
2155 2754 2240 2836 quod

233 2839 404 2922 subiungit
425 2838 605 2918 Christ-um,
628 2862 805 2923 perquem
827 2842 862 2904 in
885 2843 1023 2925 gratiam
1047 2864 1122 2908 cum
1139 2842 1212 2905 Deo
1264 2860 1331 2902 non
1362 2847 1453 2915 sunt,
1487 2847 1545 2902 aut
1577 2860 1612 2903 se
1644 2860 1710 2902 non
1743 2839 1896 2922 indignes
1923 2840 2057 2904 Christo
2084 2842 2241 2924 magistre

232 2922 404 3000 rediimus,
446 2925 539 2989 nobis
571 2927 772 3008 propositum
804 2948 874 2992 esse
908 2929 1076 3010 exemplar
1116 2929 1211 2993 euius
1264 2922 1440 3007 discipulos
1462 2930 1636 3006 praestent.
1681 2925 1873 3001 Doctrinae,
1901 2948 1966 3007 qua
1995 2927 2110 3010 religio
2131 2935 2243 2990 nostra

232 3010 372 3075 formam
395 3010 430 3071 in
451 3011 521 3075 vita
542 3022 655 3076 nostra
676 3014 906 3094 exprimamus.
951 3013 1039 3095 Quid
1062 3014 1122 3078 boc
1145 3034 1213 3076 uno
1264 3011 1461 3089 continetur,
1490 3012 1614 3092 priores
1641 3010 1792 3074 dedimus
1821 3022 1945 3092 partes,
1979 3013 2242 3096 quandoquidem

231 3096 396 3159 efficacius
424 3097 592 3177 requiras?
622 3099 688 3162 imo
717 3098 794 3180 quid
824 3100 912 3164 ultra
941 3101 1002 3165 hec
1028 3121 1133 3163 unum
1160 3121 1212 3163 re-
1264 3096 1305 3160 ab
1333 3118 1372 3160 ea
1398 3097 1487 3160 salus
1514 3105 1627 3160 nostra
1654 3096 1840 3174 inchoatur;
1874 3119 1991 3162 verum
2013 3121 2052 3163 ea
2073 3101 2108 3162 in
2130 3108 2242 3181 pectus

231 3180 366 3263 quiras‘l
401 3180 474 3244 Hac
496 3184 584 3245 enim
602 3182 786 3248 conditione
809 3186 836 3249 si
855 3185 1050 3268 adoptamur
1071 3187 1105 3249 in
1126 3186 1212 3250 filios
1263 3181 1516 3247 transfundatur
1537 3191 1634 3264 atque
1656 3184 1689 3245 in
1711 3193 2123 3268 merestranseatoportct,
2147 3185 2243 3250 adec-

231 3265 433 3343 aDomin0,
464 3276 500 3329 ut
523 3267 708 3346 Christum,
739 3278 871 3334 nostrae
894 3271 1075 3354 adeptionis
1097 3273 1211 3336 vincu·
1262 3289 1325 3350 que
1347 3289 1407 3331 nos
1425 3269 1460 3333 in
1484 3290 1518 3332 se
1540 3269 1764 3346 transformet,
1789 3278 1827 3332 ut
1848 3269 1891 3333 sit
1912 3271 2006 3335 nobis
2027 3294 2094 3334 non
2118 3272 2243 3336 infruc-

229 3352 308 3425 lum,
335 3353 404 3414 vita
425 3363 538 3415 nostra
561 3365 790 3435 repraesentet,
820 3358 883 3420 nisi
906 3379 966 3422 nos
988 3359 1130 3422 iustitiae
1153 3358 1210 3422 ad·
1264 3362 1364 3417 tuosa.
1407 3353 1445 3419 Si
1467 3355 1539 3417 iure
1560 3355 1595 3416 in
1613 3376 1667 3419 ees
1689 3355 1876 3437 philosophi
1898 3357 2149 3430 excandescunt,
2174 3379 2243 3422 eos·

230 3435 369 3501 dicimus
392 3458 430 3500 ao
452 3435 659 3514 devovemus,
682 3462 748 3504 nen
770 3442 866 3505 modo
889 3464 908 3507 a
930 3453 1075 3508 creatore
1098 3451 1210 3508 nostre
1263 3461 1325 3522 que
1347 3441 1501 3521 probrose
1524 3461 1543 3504 a
1566 3462 1665 3524 grege
1687 3463 1746 3504 suo
1769 3442 1913 3525 abigunt,
1936 3445 2117 3526 quiquam
2138 3456 2243 3508 artem

230 3522 399 3586 deficimus
421 3524 562 3603 pessima
584 3525 735 3606 perfidia,
764 3527 821 3591 scd
848 3529 956 3610 ipsum
984 3551 1113 3612 quoque
1142 3551 1209 3595 ser·
1262 3527 1478 3607 profiteantur
1504 3548 1586 3608 quae
1614 3528 1775 3610 magistra
1801 3529 1888 3592 vitae
1917 3550 1988 3594 esse
2011 3530 2139 3607 debeat,
2170 3551 2242 3594 eam

229 3615 377 3672 vaterem
404 3609 579 3674 eiuramus.
624 3611 752 3676 Deinde
780 3613 820 3677 ab
849 3616 1000 3680 omnibns
1020 3616 1085 3679 Dei
1112 3616 1210 3680 bene-
1262 3613 1297 3674 in
1321 3612 1529 3695 sophisticam
1554 3611 1781 3693 loquacitatem
1799 3623 2005 3694 convertunt,
2029 3626 2151 3698 quanto
2173 3637 2241 3677 me-

229 3693 312 3759 ficiis
345 3714 428 3774 quae
455 3694 548 3758 nobis
576 3708 825 3777 commemorat,
860 3722 898 3765 ac
926 3701 1064 3785 singulis
1093 3702 1210 3765 salutis
1261 3696 1335 3761 lieri
1366 3699 1493 3762 ratione
1525 3720 1668 3780 nugaces
1696 3700 1775 3764 istos
1803 3699 1966 3781 sophistas
1995 3701 2239 3778 detestabimur,

229 3788 362 3845 nostrae
393 3781 540 3862 partibus
574 3785 674 3846 sumit
707 3784 902 3850 exhortandi
929 3790 1110 3852 materiam.
1154 3788 1209 3851 Ex
1261 3786 1316 3866 qui
1339 3784 1545 3866 evangelium
1574 3785 1608 3847 in
1636 3787 1772 3849 summis
1801 3785 1902 3850 labris
1926 3787 2074 3852 volutare
2096 3788 2240 3852 contenti

230 3886 294 3947 quo
322 3887 357 3929 se-
384 3866 479 3930 nobis
507 3877 632 3949 patrem
655 3870 749 3934 Deus
776 3871 940 3950 exhibuit,
969 3886 1136 3938 extremae
1158 3874 1209 3936 in·
1262 3879 1353 3946 sunt,
1378 3871 1471 3935 ouius
1494 3871 1653 3947 efficacia,
1682 3871 1834 3954 centuplo
1856 3874 1962 3956 magis
1984 3893 2080 3956 quam
2103 3871 2241 3954 frigidae

231 3950 441 4033 gratitudinis
474 3974 534 4017 nes
561 3975 632 4018 esse
660 3956 860 4039 arguendos,
894 3959 957 4022 nisi
986 3960 1130 4023 vicissim
1160 3958 1210 4022 illi
1260 3956 1528 4038 pbilosophorum
1546 3977 1749 4038 paraeneses,
1772 3958 1807 4020 in
1830 3959 1967 4023 affectus
1984 3958 2088 4023 cerdis
2106 3958 2241 4021 intimos

231 4035 315 4100 tilios
334 4036 547 4102 exhibeamus
566 4040 723 4123 (Malaeh.
748 4046 761 4104 1
789 4047 824 4122 6;
843 4043 928 4126 Eph.
950 4049 979 4122 5,
1002 4051 1032 4123 1;
1058 4045 1207 4109 lloann.
1261 4049 1449 4124 penetrare,
1478 4042 1607 4106 animae
1628 4044 1786 4121 insidere,
1816 4065 1853 4108 ac
1876 4053 1980 4110 totum
2000 4045 2166 4108 hominem
2192 4045 2241 4108 af-

232 4121 332 4205 3,1).
377 4123 431 4186 Ex
458 4145 520 4206 quc
549 4147 608 4189 nos
631 4126 784 4192 Christus
808 4131 977 4214 sangtnnis
1006 4133 1056 4194 sui
1079 4131 1209 4196 lavacro
1261 4128 1359 4192 ficere
1382 4127 1561 4192 debuerat?

230 4209 424 4306 purificavit,
451 4219 546 4291 atque
570 4211 654 4277 hanc
677 4216 904 4297 purgationem
927 4237 986 4298 per
1007 4217 1208 4299 baptismum
1349 4219 1376 4276 5.
1427 4214 1542 4296 Neque
1575 4216 1705 4297 requiro
1737 4225 1775 4281 ut
1806 4217 1890 4281 nihil
1923 4238 2020 4302 quam
2052 4215 2240 4280 absolutum

231 4297 494 4372 communicavit,
513 4297 728 4371 mdscese,
755 4309 792 4363 ut
813 4303 907 4367 novis
929 4302 1078 4368 serdibus
1100 4304 1209 4385 inqui·
1262 4299 1471 4382 evangelium
1501 4300 1672 4365 christiani
1696 4302 1837 4366 heminis
1858 4325 1967 4368 mores
1987 4303 2127 4386 spirent3
2156 4302 2241 4386 quod

231 4401 350 4444 nemur
371 4380 471 4463 (Eph.
493 4388 521 4456 5,
541 4387 596 4457 26;
625 4384 726 4449 Hebr.
750 4390 797 4463 10,
821 4391 874 4466 10;
901 4393 912 4449 l
936 4387 1010 4453 Cer.
1031 4395 1059 4466 a,
1082 4394 1129 4453 ll.
1156 4395 1209 4470 15;
1262 4395 1373 4450 tamen
1396 4387 1503 4467 ipsum
1526 4398 1560 4450 et
1577 4387 1756 4471 optandum
1774 4397 1825 4454 est
1846 4400 1880 4453 et
1901 4391 2013 4455 conari
2029 4399 2163 4455 neeesse
2181 4402 2240 4452 est,

234 4466 605 4564 lPetr.l,15et.1.a),
650 4471 704 4534 Ex
733 4493 797 4554 quo
826 4494 885 4538 nos
914 4495 973 4539 suo
1001 4477 1129 4558 corpori
1157 4477 1209 4538 in·
1263 4471 1331 4536 aed
1357 4493 1424 4535 non
1451 4473 1499 4536 ita
1527 4494 1640 4538 severe
1665 4477 1795 4557 requiro
1818 4477 2040 4560 evangelicam
2069 4476 2241 4558 perfectio-

230 4561 348 4626 sermt,
371 4552 508 4618 sollicite
530 4556 712 4621 cavendum
735 4580 777 4621 ne
798 4560 906 4636 nobis,
929 4563 984 4642 qui
1007 4583 1121 4626 sumus
1139 4562 1209 4625 eius
1262 4579 1348 4633 nem,
1370 4569 1496 4623 utnon
1518 4561 1578 4624 sim
1601 4582 1660 4642 pro
1681 4561 1861 4626 christiane
1881 4565 2063 4646 agniturus,
2085 4563 2142 4645 qui
2159 4581 2240 4624 non-

229 4638 392 4717 membra,
430 4640 593 4705 maculam
633 4652 690 4706 aut
721 4643 829 4708 labem
864 4647 963 4710 ullam
996 4668 1209 4732 aspergamus
1262 4644 1340 4707 dum
1369 4644 1409 4708 ad
1439 4666 1510 4709 eam
1539 4648 1718 4730 pertigerit.
1763 4646 1820 4713 Sic
1844 4650 1931 4712 enim
1962 4649 2003 4712 ab
2027 4650 2162 4716 ecelesia
2182 4670 2241 4711 ex-

134 4776 137 4781 ,
231 4723 361 4806 (Ioann.
384 4731 432 4799 15,
453 4730 486 4805 3;
509 4727 595 4810 Eph.
616 4734 645 4805 5,
666 4727 731 4811 23).
776 4732 830 4794 Ex
853 4753 916 4814 quo
938 4733 1008 4815 ipse
1031 4733 1127 4810 idem,
1152 4734 1208 4816 qui
1261 4730 1472 4795 eluderentur
1493 4752 1616 4809 omnes,
1640 4732 1770 4814 quando
1792 4754 1888 4798 neme
1906 4737 2078 4817 reperitur,
2099 4736 2155 4819 qui
2174 4755 2240 4799 non

231 4819 329 4892 caput
347 4821 396 4873 est
415 4823 572 4884 nostrum,
600 4815 635 4876 in
657 4814 783 4880 coelum
802 4818 957 4896 aseendit,
981 4820 1154 4884 convenire
1172 4827 1209 4882 ut
1261 4818 1304 4879 sit
1321 4815 1418 4899 longo
1436 4817 1543 4882 adbuc
1560 4818 1735 4882 intervallo
1747 4818 1893 4899 dissitus;
1911 4822 2009 4884 multi
2027 4844 2106 4888 vero
2122 4841 2241 4905 parum

232 4893 379 4977 deposito
402 4904 508 4960 terrae
530 4901 664 4977 aflectu,
690 4900 766 4966 illuc
786 4910 854 4967 toto
874 4914 1005 4986 pectore
1027 4906 1208 4987 aspiremus
1261 4901 1368 4966 adhuc
1396 4905 1560 4987 progressi
1589 4917 1681 4982 sunt,
1711 4907 1767 4987 qui
1795 4914 1906 4970 tamen
1935 4908 2101 4974 immerito
2122 4909 2240 4974 abiice-

232 4978 316 5076 (Col.
333 4984 366 5056 3,
383 4980 424 5063 l).
465 4983 595 5066 Exque
613 5007 674 5051 nos
697 4988 830 5070 spiritus
848 5000 980 5055 sanctus
997 4991 1120 5073 templa
1136 4992 1209 5055 Deo
1261 4997 1386 5051 rentur.
1430 4987 1521 5068 Quid
1549 4989 1647 5073 ergo?
1681 5012 1796 5074 scopus
1823 4992 1879 5056 ille
1908 5001 1984 5058 ante
2007 4995 2116 5060 ocules
2145 5017 2240 5078 prae·

232 5063 404 5141 dedicavit,
423 5066 565 5132 dandam
581 5092 713 5152 operam
734 5083 771 5137 ut
781 5074 846 5140 Dei
860 5076 964 5159 gloria
975 5098 1034 5160 per
1044 5098 1104 5141 nos
1116 5077 1209 5142 illus·
1260 5075 1396 5157 figatur,
1419 5072 1460 5137 ad
1480 5096 1578 5156 quem
1600 5075 1705 5141 solum
1728 5077 1890 5163 dirigatur
1911 5078 2058 5144 studium
2080 5091 2239 5147 nostrum.

231 5159 344 5250 aretur,
364 5174 423 5218 nec
442 5176 519 5217 vero
536 5176 609 5227 esse
625 5160 893 5226 committendum
913 5171 951 5226 ut
971 5165 1096 5245 peccati
1113 5185 1209 5248 spur-
1260 5160 1504 5225 Praestituatur
1535 5170 1623 5226 meta
1648 5161 1719 5239 illa,
1753 5164 1795 5229 ad
1821 5185 1921 5247 quam
1949 5173 1984 5229 et
2011 5167 2175 5232 enitamur
2207 5176 2241 5231 et

230 5244 307 5302 eitra
323 5240 535 5321 profanemur
551 5241 673 5319 (lCor.
693 5248 722 5322 3,
741 5249 779 5308 lt
804 5254 839 5310 et
856 5252 955 5330 6,19;
974 5248 1124 5327 went,
1143 5249 1207 5334 Iti)
1261 5244 1505 5311 contendamus
1549 5246 1625 5312 Non
1656 5249 1745 5314 enim
1773 5251 1820 5315 ita
1845 5251 1963 5333 partiri
1987 5273 2062 5317 cum
2089 5253 2164 5319 Deo
2190 5254 2241 5318 fas
