<?xml version="1.0" encoding="UTF-8"?>
<!DOCTYPE html PUBLIC "-//W3C//DTD XHTML 1.0 Transitional//EN"
    "http://www.w3.org/TR/xhtml1/DTD/xhtml1-transitional.dtd">
<html xmlns="http://www.w3.org/1999/xhtml" xml:lang="en" lang="en">
 <head>
  <title>
</title>
<meta http-equiv="Content-Type" content="text/html;charset=utf-8" />
  <meta name='ocr-system' content='tesseract 3.04.00' />
  <meta name='ocr-capabilities' content='ocr_page ocr_carea ocr_par ocr_line ocrx_word'/>
</head>
<body>
  <div class='ocr_page' id='page_1' title='image "./ioanniscalvinii00cunigoog_0105.png"; bbox 0 0 4672 5842; ppageno 0'>
   <div class='ocr_carea' id='block_1_1' title="bbox 234 288 2244 381">
    <p class='ocr_par' dir='ltr' id='par_1_1' title="bbox 234 288 2244 381">
     <span class='ocr_line' id='line_1_1' title="bbox 234 288 2244 381; baseline -0.004 0"><span class='ocrx_word' id='word_1_1' title='bbox 234 288 295 381; x_wconf 78' lang='grc' dir='ltr'><strong>ιιι</strong></span> <span class='ocrx_word' id='word_1_2' title='bbox 2179 309 2244 373; x_wconf 84' lang='lat' dir='ltr'><strong>iss</strong></span> 
     </span>
    </p>
   </div>
   <div class='ocr_carea' id='block_1_2' title="bbox 880 305 2061 396">
    <p class='ocr_par' dir='ltr' id='par_1_2' title="bbox 880 305 2061 396">
     <span class='ocr_line' id='line_1_2' title="bbox 880 305 2061 396; baseline -0.003 -21"><span class='ocrx_word' id='word_1_3' title='bbox 880 307 1146 376; x_wconf 79' lang='lat' dir='ltr'><strong>marmeno</strong></span> <span class='ocrx_word' id='word_1_4' title='bbox 1167 307 1272 375; x_wconf 79' lang='lat' dir='ltr'><strong>aaa.</strong></span> <span class='ocrx_word' id='word_1_5' title='bbox 1294 305 1475 375; x_wconf 75' lang='lat' dir='ltr'><strong>emisa.</strong></span> <span class='ocrx_word' id='word_1_6' title='bbox 1501 313 1593 374; x_wconf 82' lang='lat' dir='ltr'><strong>nso.</strong></span> <span class='ocrx_word' id='word_1_7' title='bbox 2055 358 2061 396; x_wconf 80' lang='lat'><strong>,</strong></span> 
     </span>
    </p>
   </div>
   <div class='ocr_carea' id='block_1_3' title="bbox 233 495 2241 673">
    <p class='ocr_par' dir='ltr' id='par_1_3' title="bbox 233 495 2241 673">
     <span class='ocr_line' id='line_1_3' title="bbox 233 495 2241 588; baseline -0.004 -18"><span class='ocrx_word' id='word_1_8' title='bbox 233 516 268 571; x_wconf 89' lang='lat' dir='ltr'><strong>et</strong></span> <span class='ocrx_word' id='word_1_9' title='bbox 290 505 470 588; x_wconf 88' lang='lat' dir='ltr'><strong>appetitus,</strong></span> <span class='ocrx_word' id='word_1_10' title='bbox 509 521 567 564; x_wconf 91' lang='lat' dir='ltr'><strong>seu</strong></span> <span class='ocrx_word' id='word_1_11' title='bbox 609 500 767 563; x_wconf 83' lang='lat' dir='ltr'><strong>voluntas</strong></span> <span class='ocrx_word' id='word_1_12' title='bbox 808 498 906 579; x_wconf 90' lang='lat' dir='ltr'><strong>(quae</strong></span> <span class='ocrx_word' id='word_1_13' title='bbox 939 496 1112 581; x_wconf 82' lang='lat' dir='ltr'><strong>appellatio</strong></span> <span class='ocrx_word' id='word_1_14' title='bbox 1145 497 1212 562; x_wconf 86' lang='lat' dir='ltr'><strong>iam</strong></span> <span class='ocrx_word' id='word_1_15' title='bbox 1265 498 1391 562; x_wconf 85' lang='lat' dir='ltr'><strong>exstitit</strong></span> <span class='ocrx_word' id='word_1_16' title='bbox 1412 498 1468 581; x_wconf 94' lang='lat' dir='ltr'><strong>qui</strong></span> <span class='ocrx_word' id='word_1_17' title='bbox 1489 518 1556 561; x_wconf 93' lang='lat' dir='ltr'><strong>non</strong></span> <span class='ocrx_word' id='word_1_18' title='bbox 1578 503 1769 580; x_wconf 88' lang='lat' dir='ltr'><strong>agnosceret</strong></span> <span class='ocrx_word' id='word_1_19' title='bbox 1790 505 1823 560; x_wconf 90' lang='lat' dir='ltr'><strong>et</strong></span> <span class='ocrx_word' id='word_1_20' title='bbox 1845 497 2020 560; x_wconf 84' lang='lat' dir='ltr'><strong>sanitatem</strong></span> <span class='ocrx_word' id='word_1_21' title='bbox 2047 495 2183 560; x_wconf 87' lang='lat' dir='ltr'><strong>rationis</strong></span> <span class='ocrx_word' id='word_1_22' title='bbox 2203 498 2241 561; x_wconf 92' lang='lat' dir='ltr'><strong>in</strong></span> 
     </span>
     <span class='ocr_line' id='line_1_4' title="bbox 233 582 2241 673; baseline -0.004 -17"><span class='ocrx_word' id='word_1_23' title='bbox 233 591 419 673; x_wconf 79' lang='lat' dir='ltr'><strong>vulgatiora</strong></span> <span class='ocrx_word' id='word_1_24' title='bbox 437 608 499 652; x_wconf 92' lang='lat' dir='ltr'><strong>usu</strong></span> <span class='ocrx_word' id='word_1_25' title='bbox 517 595 648 667; x_wconf 88' lang='lat' dir='ltr'><strong>recepta</strong></span> <span class='ocrx_word' id='word_1_26' title='bbox 671 585 746 667; x_wconf 90' lang='lat' dir='ltr'><strong>est),</strong></span> <span class='ocrx_word' id='word_1_27' title='bbox 765 584 966 648; x_wconf 85' lang='lat' dir='ltr'><strong>intellectum</strong></span> <span class='ocrx_word' id='word_1_28' title='bbox 978 584 1105 648; x_wconf 90' lang='lat' dir='ltr'><strong>ratione</strong></span> <span class='ocrx_word' id='word_1_29' title='bbox 1117 605 1211 666; x_wconf 86' lang='lat' dir='ltr'><strong>prae·</strong></span> <span class='ocrx_word' id='word_1_30' title='bbox 1264 583 1396 649; x_wconf 91' lang='lat' dir='ltr'><strong>homine</strong></span> <span class='ocrx_word' id='word_1_31' title='bbox 1407 584 1553 667; x_wconf 85' lang='lat' dir='ltr'><strong>graviter</strong></span> <span class='ocrx_word' id='word_1_32' title='bbox 1565 605 1606 647; x_wconf 85' lang='lat' dir='ltr'><strong>ex</strong></span> <span class='ocrx_word' id='word_1_33' title='bbox 1618 591 1749 665; x_wconf 90' lang='lat' dir='ltr'><strong>peccato</strong></span> <span class='ocrx_word' id='word_1_34' title='bbox 1762 583 1978 658; x_wconf 79' lang='lat' dir='ltr'>vulneratam,</span> <span class='ocrx_word' id='word_1_35' title='bbox 1992 590 2026 644; x_wconf 89' lang='lat' dir='ltr'><strong>et</strong></span> <span class='ocrx_word' id='word_1_36' title='bbox 2035 582 2241 647; x_wconf 88' lang='lat' dir='ltr'><strong>voluntatem</strong></span> 
     </span>
    </p>
   </div>
   <div class='ocr_carea' id='block_1_4' title="bbox 232 668 1212 2041">
    <p class='ocr_par' dir='ltr' id='par_1_4' title="bbox 232 668 1212 1530">
     <span class='ocr_line' id='line_1_5' title="bbox 234 668 1212 754; baseline -0.009 -13"><span class='ocrx_word' id='word_1_37' title='bbox 234 676 340 741; x_wconf 90' lang='lat' dir='ltr'><strong>ditum</strong></span> <span class='ocrx_word' id='word_1_38' title='bbox 363 681 516 739; x_wconf 89' lang='lat' dir='ltr'><strong>asserunt</strong></span> <span class='ocrx_word' id='word_1_39' title='bbox 538 672 662 754; x_wconf 88' lang='lat' dir='ltr'><strong>optima</strong></span> <span class='ocrx_word' id='word_1_40' title='bbox 684 671 725 734; x_wconf 91' lang='lat' dir='ltr'><strong>ad</strong></span> <span class='ocrx_word' id='word_1_41' title='bbox 746 671 830 735; x_wconf 91' lang='lat' dir='ltr'><strong>bene</strong></span> <span class='ocrx_word' id='word_1_42' title='bbox 852 670 1011 752; x_wconf 88' lang='lat' dir='ltr'><strong>beateque</strong></span> <span class='ocrx_word' id='word_1_43' title='bbox 1032 668 1212 734; x_wconf 88' lang='lat' dir='ltr'><strong>vivendum</strong></span> 
     </span>
     <span class='ocr_line' id='line_1_6' title="bbox 232 755 1212 841; baseline -0.008 -14"><span class='ocrx_word' id='word_1_44' title='bbox 232 761 463 838; x_wconf 87' lang='lat' dir='ltr'><strong>mcderatriee;</strong></span> <span class='ocrx_word' id='word_1_45' title='bbox 487 761 556 841; x_wconf 92' lang='lat' dir='ltr'><strong>ipse</strong></span> <span class='ocrx_word' id='word_1_46' title='bbox 578 755 674 820; x_wconf 92' lang='lat' dir='ltr'><strong>modo</strong></span> <span class='ocrx_word' id='word_1_47' title='bbox 699 778 733 820; x_wconf 90' lang='lat' dir='ltr'><strong>se</strong></span> <span class='ocrx_word' id='word_1_48' title='bbox 761 757 796 819; x_wconf 90' lang='lat' dir='ltr'><strong>in</strong></span> <span class='ocrx_word' id='word_1_49' title='bbox 826 775 886 817; x_wconf 90' lang='lat' dir='ltr'><strong>sua</strong></span> <span class='ocrx_word' id='word_1_50' title='bbox 915 757 1118 837; x_wconf 80' lang='lat' dir='ltr'><strong>praestantia</strong></span> <span class='ocrx_word' id='word_1_51' title='bbox 1140 776 1212 819; x_wconf 91' lang='lat' dir='ltr'><strong>sus·</strong></span> 
     </span>
     <span class='ocr_line' id='line_1_7' title="bbox 232 839 1209 924; baseline -0.008 -13"><span class='ocrx_word' id='word_1_52' title='bbox 232 849 352 924; x_wconf 88' lang='lat' dir='ltr'><strong>tineat,</strong></span> <span class='ocrx_word' id='word_1_53' title='bbox 392 868 429 911; x_wconf 91' lang='lat' dir='ltr'><strong>ac</strong></span> <span class='ocrx_word' id='word_1_54' title='bbox 467 845 536 909; x_wconf 84' lang='lat' dir='ltr'><strong>vim</strong></span> <span class='ocrx_word' id='word_1_55' title='bbox 569 843 631 908; x_wconf 90' lang='lat' dir='ltr'><strong>sibi</strong></span> <span class='ocrx_word' id='word_1_56' title='bbox 663 842 859 906; x_wconf 87' lang='lat' dir='ltr'><strong>naturahter</strong></span> <span class='ocrx_word' id='word_1_57' title='bbox 895 839 1033 905; x_wconf 89' lang='lat' dir='ltr'><strong>inditam</strong></span> <span class='ocrx_word' id='word_1_58' title='bbox 1072 850 1209 906; x_wconf 88' lang='lat' dir='ltr'><strong>exserat.</strong></span> 
     </span>
     <span class='ocr_line' id='line_1_8' title="bbox 233 927 1210 1009; baseline -0.009 -10"><span class='ocrx_word' id='word_1_59' title='bbox 233 934 429 999; x_wconf 86' lang='lat' dir='ltr'><strong>Inferiorem</strong></span> <span class='ocrx_word' id='word_1_60' title='bbox 458 944 569 996; x_wconf 89' lang='lat' dir='ltr'><strong>autem</strong></span> <span class='ocrx_word' id='word_1_61' title='bbox 598 929 668 992; x_wconf 87' lang='lat' dir='ltr'><strong>eius</strong></span> <span class='ocrx_word' id='word_1_62' title='bbox 693 928 889 1004; x_wconf 85' lang='lat' dir='ltr'><strong>motionem,</strong></span> <span class='ocrx_word' id='word_1_63' title='bbox 918 948 1000 1009; x_wconf 88' lang='lat' dir='ltr'><strong>quae</strong></span> <span class='ocrx_word' id='word_1_64' title='bbox 1023 949 1139 991; x_wconf 88' lang='lat' dir='ltr'><strong>sensus</strong></span> <span class='ocrx_word' id='word_1_65' title='bbox 1162 927 1210 990; x_wconf 91' lang='lat' dir='ltr'><strong>di·</strong></span> 
     </span>
     <span class='ocr_line' id='line_1_9' title="bbox 232 1012 1211 1100; baseline -0.01 -14"><span class='ocrx_word' id='word_1_66' title='bbox 232 1020 329 1099; x_wconf 89' lang='lat' dir='ltr'><strong>citur,</strong></span> <span class='ocrx_word' id='word_1_67' title='bbox 353 1039 418 1100; x_wconf 88' lang='lat' dir='ltr'><strong>qua</strong></span> <span class='ocrx_word' id='word_1_68' title='bbox 439 1016 481 1081; x_wconf 88' lang='lat' dir='ltr'><strong>ad</strong></span> <span class='ocrx_word' id='word_1_69' title='bbox 501 1036 647 1083; x_wconf 89' lang='lat' dir='ltr'><strong>errorem</strong></span> <span class='ocrx_word' id='word_1_70' title='bbox 675 1024 709 1078; x_wconf 91' lang='lat' dir='ltr'><strong>et</strong></span> <span class='ocrx_word' id='word_1_71' title='bbox 738 1012 1026 1077; x_wconf 73' lang='lat' dir='ltr'><strong>hallucinationem</strong></span> <span class='ocrx_word' id='word_1_72' title='bbox 1049 1014 1211 1078; x_wconf 89' lang='lat' dir='ltr'><strong>abstrahi·</strong></span> 
     </span>
     <span class='ocr_line' id='line_1_10' title="bbox 232 1097 1211 1183; baseline -0.008 -13"><span class='ocrx_word' id='word_1_73' title='bbox 232 1114 298 1181; x_wconf 91' lang='lat' dir='ltr'><strong>tur,</strong></span> <span class='ocrx_word' id='word_1_74' title='bbox 322 1106 423 1170; x_wconf 87' lang='lat' dir='ltr'><strong>talem</strong></span> <span class='ocrx_word' id='word_1_75' title='bbox 446 1124 527 1181; x_wconf 86' lang='lat' dir='ltr'><strong>osse,</strong></span> <span class='ocrx_word' id='word_1_76' title='bbox 544 1111 584 1166; x_wconf 91' lang='grc' dir='ltr'><strong>ιιι</strong></span> <span class='ocrx_word' id='word_1_77' title='bbox 604 1100 739 1169; x_wconf 81' lang='lat' dir='ltr'><strong>rationis</strong></span> <span class='ocrx_word' id='word_1_78' title='bbox 761 1098 867 1163; x_wconf 82' lang='lat' dir='ltr'><strong>ferula</strong></span> <span class='ocrx_word' id='word_1_79' title='bbox 896 1097 1019 1163; x_wconf 89' lang='lat' dir='ltr'><strong>domari</strong></span> <span class='ocrx_word' id='word_1_80' title='bbox 1042 1110 1075 1163; x_wconf 91' lang='lat' dir='ltr'><strong>ct</strong></span> <span class='ocrx_word' id='word_1_81' title='bbox 1097 1099 1211 1183; x_wconf 86' lang='lat' dir='ltr'><strong>paula-</strong></span> 
     </span>
     <span class='ocr_line' id='line_1_11' title="bbox 233 1186 1210 1273; baseline -0.007 -17"><span class='ocrx_word' id='word_1_82' title='bbox 233 1193 296 1256; x_wconf 88' lang='lat' dir='ltr'><strong>tim</strong></span> <span class='ocrx_word' id='word_1_83' title='bbox 315 1190 483 1273; x_wconf 87' lang='lat' dir='ltr'><strong>profligari</strong></span> <span class='ocrx_word' id='word_1_84' title='bbox 501 1197 606 1271; x_wconf 83' lang='lat' dir='ltr'><strong>queat.</strong></span> <span class='ocrx_word' id='word_1_85' title='bbox 639 1186 853 1250; x_wconf 73' lang='lat' dir='ltr'><strong>Voluntatem</strong></span> <span class='ocrx_word' id='word_1_86' title='bbox 882 1206 978 1267; x_wconf 92' lang='lat' dir='ltr'><strong>porro</strong></span> <span class='ocrx_word' id='word_1_87' title='bbox 1002 1186 1090 1249; x_wconf 89' lang='lat' dir='ltr'><strong>inter</strong></span> <span class='ocrx_word' id='word_1_88' title='bbox 1113 1186 1210 1249; x_wconf 90' lang='lat' dir='ltr'><strong>ratio·</strong></span> 
     </span>
     <span class='ocr_line' id='line_1_12' title="bbox 234 1271 1212 1347; baseline -0.008 -5"><span class='ocrx_word' id='word_1_89' title='bbox 234 1297 311 1343; x_wconf 91' lang='lat' dir='ltr'><strong>nem</strong></span> <span class='ocrx_word' id='word_1_90' title='bbox 335 1285 368 1340; x_wconf 89' lang='lat' dir='ltr'><strong>et</strong></span> <span class='ocrx_word' id='word_1_91' title='bbox 390 1296 521 1340; x_wconf 87' lang='lat' dir='ltr'><strong>sensum</strong></span> <span class='ocrx_word' id='word_1_92' title='bbox 540 1272 682 1336; x_wconf 89' lang='lat' dir='ltr'><strong>mediam</strong></span> <span class='ocrx_word' id='word_1_93' title='bbox 704 1271 823 1347; x_wconf 88' lang='lat' dir='ltr'><strong>locant,</strong></span> <span class='ocrx_word' id='word_1_94' title='bbox 850 1271 902 1333; x_wconf 92' lang='lat' dir='ltr'><strong>sui</strong></span> <span class='ocrx_word' id='word_1_95' title='bbox 931 1271 1054 1336; x_wconf 89' lang='lat' dir='ltr'><strong>scilicet</strong></span> <span class='ocrx_word' id='word_1_96' title='bbox 1076 1271 1157 1335; x_wconf 92' lang='lat' dir='ltr'><strong>iuris</strong></span> <span class='ocrx_word' id='word_1_97' title='bbox 1179 1280 1212 1334; x_wconf 89' lang='lat' dir='ltr'><strong>et</strong></span> 
     </span>
     <span class='ocr_line' id='line_1_13' title="bbox 234 1357 1211 1442; baseline -0.007 -14"><span class='ocrx_word' id='word_1_98' title='bbox 234 1363 397 1428; x_wconf 84' lang='lat' dir='ltr'><strong>libertatis</strong></span> <span class='ocrx_word' id='word_1_99' title='bbox 418 1371 606 1442; x_wconf 85' lang='lat' dir='ltr'><strong>compotem,</strong></span> <span class='ocrx_word' id='word_1_100' title='bbox 636 1359 705 1423; x_wconf 86' lang='lat' dir='ltr'><strong>sive</strong></span> <span class='ocrx_word' id='word_1_101' title='bbox 733 1357 852 1420; x_wconf 88' lang='lat' dir='ltr'><strong>rationi</strong></span> <span class='ocrx_word' id='word_1_102' title='bbox 874 1358 1111 1439; x_wconf 90' lang='lat' dir='ltr'><strong>obtemperare,</strong></span> <span class='ocrx_word' id='word_1_103' title='bbox 1142 1359 1211 1422; x_wconf 89' lang='lat' dir='ltr'><strong>sive</strong></span> 
     </span>
     <span class='ocr_line' id='line_1_14' title="bbox 235 1442 963 1530; baseline -0.012 -15"><span class='ocrx_word' id='word_1_104' title='bbox 235 1449 345 1515; x_wconf 87' lang='lat' dir='ltr'><strong>sensui</strong></span> <span class='ocrx_word' id='word_1_105' title='bbox 369 1444 559 1530; x_wconf 88' lang='lat' dir='ltr'><strong>rapiendam</strong></span> <span class='ocrx_word' id='word_1_106' title='bbox 582 1466 616 1509; x_wconf 93' lang='lat' dir='ltr'><strong>se</strong></span> <span class='ocrx_word' id='word_1_107' title='bbox 638 1444 834 1526; x_wconf 85' lang='lat' dir='ltr'><strong>prostituere</strong></span> <span class='ocrx_word' id='word_1_108' title='bbox 855 1442 963 1506; x_wconf 88' lang='lat' dir='ltr'><strong>hbeat.</strong></span> 
     </span>
    </p>

    <p class='ocr_par' dir='ltr' id='par_1_5' title="bbox 232 1527 1211 2041">
     <span class='ocr_line' id='line_1_15' title="bbox 323 1527 1210 1612; baseline -0.005 -15"><span class='ocrx_word' id='word_1_109' title='bbox 323 1539 350 1598; x_wconf 89' lang='lat'><strong>3.</strong></span> <span class='ocrx_word' id='word_1_110' title='bbox 396 1534 472 1598; x_wconf 88' lang='lat' dir='ltr'><strong>Non</strong></span> <span class='ocrx_word' id='word_1_111' title='bbox 494 1531 685 1596; x_wconf 87' lang='lat' dir='ltr'><strong>inficiantur</strong></span> <span class='ocrx_word' id='word_1_112' title='bbox 705 1527 836 1611; x_wconf 88' lang='lat' dir='ltr'><strong>quidem</strong></span> <span class='ocrx_word' id='word_1_113' title='bbox 859 1528 1040 1604; x_wconf 88' lang='lat' dir='ltr'><strong>interdum,</strong></span> <span class='ocrx_word' id='word_1_114' title='bbox 1064 1530 1135 1612; x_wconf 84' lang='lat' dir='ltr'><strong>ipsa</strong></span> <span class='ocrx_word' id='word_1_115' title='bbox 1159 1531 1210 1593; x_wconf 88' lang='lat' dir='ltr'><strong>ni-</strong></span> 
     </span>
     <span class='ocr_line' id='line_1_16' title="bbox 234 1615 1210 1701; baseline -0.007 -15"><span class='ocrx_word' id='word_1_116' title='bbox 234 1621 357 1686; x_wconf 92' lang='lat' dir='ltr'><strong>mirum</strong></span> <span class='ocrx_word' id='word_1_117' title='bbox 378 1617 582 1701; x_wconf 85' lang='lat' dir='ltr'><strong>experientia</strong></span> <span class='ocrx_word' id='word_1_118' title='bbox 602 1616 756 1687; x_wconf 82' lang='lat' dir='ltr'><strong>convicti.</strong></span> <span class='ocrx_word' id='word_1_119' title='bbox 781 1625 904 1697; x_wconf 87' lang='lat' dir='ltr'><strong>quanta</strong></span> <span class='ocrx_word' id='word_1_120' title='bbox 921 1637 997 1679; x_wconf 89' lang='lat' dir='ltr'><strong>cum</strong></span> <span class='ocrx_word' id='word_1_121' title='bbox 1019 1615 1210 1680; x_wconf 82' lang='lat' dir='ltr'><strong>difficultate</strong></span> 
     </span>
     <span class='ocr_line' id='line_1_17' title="bbox 233 1699 1211 1788; baseline -0.005 -18"><span class='ocrx_word' id='word_1_122' title='bbox 233 1706 356 1771; x_wconf 88' lang='lat' dir='ltr'><strong>rationi</strong></span> <span class='ocrx_word' id='word_1_123' title='bbox 385 1705 472 1788; x_wconf 90' lang='lat' dir='ltr'><strong>apud</strong></span> <span class='ocrx_word' id='word_1_124' title='bbox 489 1726 524 1768; x_wconf 88' lang='lat' dir='ltr'><strong>se</strong></span> <span class='ocrx_word' id='word_1_125' title='bbox 552 1723 692 1786; x_wconf 90' lang='lat' dir='ltr'><strong>regnum</strong></span> <span class='ocrx_word' id='word_1_126' title='bbox 719 1701 816 1764; x_wconf 93' lang='lat' dir='ltr'><strong>homo</strong></span> <span class='ocrx_word' id='word_1_127' title='bbox 839 1700 996 1776; x_wconf 88' lang='lat' dir='ltr'><strong>stabiliat,</strong></span> <span class='ocrx_word' id='word_1_128' title='bbox 1023 1699 1101 1765; x_wconf 91' lang='lat' dir='ltr'><strong>dum</strong></span> <span class='ocrx_word' id='word_1_129' title='bbox 1124 1721 1211 1765; x_wconf 91' lang='lat' dir='ltr'><strong>nunc</strong></span> 
     </span>
     <span class='ocr_line' id='line_1_18' title="bbox 234 1786 1210 1873; baseline -0.007 -16"><span class='ocrx_word' id='word_1_130' title='bbox 234 1792 388 1857; x_wconf 83' lang='lat' dir='ltr'><strong>titillatur</strong></span> <span class='ocrx_word' id='word_1_131' title='bbox 410 1791 615 1873; x_wconf 87' lang='lat' dir='ltr'><strong>voluptatum</strong></span> <span class='ocrx_word' id='word_1_132' title='bbox 636 1787 809 1862; x_wconf 86' lang='lat' dir='ltr'><strong>illecebris,</strong></span> <span class='ocrx_word' id='word_1_133' title='bbox 839 1806 927 1849; x_wconf 91' lang='lat' dir='ltr'><strong>nunc</strong></span> <span class='ocrx_word' id='word_1_134' title='bbox 950 1787 1031 1852; x_wconf 80' lang='lat' dir='ltr'><strong>falsa</strong></span> <span class='ocrx_word' id='word_1_135' title='bbox 1054 1786 1210 1851; x_wconf 90' lang='lat' dir='ltr'><strong>honorum</strong></span> 
     </span>
     <span class='ocr_line' id='line_1_19' title="bbox 232 1874 1210 1961; baseline -0.008 -18"><span class='ocrx_word' id='word_1_136' title='bbox 232 1878 377 1961; x_wconf 76' lang='lat' dir='ltr'><strong>imagine</strong></span> <span class='ocrx_word' id='word_1_137' title='bbox 398 1875 578 1953; x_wconf 88' lang='lat' dir='ltr'><strong>deluditur,</strong></span> <span class='ocrx_word' id='word_1_138' title='bbox 608 1896 697 1938; x_wconf 91' lang='lat' dir='ltr'><strong>nuno</strong></span> <span class='ocrx_word' id='word_1_139' title='bbox 722 1874 922 1955; x_wconf 78' lang='lat' dir='ltr'><strong>impotenter</strong></span> <span class='ocrx_word' id='word_1_140' title='bbox 943 1874 1126 1955; x_wconf 81' lang='lat' dir='ltr'><strong>percutitur</strong></span> <span class='ocrx_word' id='word_1_141' title='bbox 1148 1874 1210 1936; x_wconf 92' lang='lat' dir='ltr'><strong>im-</strong></span> 
     </span>
     <span class='ocr_line' id='line_1_20' title="bbox 232 1959 1210 2041; baseline -0.005 -13"><span class='ocrx_word' id='word_1_142' title='bbox 232 1962 410 2028; x_wconf 88' lang='lat' dir='ltr'><strong>moderatis</strong></span> <span class='ocrx_word' id='word_1_143' title='bbox 433 1962 620 2035; x_wconf 82' lang='lat' dir='ltr'><strong>affectibus,</strong></span> <span class='ocrx_word' id='word_1_144' title='bbox 651 1968 684 2024; x_wconf 91' lang='lat' dir='ltr'><strong>et</strong></span> <span class='ocrx_word' id='word_1_145' title='bbox 705 1975 861 2041; x_wconf 84' lang='lat' dir='ltr'><strong>tanquam</strong></span> <span class='ocrx_word' id='word_1_146' title='bbox 885 1959 1032 2036; x_wconf 83' lang='lat' dir='ltr'><strong>funibus,</strong></span> <span class='ocrx_word' id='word_1_147' title='bbox 1059 1960 1112 2023; x_wconf 87' lang='lat' dir='ltr'><strong>vel</strong></span> <span class='ocrx_word' id='word_1_148' title='bbox 1135 1981 1210 2023; x_wconf 87' lang='lat' dir='ltr'><strong>ner-</strong></span> 
     </span>
    </p>
   </div>
   <div class='ocr_carea' id='block_1_5' title="bbox 112 2044 1212 2131">
    <p class='ocr_par' dir='ltr' id='par_1_6' title="bbox 112 2044 1212 2131">
     <span class='ocr_line' id='line_1_21' title="bbox 112 2044 1212 2131; baseline -0.007 -14"><span class='ocrx_word' id='word_1_149' title='bbox 112 2074 121 2085; x_wconf 91' lang='lat'><em>·</em></span> <span class='ocrx_word' id='word_1_150' title='bbox 232 2051 295 2127; x_wconf 80' lang='lat' dir='ltr'><strong>vis,</strong></span> <span class='ocrx_word' id='word_1_151' title='bbox 329 2060 367 2113; x_wconf 90' lang='lat' dir='ltr'><strong>ut</strong></span> <span class='ocrx_word' id='word_1_152' title='bbox 390 2050 436 2113; x_wconf 90' lang='lat' dir='ltr'><strong>ait</strong></span> <span class='ocrx_word' id='word_1_153' title='bbox 463 2049 576 2125; x_wconf 87' lang='lat' dir='ltr'><strong>Plato,</strong></span> <span class='ocrx_word' id='word_1_154' title='bbox 593 2047 617 2131; x_wconf 88' lang='lat'><strong>¹)</strong></span> <span class='ocrx_word' id='word_1_155' title='bbox 654 2047 689 2109; x_wconf 97' lang='lat' dir='ltr'><strong>in</strong></span> <span class='ocrx_word' id='word_1_156' title='bbox 723 2044 887 2108; x_wconf 81' lang='lat' dir='ltr'><strong>diversum</strong></span> <span class='ocrx_word' id='word_1_157' title='bbox 922 2045 1090 2127; x_wconf 85' lang='lat' dir='ltr'><strong>abripitur.</strong></span> <span class='ocrx_word' id='word_1_158' title='bbox 1136 2044 1212 2126; x_wconf 79' lang='lat' dir='ltr'><strong>Qua</strong></span> 
     </span>
    </p>
   </div>
   <div class='ocr_carea' id='block_1_6' title="bbox 165 2129 1211 4104">
    <p class='ocr_par' dir='ltr' id='par_1_7' title="bbox 165 2129 1211 4104">
     <span class='ocr_line' id='line_1_22' title="bbox 233 2129 1211 2212; baseline -0.006 -11"><span class='ocrx_word' id='word_1_159' title='bbox 233 2136 334 2201; x_wconf 77' lang='lat' dir='ltr'><strong>eham</strong></span> <span class='ocrx_word' id='word_1_160' title='bbox 362 2137 487 2198; x_wconf 86' lang='lat' dir='ltr'><strong>ratione</strong></span> <span class='ocrx_word' id='word_1_161' title='bbox 515 2133 629 2198; x_wconf 83' lang='lat' dir='ltr'><strong>Cicero</strong></span> <span class='ocrx_word' id='word_1_162' title='bbox 657 2132 744 2208; x_wconf 90' lang='lat' dir='ltr'><strong>dicit,</strong></span> <span class='ocrx_word' id='word_1_163' title='bbox 753 2130 782 2212; x_wconf 80' lang='lat'><strong>²)</strong></span> <span class='ocrx_word' id='word_1_164' title='bbox 806 2129 881 2193; x_wconf 90' lang='lat' dir='ltr'><strong>illos</strong></span> <span class='ocrx_word' id='word_1_165' title='bbox 918 2152 937 2194; x_wconf 92' lang='lat' dir='ltr'><strong>a</strong></span> <span class='ocrx_word' id='word_1_166' title='bbox 971 2140 1089 2195; x_wconf 88' lang='lat' dir='ltr'><strong>natura</strong></span> <span class='ocrx_word' id='word_1_167' title='bbox 1119 2130 1211 2196; x_wconf 87' lang='lat' dir='ltr'><strong>datos</strong></span> 
     </span>
     <span class='ocr_line' id='line_1_23' title="bbox 231 2216 1211 2304; baseline -0.005 -19"><span class='ocrx_word' id='word_1_168' title='bbox 231 2221 394 2304; x_wconf 80' lang='lat' dir='ltr'><strong>igniculos</strong></span> <span class='ocrx_word' id='word_1_169' title='bbox 421 2221 531 2302; x_wconf 83' lang='lat' dir='ltr'><strong>pravis</strong></span> <span class='ocrx_word' id='word_1_170' title='bbox 558 2218 765 2301; x_wconf 84' lang='lat' dir='ltr'><strong>opinionibus</strong></span> <span class='ocrx_word' id='word_1_171' title='bbox 787 2216 945 2298; x_wconf 88' lang='lat' dir='ltr'><strong>malisque</strong></span> <span class='ocrx_word' id='word_1_172' title='bbox 967 2217 1111 2280; x_wconf 92' lang='lat' dir='ltr'><strong>moribus</strong></span> <span class='ocrx_word' id='word_1_173' title='bbox 1134 2238 1211 2281; x_wconf 89' lang='lat' dir='ltr'><strong>mox</strong></span> 
     </span>
     <span class='ocr_line' id='line_1_24' title="bbox 234 2302 1210 2389; baseline -0.003 -18"><span class='ocrx_word' id='word_1_174' title='bbox 234 2306 411 2389; x_wconf 82' lang='lat' dir='ltr'><strong>exstingui.</strong></span> <span class='ocrx_word' id='word_1_175' title='bbox 454 2305 520 2371; x_wconf 90' lang='lat' dir='ltr'><strong>Ubi</strong></span> <span class='ocrx_word' id='word_1_176' title='bbox 548 2324 626 2369; x_wconf 79' lang='lat' dir='ltr'><strong>vero</strong></span> <span class='ocrx_word' id='word_1_177' title='bbox 660 2302 761 2367; x_wconf 91' lang='lat' dir='ltr'><strong>semel</strong></span> <span class='ocrx_word' id='word_1_178' title='bbox 792 2312 993 2384; x_wconf 88' lang='lat' dir='ltr'><strong>occuparunt</strong></span> <span class='ocrx_word' id='word_1_179' title='bbox 1025 2303 1058 2366; x_wconf 90' lang='lat' dir='ltr'><strong>in</strong></span> <span class='ocrx_word' id='word_1_180' title='bbox 1092 2303 1210 2368; x_wconf 90' lang='lat' dir='ltr'><strong>animis</strong></span> 
     </span>
     <span class='ocr_line' id='line_1_25' title="bbox 234 2389 1210 2471; baseline -0.004 -14"><span class='ocrx_word' id='word_1_181' title='bbox 234 2392 407 2457; x_wconf 91' lang='lat' dir='ltr'><strong>homiuum</strong></span> <span class='ocrx_word' id='word_1_182' title='bbox 426 2390 584 2455; x_wconf 90' lang='lat' dir='ltr'><strong>eiusmodi</strong></span> <span class='ocrx_word' id='word_1_183' title='bbox 607 2390 727 2467; x_wconf 89' lang='lat' dir='ltr'><strong>morbi,</strong></span> <span class='ocrx_word' id='word_1_184' title='bbox 758 2389 968 2470; x_wconf 89' lang='lat' dir='ltr'><strong>impotentius</strong></span> <span class='ocrx_word' id='word_1_185' title='bbox 999 2389 1139 2471; x_wconf 87' lang='lat' dir='ltr'><strong>grassari</strong></span> <span class='ocrx_word' id='word_1_186' title='bbox 1162 2391 1210 2453; x_wconf 87' lang='lat' dir='ltr'><strong>sa-</strong></span> 
     </span>
     <span class='ocr_line' id='line_1_26' title="bbox 233 2474 1210 2559; baseline -0.004 -16"><span class='ocrx_word' id='word_1_187' title='bbox 233 2487 347 2543; x_wconf 86' lang='lat' dir='ltr'><strong>tentur</strong></span> <span class='ocrx_word' id='word_1_188' title='bbox 369 2498 467 2559; x_wconf 87' lang='lat' dir='ltr'><strong>quam</strong></span> <span class='ocrx_word' id='word_1_189' title='bbox 489 2484 526 2541; x_wconf 90' lang='lat' dir='ltr'><strong>ut</strong></span> <span class='ocrx_word' id='word_1_190' title='bbox 547 2476 640 2543; x_wconf 84' lang='lat' dir='ltr'><strong>facile</strong></span> <span class='ocrx_word' id='word_1_191' title='bbox 663 2495 811 2540; x_wconf 88' lang='lat' dir='ltr'><strong>coercere</strong></span> <span class='ocrx_word' id='word_1_192' title='bbox 829 2495 884 2538; x_wconf 91' lang='lat' dir='ltr'><strong>eos</strong></span> <span class='ocrx_word' id='word_1_193' title='bbox 902 2474 1011 2552; x_wconf 89' lang='lat' dir='ltr'><strong>liceat;</strong></span> <span class='ocrx_word' id='word_1_194' title='bbox 1034 2494 1095 2537; x_wconf 87' lang='lat' dir='ltr'><strong>nec</strong></span> <span class='ocrx_word' id='word_1_195' title='bbox 1117 2475 1210 2539; x_wconf 92' lang='lat' dir='ltr'><strong>dubi-</strong></span> 
     </span>
     <span class='ocr_line' id='line_1_27' title="bbox 232 2561 1209 2646; baseline -0.006 -17"><span class='ocrx_word' id='word_1_196' title='bbox 232 2571 308 2629; x_wconf 90' lang='lat' dir='ltr'><strong>tant</strong></span> <span class='ocrx_word' id='word_1_197' title='bbox 319 2565 477 2628; x_wconf 82' lang='lat' dir='ltr'><strong>ferocibus</strong></span> <span class='ocrx_word' id='word_1_198' title='bbox 488 2563 579 2646; x_wconf 90' lang='lat' dir='ltr'><strong>equis</strong></span> <span class='ocrx_word' id='word_1_199' title='bbox 591 2583 788 2645; x_wconf 84' lang='lat' dir='ltr'><strong>comparare,</strong></span> <span class='ocrx_word' id='word_1_200' title='bbox 808 2561 863 2641; x_wconf 93' lang='lat' dir='ltr'><strong>qui</strong></span> <span class='ocrx_word' id='word_1_201' title='bbox 880 2561 1055 2624; x_wconf 89' lang='lat' dir='ltr'><strong>exturbata</strong></span> <span class='ocrx_word' id='word_1_202' title='bbox 1074 2561 1209 2640; x_wconf 90' lang='lat' dir='ltr'><strong>ratione,</strong></span> 
     </span>
     <span class='ocr_line' id='line_1_28' title="bbox 234 2645 1209 2734; baseline -0.007 -18"><span class='ocrx_word' id='word_1_203' title='bbox 234 2671 293 2716; x_wconf 87' lang='lat' dir='ltr'><strong>ceu</strong></span> <span class='ocrx_word' id='word_1_204' title='bbox 327 2650 443 2734; x_wconf 84' lang='lat' dir='ltr'><strong>auriga</strong></span> <span class='ocrx_word' id='word_1_205' title='bbox 470 2671 619 2725; x_wconf 85' lang='lat' dir='ltr'><strong>excusso,</strong></span> <span class='ocrx_word' id='word_1_206' title='bbox 655 2649 912 2729; x_wconf 87' lang='lat' dir='ltr'><strong>intemperanter</strong></span> <span class='ocrx_word' id='word_1_207' title='bbox 944 2667 981 2710; x_wconf 88' lang='lat' dir='ltr'><strong>ac</strong></span> <span class='ocrx_word' id='word_1_208' title='bbox 1014 2647 1085 2710; x_wconf 90' lang='lat' dir='ltr'><strong>sine</strong></span> <span class='ocrx_word' id='word_1_209' title='bbox 1113 2645 1209 2709; x_wconf 90' lang='lat' dir='ltr'><strong>modo</strong></span> 
     </span>
     <span class='ocr_line' id='line_1_29' title="bbox 234 2732 1208 2815; baseline -0.003 -16"><span class='ocrx_word' id='word_1_210' title='bbox 234 2736 416 2801; x_wconf 85' lang='lat' dir='ltr'><strong>lasciviant.</strong></span> <span class='ocrx_word' id='word_1_211' title='bbox 461 2735 534 2802; x_wconf 90' lang='lat' dir='ltr'><strong>Hoc</strong></span> <span class='ocrx_word' id='word_1_212' title='bbox 555 2743 667 2798; x_wconf 89' lang='lat' dir='ltr'><strong>tamen</strong></span> <span class='ocrx_word' id='word_1_213' title='bbox 684 2745 779 2797; x_wconf 88' lang='lat' dir='ltr'><strong>extra</strong></span> <span class='ocrx_word' id='word_1_214' title='bbox 796 2732 1051 2797; x_wconf 89' lang='lat' dir='ltr'><strong>controversiam</strong></span> <span class='ocrx_word' id='word_1_215' title='bbox 1074 2742 1208 2815; x_wconf 90' lang='lat' dir='ltr'><strong>ponunt,</strong></span> 
     </span>
     <span class='ocr_line' id='line_1_30' title="bbox 232 2818 1209 2900; baseline -0.005 -12"><span class='ocrx_word' id='word_1_216' title='bbox 232 2823 375 2888; x_wconf 65' lang='lat' dir='ltr'><strong>iirtutm</strong></span> <span class='ocrx_word' id='word_1_217' title='bbox 396 2831 429 2886; x_wconf 92' lang='lat' dir='ltr'><strong>et</strong></span> <span class='ocrx_word' id='word_1_218' title='bbox 451 2822 532 2886; x_wconf 86' lang='lat' dir='ltr'><strong>vitia</strong></span> <span class='ocrx_word' id='word_1_219' title='bbox 559 2822 593 2884; x_wconf 92' lang='lat' dir='ltr'><strong>in</strong></span> <span class='ocrx_word' id='word_1_220' title='bbox 622 2829 734 2885; x_wconf 90' lang='lat' dir='ltr'><strong>nostra</strong></span> <span class='ocrx_word' id='word_1_221' title='bbox 760 2840 831 2883; x_wconf 90' lang='lat' dir='ltr'><strong>esse</strong></span> <span class='ocrx_word' id='word_1_222' title='bbox 859 2825 1028 2900; x_wconf 86' lang='lat' dir='ltr'><strong>potestate.</strong></span> <span class='ocrx_word' id='word_1_223' title='bbox 1073 2818 1159 2881; x_wconf 92' lang='lat' dir='ltr'><strong>Nam</strong></span> <span class='ocrx_word' id='word_1_224' title='bbox 1182 2820 1209 2883; x_wconf 89' lang='lat' dir='ltr'><strong>si</strong></span> 
     </span>
     <span class='ocr_line' id='line_1_31' title="bbox 233 2902 1211 2990; baseline -0.006 -17"><span class='ocrx_word' id='word_1_225' title='bbox 233 2918 373 2986; x_wconf 90' lang='lat' dir='ltr'><strong>nostrae,</strong></span> <span class='ocrx_word' id='word_1_226' title='bbox 412 2907 613 2990; x_wconf 81' lang='lat' dir='ltr'><strong>inquiunt,³)</strong></span> <span class='ocrx_word' id='word_1_227' title='bbox 647 2905 815 2970; x_wconf 89' lang='lat' dir='ltr'><strong>electionis</strong></span> <span class='ocrx_word' id='word_1_228' title='bbox 854 2911 904 2967; x_wconf 90' lang='lat' dir='ltr'><strong>est</strong></span> <span class='ocrx_word' id='word_1_229' title='bbox 944 2903 1005 2969; x_wconf 91' lang='lat' dir='ltr'><strong>hoc</strong></span> <span class='ocrx_word' id='word_1_230' title='bbox 1044 2911 1102 2968; x_wconf 89' lang='lat' dir='ltr'><strong>aut</strong></span> <span class='ocrx_word' id='word_1_231' title='bbox 1128 2902 1211 2968; x_wconf 93' lang='lat' dir='ltr'><strong>illud</strong></span> 
     </span>
     <span class='ocr_line' id='line_1_32' title="bbox 233 2991 1209 3078; baseline -0.004 -20"><span class='ocrx_word' id='word_1_232' title='bbox 233 3014 346 3078; x_wconf 87' lang='lat' dir='ltr'><strong>agere,</strong></span> <span class='ocrx_word' id='word_1_233' title='bbox 377 3015 454 3076; x_wconf 87' lang='lat' dir='ltr'><strong>ergo</strong></span> <span class='ocrx_word' id='word_1_234' title='bbox 480 3007 513 3057; x_wconf 89' lang='lat' dir='ltr'><strong>et</strong></span> <span class='ocrx_word' id='word_1_235' title='bbox 540 3015 606 3056; x_wconf 89' lang='lat' dir='ltr'><strong>non</strong></span> <span class='ocrx_word' id='word_1_236' title='bbox 633 3012 739 3074; x_wconf 86' lang='lat' dir='ltr'><strong>agere.</strong></span> <span class='ocrx_word' id='word_1_237' title='bbox 785 2991 942 3066; x_wconf 87' lang='lat' dir='ltr'><strong>Rursum,</strong></span> <span class='ocrx_word' id='word_1_238' title='bbox 963 2991 991 3054; x_wconf 90' lang='lat' dir='ltr'><strong>si</strong></span> <span class='ocrx_word' id='word_1_239' title='bbox 1013 3011 1079 3055; x_wconf 93' lang='lat' dir='ltr'><strong>non</strong></span> <span class='ocrx_word' id='word_1_240' title='bbox 1102 3011 1209 3074; x_wconf 84' lang='lat' dir='ltr'><strong>agero,</strong></span> 
     </span>
     <span class='ocr_line' id='line_1_33' title="bbox 165 3074 1210 3162; baseline -0.002 -19"><span class='ocrx_word' id='word_1_241' title='bbox 165 3090 172 3103; x_wconf 89' lang='grc'><strong>·’</strong></span> <span class='ocrx_word' id='word_1_242' title='bbox 233 3100 312 3162; x_wconf 86' lang='lat' dir='ltr'><strong>ergo</strong></span> <span class='ocrx_word' id='word_1_243' title='bbox 335 3088 368 3142; x_wconf 92' lang='lat' dir='ltr'><strong>et</strong></span> <span class='ocrx_word' id='word_1_244' title='bbox 390 3099 495 3162; x_wconf 86' lang='lat' dir='ltr'><strong>agere.</strong></span> <span class='ocrx_word' id='word_1_245' title='bbox 541 3079 663 3143; x_wconf 88' lang='lat' dir='ltr'><strong>Libera</strong></span> <span class='ocrx_word' id='word_1_246' title='bbox 684 3085 794 3140; x_wconf 90' lang='lat' dir='ltr'><strong>autem</strong></span> <span class='ocrx_word' id='word_1_247' title='bbox 821 3074 979 3140; x_wconf 88' lang='lat' dir='ltr'><strong>electione</strong></span> <span class='ocrx_word' id='word_1_248' title='bbox 1000 3097 1098 3160; x_wconf 87' lang='lat' dir='ltr'><strong>agere</strong></span> <span class='ocrx_word' id='word_1_249' title='bbox 1120 3077 1210 3141; x_wconf 85' lang='lat' dir='ltr'><strong>vide-</strong></span> 
     </span>
     <span class='ocr_line' id='line_1_34' title="bbox 233 3159 1209 3247; baseline -0.003 -19"><span class='ocrx_word' id='word_1_250' title='bbox 233 3184 311 3228; x_wconf 92' lang='lat' dir='ltr'><strong>mur</strong></span> <span class='ocrx_word' id='word_1_251' title='bbox 333 3185 415 3246; x_wconf 91' lang='lat' dir='ltr'><strong>quae</strong></span> <span class='ocrx_word' id='word_1_252' title='bbox 435 3166 572 3247; x_wconf 84' lang='lat' dir='ltr'><strong>agimus,</strong></span> <span class='ocrx_word' id='word_1_253' title='bbox 603 3172 636 3227; x_wconf 90' lang='lat' dir='ltr'><strong>et</strong></span> <span class='ocrx_word' id='word_1_254' title='bbox 656 3162 697 3226; x_wconf 87' lang='lat' dir='ltr'><strong>ab</strong></span> <span class='ocrx_word' id='word_1_255' title='bbox 719 3162 760 3224; x_wconf 90' lang='lat' dir='ltr'><strong>iis</strong></span> <span class='ocrx_word' id='word_1_256' title='bbox 783 3159 948 3225; x_wconf 87' lang='lat' dir='ltr'><strong>abstinere</strong></span> <span class='ocrx_word' id='word_1_257' title='bbox 969 3163 1088 3243; x_wconf 90' lang='lat' dir='ltr'><strong>quibus</strong></span> <span class='ocrx_word' id='word_1_258' title='bbox 1110 3164 1209 3228; x_wconf 91' lang='lat' dir='ltr'><strong>absti-</strong></span> 
     </span>
     <span class='ocr_line' id='line_1_35' title="bbox 234 3247 1209 3333; baseline -0.002 -18"><span class='ocrx_word' id='word_1_259' title='bbox 234 3270 365 3327; x_wconf 73' lang='lat' dir='ltr'><strong>nemus,</strong></span> <span class='ocrx_word' id='word_1_260' title='bbox 388 3271 465 3333; x_wconf 86' lang='lat' dir='ltr'><strong>ergo</strong></span> <span class='ocrx_word' id='word_1_261' title='bbox 488 3251 515 3313; x_wconf 91' lang='lat' dir='ltr'><strong>si</strong></span> <span class='ocrx_word' id='word_1_262' title='bbox 538 3249 616 3332; x_wconf 92' lang='lat' dir='ltr'><strong>quid</strong></span> <span class='ocrx_word' id='word_1_263' title='bbox 638 3248 714 3313; x_wconf 90' lang='lat' dir='ltr'><strong>boni</strong></span> <span class='ocrx_word' id='word_1_264' title='bbox 732 3247 860 3330; x_wconf 82' lang='lat' dir='ltr'><strong>agimus</strong></span> <span class='ocrx_word' id='word_1_265' title='bbox 880 3248 934 3312; x_wconf 93' lang='lat' dir='ltr'><strong>uhi</strong></span> <span class='ocrx_word' id='word_1_266' title='bbox 958 3247 1065 3326; x_wconf 89' lang='lat' dir='ltr'><strong>libeat,</strong></span> <span class='ocrx_word' id='word_1_267' title='bbox 1096 3271 1209 3333; x_wconf 92' lang='lat' dir='ltr'><strong>possu-</strong></span> 
     </span>
     <span class='ocr_line' id='line_1_36' title="bbox 234 3333 1209 3418; baseline 0 -19"><span class='ocrx_word' id='word_1_268' title='bbox 234 3356 308 3400; x_wconf 87' lang='lat' dir='ltr'><strong>mus</strong></span> <span class='ocrx_word' id='word_1_269' title='bbox 329 3333 413 3399; x_wconf 90' lang='lat' dir='ltr'><strong>illud</strong></span> <span class='ocrx_word' id='word_1_270' title='bbox 433 3336 599 3415; x_wconf 88' lang='lat' dir='ltr'><strong>omittere;</strong></span> <span class='ocrx_word' id='word_1_271' title='bbox 621 3336 649 3399; x_wconf 88' lang='lat' dir='ltr'><strong>si</strong></span> <span class='ocrx_word' id='word_1_272' title='bbox 670 3333 747 3416; x_wconf 94' lang='lat' dir='ltr'><strong>quid</strong></span> <span class='ocrx_word' id='word_1_273' title='bbox 768 3333 847 3396; x_wconf 89' lang='lat' dir='ltr'><strong>mali</strong></span> <span class='ocrx_word' id='word_1_274' title='bbox 869 3343 1110 3415; x_wconf 89' lang='lat' dir='ltr'><strong>perpetramus,</strong></span> <span class='ocrx_word' id='word_1_275' title='bbox 1136 3356 1209 3418; x_wconf 88' lang='lat' dir='ltr'><strong>pos·</strong></span> 
     </span>
     <span class='ocr_line' id='line_1_37' title="bbox 234 3418 1210 3504; baseline -0.001 -17"><span class='ocrx_word' id='word_1_276' title='bbox 234 3443 347 3487; x_wconf 85' lang='lat' dir='ltr'><strong>sumus</strong></span> <span class='ocrx_word' id='word_1_277' title='bbox 369 3421 403 3485; x_wconf 92' lang='lat' dir='ltr'><strong>id</strong></span> <span class='ocrx_word' id='word_1_278' title='bbox 426 3442 552 3503; x_wconf 92' lang='lat' dir='ltr'><strong>quoque</strong></span> <span class='ocrx_word' id='word_1_279' title='bbox 577 3422 701 3504; x_wconf 81' lang='lat' dir='ltr'><strong>fugere.</strong></span> <span class='ocrx_word' id='word_1_280' title='bbox 748 3418 839 3499; x_wconf 78' lang='lat' dir='ltr'><strong>Quin</strong></span> <span class='ocrx_word' id='word_1_281' title='bbox 868 3420 966 3483; x_wconf 91' lang='lat' dir='ltr'><strong>etiam</strong></span> <span class='ocrx_word' id='word_1_282' title='bbox 994 3442 1032 3484; x_wconf 91' lang='lat' dir='ltr'><strong>eo</strong></span> <span class='ocrx_word' id='word_1_283' title='bbox 1059 3421 1210 3487; x_wconf 89' lang='lat' dir='ltr'><strong>licentiae</strong></span> 
     </span>
     <span class='ocr_line' id='line_1_38' title="bbox 234 3504 1210 3590; baseline 0.002 -20"><span class='ocrx_word' id='word_1_284' title='bbox 234 3504 367 3589; x_wconf 89' lang='lat' dir='ltr'><strong>quidam</strong></span> <span class='ocrx_word' id='word_1_285' title='bbox 388 3528 501 3571; x_wconf 92' lang='lat' dir='ltr'><strong>eorum</strong></span> <span class='ocrx_word' id='word_1_286' title='bbox 510 3509 539 3590; x_wconf 90' lang='lat'><strong>⁴)</strong></span> <span class='ocrx_word' id='word_1_287' title='bbox 566 3516 800 3589; x_wconf 88' lang='lat' dir='ltr'><strong>proruperunt,</strong></span> <span class='ocrx_word' id='word_1_288' title='bbox 834 3513 873 3567; x_wconf 91' lang='lat' dir='ltr'><strong>ut</strong></span> <span class='ocrx_word' id='word_1_289' title='bbox 899 3504 1053 3569; x_wconf 86' lang='lat' dir='ltr'><strong>iactarint</strong></span> <span class='ocrx_word' id='word_1_290' title='bbox 1074 3507 1210 3572; x_wconf 91' lang='lat' dir='ltr'><strong>deorum</strong></span> 
     </span>
     <span class='ocr_line' id='line_1_39' title="bbox 233 3590 1208 3675; baseline 0.002 -20"><span class='ocrx_word' id='word_1_291' title='bbox 233 3591 366 3675; x_wconf 91' lang='lat' dir='ltr'><strong>quidem</strong></span> <span class='ocrx_word' id='word_1_292' title='bbox 388 3613 459 3657; x_wconf 88' lang='lat' dir='ltr'><strong>esse</strong></span> <span class='ocrx_word' id='word_1_293' title='bbox 481 3614 616 3668; x_wconf 86' lang='lat' dir='ltr'><strong>munus,</strong></span> <span class='ocrx_word' id='word_1_294' title='bbox 644 3591 732 3673; x_wconf 92' lang='lat' dir='ltr'><strong>quod</strong></span> <span class='ocrx_word' id='word_1_295' title='bbox 753 3590 912 3669; x_wconf 78' lang='lat' dir='ltr'><strong>vivimus3</strong></span> <span class='ocrx_word' id='word_1_296' title='bbox 942 3601 1091 3657; x_wconf 88' lang='lat' dir='ltr'><strong>nostrum</strong></span> <span class='ocrx_word' id='word_1_297' title='bbox 1119 3614 1208 3671; x_wconf 83' lang='lat' dir='ltr'><strong>voro,</strong></span> 
     </span>
     <span class='ocr_line' id='line_1_40' title="bbox 232 3675 1209 3762; baseline 0.004 -21"><span class='ocrx_word' id='word_1_298' title='bbox 232 3677 320 3762; x_wconf 94' lang='lat' dir='ltr'><strong>quod</strong></span> <span class='ocrx_word' id='word_1_299' title='bbox 342 3678 425 3742; x_wconf 89' lang='lat' dir='ltr'><strong>bene</strong></span> <span class='ocrx_word' id='word_1_300' title='bbox 448 3686 623 3759; x_wconf 82' lang='lat' dir='ltr'><strong>sancteque</strong></span> <span class='ocrx_word' id='word_1_301' title='bbox 645 3678 794 3741; x_wconf 80' lang='lat' dir='ltr'><strong>vivinnn.</strong></span> <span class='ocrx_word' id='word_1_302' title='bbox 849 3675 935 3740; x_wconf 65' lang='lat' dir='ltr'><strong>liade</strong></span> <span class='ocrx_word' id='word_1_303' title='bbox 967 3679 1101 3745; x_wconf 65' lang='lat' dir='ltr'><strong>aaziae</strong></span> <span class='ocrx_word' id='word_1_304' title='bbox 1126 3679 1209 3744; x_wconf 76' lang='lat' dir='ltr'><strong>Oica-</strong></span> 
     </span>
     <span class='ocr_line' id='line_1_41' title="bbox 231 3762 1210 3846; baseline -0.007 -18"><span class='ocrx_word' id='word_1_305' title='bbox 231 3764 357 3846; x_wconf 79' lang='lat' dir='ltr'><strong>roais³)</strong></span> <span class='ocrx_word' id='word_1_306' title='bbox 380 3765 416 3827; x_wconf 82' lang='lat' dir='ltr'><strong>ia</strong></span> <span class='ocrx_word' id='word_1_307' title='bbox 431 3784 568 3845; x_wconf 73' lang='lat' dir='ltr'><strong>perseam</strong></span> <span class='ocrx_word' id='word_1_308' title='bbox 592 3762 710 3842; x_wconf 72' lang='lat' dir='ltr'><strong>Colles,</strong></span> <span class='ocrx_word' id='word_1_309' title='bbox 732 3764 808 3842; x_wconf 78' lang='lat' dir='ltr'><strong>quio</strong></span> <span class='ocrx_word' id='word_1_310' title='bbox 830 3762 891 3824; x_wconf 72' lang='lat' dir='ltr'><strong>sibi</strong></span> <span class='ocrx_word' id='word_1_311' title='bbox 917 3766 1046 3845; x_wconf 69' lang='lat' dir='ltr'><strong>quisque</strong></span> <span class='ocrx_word' id='word_1_312' title='bbox 1067 3768 1210 3830; x_wconf 64' lang='lat' dir='ltr'><strong>virtum</strong></span> 
     </span>
     <span class='ocr_line' id='line_1_42' title="bbox 232 3849 1211 3936; baseline 0.005 -24"><span class='ocrx_word' id='word_1_313' title='bbox 232 3850 378 3929; x_wconf 62' lang='lat' dir='ltr'><strong>amabit,</strong></span> <span class='ocrx_word' id='word_1_314' title='bbox 400 3851 553 3914; x_wconf 74' lang='lat' dir='ltr'><strong>aminea</strong></span> <span class='ocrx_word' id='word_1_315' title='bbox 571 3870 609 3913; x_wconf 79' lang='lat' dir='ltr'><strong>ee</strong></span> <span class='ocrx_word' id='word_1_316' title='bbox 636 3849 831 3929; x_wconf 60' lang='lat' dir='ltr'><strong>semdae</strong></span> <span class='ocrx_word' id='word_1_317' title='bbox 858 3868 998 3929; x_wconf 68' lang='lat' dir='ltr'><strong>utiquam</strong></span> <span class='ocrx_word' id='word_1_318' title='bbox 1018 3852 1056 3916; x_wconf 83' lang='lat' dir='ltr'><strong>de</strong></span> <span class='ocrx_word' id='word_1_319' title='bbox 1080 3873 1118 3916; x_wconf 88' lang='lat' dir='ltr'><strong>ea</strong></span> <span class='ocrx_word' id='word_1_320' title='bbox 1136 3873 1211 3936; x_wconf 61' lang='grc' dir='ltr'><strong>φα·</strong></span> 
     </span>
     <span class='ocr_line' id='line_1_43' title="bbox 231 3934 1209 4018; baseline 0.003 -20"><span class='ocrx_word' id='word_1_321' title='bbox 231 3936 296 3998; x_wconf 78' lang='lat' dir='ltr'><strong>tias</strong></span> <span class='ocrx_word' id='word_1_322' title='bbox 328 3934 397 3998; x_wconf 85' lang='lat' dir='ltr'><strong>Deo</strong></span> <span class='ocrx_word' id='word_1_323' title='bbox 422 3937 527 4018; x_wconf 73' lang='lat' dir='ltr'><strong>spisse</strong></span> <span class='ocrx_word' id='word_1_324' title='bbox 575 3934 710 4016; x_wconf 80' lang='lat' dir='ltr'><strong>Propter</strong></span> <span class='ocrx_word' id='word_1_325' title='bbox 741 3935 884 3997; x_wconf 62' lang='lat' dir='ltr'><strong>autem</strong></span> <span class='ocrx_word' id='word_1_326' title='bbox 914 3937 997 3998; x_wconf 78' lang='lat' dir='ltr'><strong>erim</strong></span> <span class='ocrx_word' id='word_1_327' title='bbox 1029 3938 1209 4016; x_wconf 81' lang='lat' dir='ltr'><strong>laudamur,</strong></span> 
     </span>
     <span class='ocr_line' id='line_1_44' title="bbox 231 4020 1210 4104; baseline 0.006 -21"><span class='ocrx_word' id='word_1_328' title='bbox 231 4020 344 4100; x_wconf 76' lang='lat' dir='ltr'><strong>inquit,</strong></span> <span class='ocrx_word' id='word_1_329' title='bbox 373 4025 400 4084; x_wconf 83' lang='lat' dir='ltr'><strong>et</strong></span> <span class='ocrx_word' id='word_1_330' title='bbox 428 4023 462 4085; x_wconf 82' lang='lat' dir='ltr'><strong>io</strong></span> <span class='ocrx_word' id='word_1_331' title='bbox 487 4024 600 4085; x_wconf 66' lang='lat' dir='ltr'><strong>cium</strong></span> <span class='ocrx_word' id='word_1_332' title='bbox 623 4022 808 4104; x_wconf 73' lang='lat' dir='ltr'><strong>gloriamur.</strong></span> <span class='ocrx_word' id='word_1_333' title='bbox 862 4020 950 4100; x_wconf 77' lang='lat' dir='ltr'><strong>Quod</strong></span> <span class='ocrx_word' id='word_1_334' title='bbox 978 4043 1040 4086; x_wconf 83' lang='lat' dir='ltr'><strong>aon</strong></span> <span class='ocrx_word' id='word_1_335' title='bbox 1066 4024 1153 4104; x_wconf 72' lang='lat' dir='ltr'><strong>fieret</strong></span> <span class='ocrx_word' id='word_1_336' title='bbox 1180 4025 1210 4089; x_wconf 79' lang='lat' dir='ltr'><strong>si</strong></span> 
     </span>
    </p>
   </div>
   <div class='ocr_carea' id='block_1_7' title="bbox 1262 668 2317 4110">
    <p class='ocr_par' dir='ltr' id='par_1_8' title="bbox 1262 668 2317 4110">
     <span class='ocr_line' id='line_1_45' title="bbox 1264 668 2241 754; baseline -0.002 -20"><span class='ocrx_word' id='word_1_337' title='bbox 1264 671 1376 754; x_wconf 85' lang='lat' dir='ltr'><strong>pravis</strong></span> <span class='ocrx_word' id='word_1_338' title='bbox 1398 668 1629 752; x_wconf 88' lang='lat' dir='ltr'><strong>cupiditatibus</strong></span> <span class='ocrx_word' id='word_1_339' title='bbox 1647 669 1742 733; x_wconf 91' lang='lat' dir='ltr'><strong>valde</strong></span> <span class='ocrx_word' id='word_1_340' title='bbox 1759 669 1952 751; x_wconf 87' lang='lat' dir='ltr'><strong>implicitam</strong></span> <span class='ocrx_word' id='word_1_341' title='bbox 1970 688 2049 744; x_wconf 89' lang='lat' dir='ltr'><strong>esse,</strong></span> <span class='ocrx_word' id='word_1_342' title='bbox 2072 669 2169 732; x_wconf 89' lang='lat' dir='ltr'><strong>multi</strong></span> <span class='ocrx_word' id='word_1_343' title='bbox 2191 677 2241 732; x_wconf 84' lang='lat' dir='ltr'><strong>ta·</strong></span> 
     </span>
     <span class='ocr_line' id='line_1_46' title="bbox 1265 753 2241 839; baseline 0 -19"><span class='ocrx_word' id='word_1_344' title='bbox 1265 778 1338 821; x_wconf 94' lang='lat' dir='ltr'><strong>men</strong></span> <span class='ocrx_word' id='word_1_345' title='bbox 1370 777 1483 820; x_wconf 90' lang='lat' dir='ltr'><strong>eorum</strong></span> <span class='ocrx_word' id='word_1_346' title='bbox 1506 755 1603 839; x_wconf 85' lang='lat' dir='ltr'><strong>longe</strong></span> <span class='ocrx_word' id='word_1_347' title='bbox 1631 755 1707 838; x_wconf 93' lang='lat' dir='ltr'><strong>plus</strong></span> <span class='ocrx_word' id='word_1_348' title='bbox 1736 775 1838 836; x_wconf 92' lang='lat' dir='ltr'><strong>aequo</strong></span> <span class='ocrx_word' id='word_1_349' title='bbox 1867 753 2070 836; x_wconf 90' lang='lat' dir='ltr'><strong>philosophis</strong></span> <span class='ocrx_word' id='word_1_350' title='bbox 2097 775 2241 820; x_wconf 86' lang='lat' dir='ltr'><strong>accesso-</strong></span> 
     </span>
     <span class='ocr_line' id='line_1_47' title="bbox 1264 840 2241 924; baseline 0 -19"><span class='ocrx_word' id='word_1_351' title='bbox 1264 851 1351 906; x_wconf 89' lang='lat' dir='ltr'><strong>runt.</strong></span> <span class='ocrx_word' id='word_1_352' title='bbox 1397 842 1451 905; x_wconf 84' lang='lat' dir='ltr'><strong>Ex</strong></span> <span class='ocrx_word' id='word_1_353' title='bbox 1474 842 1590 924; x_wconf 91' lang='lat' dir='ltr'><strong>quibus</strong></span> <span class='ocrx_word' id='word_1_354' title='bbox 1613 850 1742 906; x_wconf 79' lang='lat' dir='ltr'><strong>veteres</strong></span> <span class='ocrx_word' id='word_1_355' title='bbox 1763 840 1846 904; x_wconf 92' lang='lat' dir='ltr'><strong>mihi</strong></span> <span class='ocrx_word' id='word_1_356' title='bbox 1870 840 2024 904; x_wconf 85' lang='lat' dir='ltr'><strong>videntur</strong></span> <span class='ocrx_word' id='word_1_357' title='bbox 2051 840 2112 905; x_wconf 89' lang='lat' dir='ltr'><strong>hoc</strong></span> <span class='ocrx_word' id='word_1_358' title='bbox 2134 842 2241 905; x_wconf 89' lang='lat' dir='ltr'><strong>consi·</strong></span> 
     </span>
     <span class='ocr_line' id='line_1_48' title="bbox 1264 927 2241 1007; baseline 0 -16"><span class='ocrx_word' id='word_1_359' title='bbox 1264 928 1308 991; x_wconf 94' lang='lat' dir='ltr'><strong>lio</strong></span> <span class='ocrx_word' id='word_1_360' title='bbox 1330 929 1417 992; x_wconf 88' lang='lat' dir='ltr'><strong>viros</strong></span> <span class='ocrx_word' id='word_1_361' title='bbox 1440 928 1601 993; x_wconf 87' lang='lat' dir='ltr'><strong>humanas</strong></span> <span class='ocrx_word' id='word_1_362' title='bbox 1622 929 1669 992; x_wconf 91' lang='lat' dir='ltr'><strong>sio</strong></span> <span class='ocrx_word' id='word_1_363' title='bbox 1697 927 1869 1003; x_wconf 89' lang='lat' dir='ltr'><strong>extulisse,</strong></span> <span class='ocrx_word' id='word_1_364' title='bbox 1892 948 1934 989; x_wconf 91' lang='lat' dir='ltr'><strong>ne</strong></span> <span class='ocrx_word' id='word_1_365' title='bbox 1961 927 1989 990; x_wconf 92' lang='lat' dir='ltr'><strong>si</strong></span> <span class='ocrx_word' id='word_1_366' title='bbox 2014 927 2241 1007; x_wconf 86' lang='lat' dir='ltr'><strong>impotentiam</strong></span> 
     </span>
     <span class='ocr_line' id='line_1_49' title="bbox 1264 1011 2240 1095; baseline -0.001 -18"><span class='ocrx_word' id='word_1_367' title='bbox 1264 1014 1385 1078; x_wconf 87' lang='lat' dir='ltr'><strong>diserte</strong></span> <span class='ocrx_word' id='word_1_368' title='bbox 1407 1028 1515 1078; x_wconf 82' lang='lat' dir='ltr'><strong>essent</strong></span> <span class='ocrx_word' id='word_1_369' title='bbox 1538 1014 1684 1091; x_wconf 86' lang='lat' dir='ltr'><strong>confessi,</strong></span> <span class='ocrx_word' id='word_1_370' title='bbox 1702 1013 1848 1095; x_wconf 87' lang='lat' dir='ltr'><strong>primurn</strong></span> <span class='ocrx_word' id='word_1_371' title='bbox 1865 1011 2134 1094; x_wconf 89' lang='lat' dir='ltr'><strong>philosophorum</strong></span> <span class='ocrx_word' id='word_1_372' title='bbox 2152 1014 2240 1094; x_wconf 85' lang='lat' dir='ltr'><strong>ipso·</strong></span> 
     </span>
     <span class='ocr_line' id='line_1_50' title="bbox 1264 1097 2238 1182; baseline 0 -19"><span class='ocrx_word' id='word_1_373' title='bbox 1264 1122 1337 1163; x_wconf 93' lang='lat' dir='ltr'><strong>rum</strong></span> <span class='ocrx_word' id='word_1_374' title='bbox 1357 1101 1541 1177; x_wconf 82' lang='lat' dir='ltr'><strong>cachinnos,</strong></span> <span class='ocrx_word' id='word_1_375' title='bbox 1564 1101 1756 1182; x_wconf 86' lang='lat' dir='ltr'><strong>quibuscum</strong></span> <span class='ocrx_word' id='word_1_376' title='bbox 1776 1106 1855 1162; x_wconf 93' lang='lat' dir='ltr'><strong>tunc</strong></span> <span class='ocrx_word' id='word_1_377' title='bbox 1876 1109 2043 1163; x_wconf 88' lang='lat' dir='ltr'><strong>certamen</strong></span> <span class='ocrx_word' id='word_1_378' title='bbox 2066 1097 2238 1177; x_wconf 75' lang='lat' dir='ltr'><strong>habebant</strong></span> 
     </span>
     <span class='ocr_line' id='line_1_51' title="bbox 1264 1184 2241 1267; baseline -0.002 -17"><span class='ocrx_word' id='word_1_379' title='bbox 1264 1195 1468 1264; x_wconf 82' lang='lat' dir='ltr'><strong>excuterent3</strong></span> <span class='ocrx_word' id='word_1_380' title='bbox 1502 1185 1620 1250; x_wconf 90' lang='lat' dir='ltr'><strong>deinde</strong></span> <span class='ocrx_word' id='word_1_381' title='bbox 1649 1187 1738 1250; x_wconf 88' lang='lat' dir='ltr'><strong>carni</strong></span> <span class='ocrx_word' id='word_1_382' title='bbox 1775 1193 1889 1267; x_wconf 90' lang='lat' dir='ltr'><strong>suapte</strong></span> <span class='ocrx_word' id='word_1_383' title='bbox 1925 1193 2039 1266; x_wconf 86' lang='lat' dir='ltr'><strong>sponte</strong></span> <span class='ocrx_word' id='word_1_384' title='bbox 2072 1184 2169 1249; x_wconf 88' lang='lat' dir='ltr'><strong>nimis</strong></span> <span class='ocrx_word' id='word_1_385' title='bbox 2197 1185 2241 1248; x_wconf 88' lang='lat' dir='ltr'><strong>ad</strong></span> 
     </span>
     <span class='ocr_line' id='line_1_52' title="bbox 1263 1270 2240 1353; baseline 0 -18"><span class='ocrx_word' id='word_1_386' title='bbox 1263 1272 1384 1335; x_wconf 91' lang='lat' dir='ltr'><strong>bonum</strong></span> <span class='ocrx_word' id='word_1_387' title='bbox 1408 1274 1549 1353; x_wconf 91' lang='lat' dir='ltr'><strong>torpenti</strong></span> <span class='ocrx_word' id='word_1_388' title='bbox 1573 1293 1691 1336; x_wconf 89' lang='lat' dir='ltr'><strong>novam</strong></span> <span class='ocrx_word' id='word_1_389' title='bbox 1714 1270 1856 1335; x_wconf 90' lang='lat' dir='ltr'><strong>desidiae</strong></span> <span class='ocrx_word' id='word_1_390' title='bbox 1883 1270 2085 1335; x_wconf 86' lang='lat' dir='ltr'><strong>occasionem</strong></span> <span class='ocrx_word' id='word_1_391' title='bbox 2104 1271 2240 1352; x_wconf 85' lang='lat' dir='ltr'><strong>praebe·</strong></span> 
     </span>
     <span class='ocr_line' id='line_1_53' title="bbox 1264 1355 2240 1441; baseline -0.001 -19"><span class='ocrx_word' id='word_1_392' title='bbox 1264 1367 1346 1422; x_wconf 89' lang='lat' dir='ltr'><strong>rent.</strong></span> <span class='ocrx_word' id='word_1_393' title='bbox 1390 1358 1481 1441; x_wconf 85' lang='lat' dir='ltr'><strong>Ergo</strong></span> <span class='ocrx_word' id='word_1_394' title='bbox 1503 1357 1644 1441; x_wconf 90' lang='lat' dir='ltr'><strong>nequid</strong></span> <span class='ocrx_word' id='word_1_395' title='bbox 1666 1357 1831 1423; x_wconf 91' lang='lat' dir='ltr'><strong>communi</strong></span> <span class='ocrx_word' id='word_1_396' title='bbox 1854 1356 2024 1421; x_wconf 91' lang='lat' dir='ltr'><strong>hominum</strong></span> <span class='ocrx_word' id='word_1_397' title='bbox 2046 1355 2164 1421; x_wconf 90' lang='lat' dir='ltr'><strong>iudicio</strong></span> <span class='ocrx_word' id='word_1_398' title='bbox 2183 1357 2240 1422; x_wconf 90' lang='lat' dir='ltr'><strong>ab·</strong></span> 
     </span>
     <span class='ocr_line' id='line_1_54' title="bbox 1263 1442 2241 1527; baseline -0.001 -18"><span class='ocrx_word' id='word_1_399' title='bbox 1263 1443 1400 1509; x_wconf 90' lang='lat' dir='ltr'><strong>surdum</strong></span> <span class='ocrx_word' id='word_1_400' title='bbox 1422 1443 1599 1523; x_wconf 87' lang='lat' dir='ltr'><strong>traderent,</strong></span> <span class='ocrx_word' id='word_1_401' title='bbox 1623 1445 1802 1527; x_wconf 86' lang='lat' dir='ltr'><strong>scripturae</strong></span> <span class='ocrx_word' id='word_1_402' title='bbox 1825 1442 2008 1511; x_wconf 87' lang='lat' dir='ltr'><strong>doctrinam</strong></span> <span class='ocrx_word' id='word_1_403' title='bbox 2037 1463 2112 1507; x_wconf 89' lang='lat' dir='ltr'><strong>cum</strong></span> <span class='ocrx_word' id='word_1_404' title='bbox 2134 1443 2241 1524; x_wconf 91' lang='lat' dir='ltr'><strong>philo·</strong></span> 
     </span>
     <span class='ocr_line' id='line_1_55' title="bbox 1263 1527 2240 1613; baseline -0.002 -18"><span class='ocrx_word' id='word_1_405' title='bbox 1263 1531 1398 1613; x_wconf 91' lang='lat' dir='ltr'><strong>sophiae</strong></span> <span class='ocrx_word' id='word_1_406' title='bbox 1419 1528 1625 1613; x_wconf 88' lang='lat' dir='ltr'><strong>dogmatibus</strong></span> <span class='ocrx_word' id='word_1_407' title='bbox 1647 1528 1782 1593; x_wconf 88' lang='lat' dir='ltr'><strong>dimidia</strong></span> <span class='ocrx_word' id='word_1_408' title='bbox 1803 1550 1845 1593; x_wconf 90' lang='lat' dir='ltr'><strong>ex</strong></span> <span class='ocrx_word' id='word_1_409' title='bbox 1867 1536 1960 1611; x_wconf 86' lang='lat' dir='ltr'><strong>parte</strong></span> <span class='ocrx_word' id='word_1_410' title='bbox 1977 1527 2150 1593; x_wconf 89' lang='lat' dir='ltr'><strong>conciliare</strong></span> <span class='ocrx_word' id='word_1_411' title='bbox 2170 1538 2240 1593; x_wconf 87' lang='lat' dir='ltr'><strong>stu·</strong></span> 
     </span>
     <span class='ocr_line' id='line_1_56' title="bbox 1264 1614 2241 1698; baseline -0.001 -18"><span class='ocrx_word' id='word_1_412' title='bbox 1264 1615 1355 1680; x_wconf 91' lang='lat' dir='ltr'><strong>dium</strong></span> <span class='ocrx_word' id='word_1_413' title='bbox 1388 1617 1453 1681; x_wconf 90' lang='lat' dir='ltr'><strong>illis</strong></span> <span class='ocrx_word' id='word_1_414' title='bbox 1486 1617 1561 1694; x_wconf 75' lang='lat' dir='ltr'><strong>fuit,</strong></span> <span class='ocrx_word' id='word_1_415' title='bbox 1590 1617 1762 1698; x_wconf 89' lang='lat' dir='ltr'><strong>praecipue</strong></span> <span class='ocrx_word' id='word_1_416' title='bbox 1796 1624 1907 1679; x_wconf 87' lang='lat' dir='ltr'><strong>tamen</strong></span> <span class='ocrx_word' id='word_1_417' title='bbox 1945 1614 2125 1679; x_wconf 87' lang='lat' dir='ltr'><strong>seeundum</strong></span> <span class='ocrx_word' id='word_1_418' title='bbox 2157 1615 2241 1679; x_wconf 91' lang='lat' dir='ltr'><strong>illud</strong></span> 
     </span>
     <span class='ocr_line' id='line_1_57' title="bbox 1263 1701 2240 1785; baseline -0.001 -18"><span class='ocrx_word' id='word_1_419' title='bbox 1263 1711 1440 1785; x_wconf 85' lang='lat' dir='ltr'><strong>spectasse,</strong></span> <span class='ocrx_word' id='word_1_420' title='bbox 1474 1723 1516 1766; x_wconf 95' lang='lat' dir='ltr'><strong>no</strong></span> <span class='ocrx_word' id='word_1_421' title='bbox 1549 1701 1691 1766; x_wconf 87' lang='lat' dir='ltr'><strong>desidiae</strong></span> <span class='ocrx_word' id='word_1_422' title='bbox 1720 1701 1826 1766; x_wconf 91' lang='lat' dir='ltr'><strong>locum</strong></span> <span class='ocrx_word' id='word_1_423' title='bbox 1859 1702 2017 1778; x_wconf 87' lang='lat' dir='ltr'><strong>facerent,</strong></span> <span class='ocrx_word' id='word_1_424' title='bbox 2052 1721 2094 1765; x_wconf 87' lang='lat' dir='ltr'><strong>ex</strong></span> <span class='ocrx_word' id='word_1_425' title='bbox 2127 1722 2240 1766; x_wconf 90' lang='lat' dir='ltr'><strong>eorum</strong></span> 
     </span>
     <span class='ocr_line' id='line_1_58' title="bbox 1264 1785 2239 1871; baseline -0.002 -18"><span class='ocrx_word' id='word_1_426' title='bbox 1264 1789 1372 1853; x_wconf 85' lang='lat' dir='ltr'><strong>verbis</strong></span> <span class='ocrx_word' id='word_1_427' title='bbox 1414 1799 1558 1870; x_wconf 88' lang='lat' dir='ltr'><strong>apparot.</strong></span> <span class='ocrx_word' id='word_1_428' title='bbox 1615 1788 1727 1852; x_wconf 89' lang='lat' dir='ltr'><strong>Habet</strong></span> <span class='ocrx_word' id='word_1_429' title='bbox 1766 1785 2020 1871; x_wconf 84' lang='lat' dir='ltr'><strong>Chrysostomus</strong></span> <span class='ocrx_word' id='word_1_430' title='bbox 2060 1787 2194 1852; x_wconf 90' lang='lat' dir='ltr'><strong>alicubi:</strong></span> <span class='ocrx_word' id='word_1_431' title='bbox 2215 1787 2239 1871; x_wconf 90' lang='lat'><strong>¹)</strong></span> 
     </span>
     <span class='ocr_line' id='line_1_59' title="bbox 1263 1873 2240 1957; baseline 0.001 -20"><span class='ocrx_word' id='word_1_432' title='bbox 1263 1875 1419 1957; x_wconf 91' lang='lat' dir='ltr'><strong>quoniam</strong></span> <span class='ocrx_word' id='word_1_433' title='bbox 1452 1875 1537 1939; x_wconf 90' lang='lat' dir='ltr'><strong>bona</strong></span> <span class='ocrx_word' id='word_1_434' title='bbox 1571 1882 1604 1938; x_wconf 91' lang='lat' dir='ltr'><strong>et</strong></span> <span class='ocrx_word' id='word_1_435' title='bbox 1631 1874 1718 1938; x_wconf 90' lang='lat' dir='ltr'><strong>mala</strong></span> <span class='ocrx_word' id='word_1_436' title='bbox 1751 1874 1787 1937; x_wconf 92' lang='lat' dir='ltr'><strong>in</strong></span> <span class='ocrx_word' id='word_1_437' title='bbox 1815 1882 1928 1938; x_wconf 88' lang='lat' dir='ltr'><strong>nostra</strong></span> <span class='ocrx_word' id='word_1_438' title='bbox 1953 1873 2046 1938; x_wconf 88' lang='lat' dir='ltr'><strong>Deus</strong></span> <span class='ocrx_word' id='word_1_439' title='bbox 2079 1881 2240 1955; x_wconf 88' lang='lat' dir='ltr'><strong>potestate</strong></span> 
     </span>
     <span class='ocr_line' id='line_1_60' title="bbox 1264 1958 2240 2043; baseline -0.001 -19"><span class='ocrx_word' id='word_1_440' title='bbox 1264 1962 1379 2043; x_wconf 91' lang='lat' dir='ltr'><strong>posuit,</strong></span> <span class='ocrx_word' id='word_1_441' title='bbox 1404 1961 1570 2026; x_wconf 84' lang='lat' dir='ltr'><strong>electionis</strong></span> <span class='ocrx_word' id='word_1_442' title='bbox 1593 1961 1731 2025; x_wconf 84' lang='lat' dir='ltr'><strong>liberum</strong></span> <span class='ocrx_word' id='word_1_443' title='bbox 1760 1958 1896 2024; x_wconf 88' lang='lat' dir='ltr'><strong>donavit</strong></span> <span class='ocrx_word' id='word_1_444' title='bbox 1918 1959 2105 2038; x_wconf 89' lang='lat' dir='ltr'><strong>arbitrium,</strong></span> <span class='ocrx_word' id='word_1_445' title='bbox 2134 1968 2168 2024; x_wconf 89' lang='lat' dir='ltr'><strong>et</strong></span> <span class='ocrx_word' id='word_1_446' title='bbox 2190 1961 2240 2023; x_wconf 93' lang='lat' dir='ltr'><strong>in·</strong></span> 
     </span>
     <span class='ocr_line' id='line_1_61' title="bbox 1263 2045 2238 2127; baseline -0.002 -16"><span class='ocrx_word' id='word_1_447' title='bbox 1263 2047 1348 2111; x_wconf 86' lang='lat' dir='ltr'><strong>vitos</strong></span> <span class='ocrx_word' id='word_1_448' title='bbox 1371 2069 1436 2110; x_wconf 93' lang='lat' dir='ltr'><strong>non</strong></span> <span class='ocrx_word' id='word_1_449' title='bbox 1457 2047 1584 2123; x_wconf 86' lang='lat' dir='ltr'><strong>retinet,</strong></span> <span class='ocrx_word' id='word_1_450' title='bbox 1608 2045 1664 2111; x_wconf 88' lang='lat' dir='ltr'><strong>sed</strong></span> <span class='ocrx_word' id='word_1_451' title='bbox 1687 2046 1833 2110; x_wconf 88' lang='lat' dir='ltr'><strong>volentes</strong></span> <span class='ocrx_word' id='word_1_452' title='bbox 1852 2045 2066 2127; x_wconf 89' lang='lat' dir='ltr'><strong>amplectitur.</strong></span> <span class='ocrx_word' id='word_1_453' title='bbox 2101 2045 2238 2126; x_wconf 80' lang='lat' dir='ltr'><strong>Item:‘²)</strong></span> 
     </span>
     <span class='ocr_line' id='line_1_62' title="bbox 1263 2131 2239 2214; baseline -0.002 -17"><span class='ocrx_word' id='word_1_454' title='bbox 1263 2154 1360 2214; x_wconf 89' lang='lat' dir='ltr'><strong>saepe</strong></span> <span class='ocrx_word' id='word_1_455' title='bbox 1382 2133 1438 2214; x_wconf 91' lang='lat' dir='ltr'><strong>qui</strong></span> <span class='ocrx_word' id='word_1_456' title='bbox 1461 2133 1566 2197; x_wconf 89' lang='lat' dir='ltr'><strong>malus</strong></span> <span class='ocrx_word' id='word_1_457' title='bbox 1587 2141 1645 2209; x_wconf 89' lang='lat' dir='ltr'><strong>est,</strong></span> <span class='ocrx_word' id='word_1_458' title='bbox 1669 2133 1695 2196; x_wconf 88' lang='lat' dir='ltr'><strong>si</strong></span> <span class='ocrx_word' id='word_1_459' title='bbox 1717 2132 1864 2207; x_wconf 87' lang='lat' dir='ltr'><strong>voluerit,</strong></span> <span class='ocrx_word' id='word_1_460' title='bbox 1887 2131 2062 2195; x_wconf 86' lang='lat' dir='ltr'><strong>iubenum</strong></span> <span class='ocrx_word' id='word_1_461' title='bbox 2082 2140 2239 2210; x_wconf 89' lang='lat' dir='ltr'><strong>mutatur,</strong></span> 
     </span>
     <span class='ocr_line' id='line_1_63' title="bbox 1263 2215 2239 2301; baseline -0.001 -19"><span class='ocrx_word' id='word_1_462' title='bbox 1263 2228 1298 2282; x_wconf 90' lang='lat' dir='ltr'><strong>et</strong></span> <span class='ocrx_word' id='word_1_463' title='bbox 1318 2219 1373 2300; x_wconf 89' lang='lat' dir='ltr'><strong>qui</strong></span> <span class='ocrx_word' id='word_1_464' title='bbox 1401 2219 1520 2295; x_wconf 89' lang='lat' dir='ltr'><strong>bonus,</strong></span> <span class='ocrx_word' id='word_1_465' title='bbox 1553 2240 1612 2301; x_wconf 91' lang='lat' dir='ltr'><strong>per</strong></span> <span class='ocrx_word' id='word_1_466' title='bbox 1642 2218 1809 2301; x_wconf 84' lang='lat' dir='ltr'><strong>ignaviam</strong></span> <span class='ocrx_word' id='word_1_467' title='bbox 1839 2215 1960 2282; x_wconf 84' lang='lat' dir='ltr'><strong>excidit</strong></span> <span class='ocrx_word' id='word_1_468' title='bbox 1990 2224 2023 2280; x_wconf 89' lang='lat' dir='ltr'><strong>et</strong></span> <span class='ocrx_word' id='word_1_469' title='bbox 2051 2218 2089 2280; x_wconf 94' lang='lat' dir='ltr'><strong>fit</strong></span> <span class='ocrx_word' id='word_1_470' title='bbox 2115 2218 2239 2298; x_wconf 88' lang='lat' dir='ltr'><strong>malus;</strong></span> 
     </span>
     <span class='ocr_line' id='line_1_64' title="bbox 1263 2305 2240 2386; baseline 0.001 -18"><span class='ocrx_word' id='word_1_471' title='bbox 1263 2306 1340 2386; x_wconf 91' lang='lat' dir='ltr'><strong>quia</strong></span> <span class='ocrx_word' id='word_1_472' title='bbox 1359 2305 1454 2369; x_wconf 93' lang='lat' dir='ltr'><strong>liberi</strong></span> <span class='ocrx_word' id='word_1_473' title='bbox 1477 2305 1603 2368; x_wconf 87' lang='lat' dir='ltr'><strong>arbitrii</strong></span> <span class='ocrx_word' id='word_1_474' title='bbox 1631 2325 1701 2369; x_wconf 88' lang='lat' dir='ltr'><strong>csse</strong></span> <span class='ocrx_word' id='word_1_475' title='bbox 1722 2312 1868 2368; x_wconf 89' lang='lat' dir='ltr'><strong>nostram</strong></span> <span class='ocrx_word' id='word_1_476' title='bbox 1897 2312 2049 2367; x_wconf 86' lang='lat' dir='ltr'><strong>naturam</strong></span> <span class='ocrx_word' id='word_1_477' title='bbox 2075 2305 2151 2368; x_wconf 90' lang='lat' dir='ltr'><strong>feeit</strong></span> <span class='ocrx_word' id='word_1_478' title='bbox 2171 2305 2240 2369; x_wconf 89' lang='lat' dir='ltr'><strong>Do-</strong></span> 
     </span>
     <span class='ocr_line' id='line_1_65' title="bbox 1263 2387 2240 2473; baseline 0.001 -20"><span class='ocrx_word' id='word_1_479' title='bbox 1263 2390 1382 2468; x_wconf 91' lang='lat' dir='ltr'><strong>minus,</strong></span> <span class='ocrx_word' id='word_1_480' title='bbox 1405 2411 1465 2455; x_wconf 89' lang='lat' dir='ltr'><strong>nec</strong></span> <span class='ocrx_word' id='word_1_481' title='bbox 1490 2390 1628 2472; x_wconf 90' lang='lat' dir='ltr'><strong>imponit</strong></span> <span class='ocrx_word' id='word_1_482' title='bbox 1655 2390 1896 2466; x_wconf 88' lang='lat' dir='ltr'><strong>necessitatem,</strong></span> <span class='ocrx_word' id='word_1_483' title='bbox 1925 2387 1983 2452; x_wconf 87' lang='lat' dir='ltr'><strong>sed</strong></span> <span class='ocrx_word' id='word_1_484' title='bbox 2006 2390 2159 2473; x_wconf 85' lang='lat' dir='ltr'><strong>congruis</strong></span> <span class='ocrx_word' id='word_1_485' title='bbox 2188 2411 2240 2454; x_wconf 89' lang='lat' dir='ltr'><strong>re-</strong></span> 
     </span>
     <span class='ocr_line' id='line_1_66' title="bbox 1263 2476 2240 2559; baseline -0.001 -18"><span class='ocrx_word' id='word_1_486' title='bbox 1263 2476 1380 2541; x_wconf 89' lang='lat' dir='ltr'><strong>mediis</strong></span> <span class='ocrx_word' id='word_1_487' title='bbox 1401 2477 1557 2559; x_wconf 90' lang='lat' dir='ltr'><strong>appositis</strong></span> <span class='ocrx_word' id='word_1_488' title='bbox 1578 2483 1684 2540; x_wconf 88' lang='lat' dir='ltr'><strong>totum</strong></span> <span class='ocrx_word' id='word_1_489' title='bbox 1706 2477 1811 2541; x_wconf 90' lang='lat' dir='ltr'><strong>iaeere</strong></span> <span class='ocrx_word' id='word_1_490' title='bbox 1832 2476 1867 2539; x_wconf 94' lang='lat' dir='ltr'><strong>in</strong></span> <span class='ocrx_word' id='word_1_491' title='bbox 1889 2476 2090 2558; x_wconf 85' lang='lat' dir='ltr'><strong>aegrotantis</strong></span> <span class='ocrx_word' id='word_1_492' title='bbox 2108 2483 2240 2541; x_wconf 85' lang='lat' dir='ltr'><strong>senten·</strong></span> 
     </span>
     <span class='ocr_line' id='line_1_67' title="bbox 1263 2561 2239 2645; baseline -0.001 -20"><span class='ocrx_word' id='word_1_493' title='bbox 1263 2563 1310 2625; x_wconf 87' lang='lat' dir='ltr'><strong>tia</strong></span> <span class='ocrx_word' id='word_1_494' title='bbox 1338 2563 1424 2626; x_wconf 89' lang='lat' dir='ltr'><strong>sinit.</strong></span> <span class='ocrx_word' id='word_1_495' title='bbox 1469 2562 1568 2626; x_wconf 88' lang='lat' dir='ltr'><strong>Item:</strong></span> <span class='ocrx_word' id='word_1_496' title='bbox 1586 2562 1614 2645; x_wconf 65' lang='grc' dir='ltr'><strong>Β)</strong></span> <span class='ocrx_word' id='word_1_497' title='bbox 1637 2563 1729 2640; x_wconf 89' lang='lat' dir='ltr'><strong>sicut,</strong></span> <span class='ocrx_word' id='word_1_498' title='bbox 1749 2562 1811 2626; x_wconf 88' lang='lat' dir='ltr'><strong>nisi</strong></span> <span class='ocrx_word' id='word_1_499' title='bbox 1835 2562 1942 2645; x_wconf 87' lang='lat' dir='ltr'><strong>gratia</strong></span> <span class='ocrx_word' id='word_1_500' title='bbox 1959 2561 2024 2626; x_wconf 94' lang='lat' dir='ltr'><strong>Dei</strong></span> <span class='ocrx_word' id='word_1_501' title='bbox 2046 2562 2164 2640; x_wconf 88' lang='lat' dir='ltr'><strong>adiuti,</strong></span> <span class='ocrx_word' id='word_1_502' title='bbox 2188 2563 2239 2625; x_wconf 93' lang='lat' dir='ltr'><strong>ni·</strong></span> 
     </span>
     <span class='ocr_line' id='line_1_68' title="bbox 1264 2648 2239 2731; baseline 0 -19"><span class='ocrx_word' id='word_1_503' title='bbox 1264 2648 1311 2712; x_wconf 93' lang='lat' dir='ltr'><strong>hil</strong></span> <span class='ocrx_word' id='word_1_504' title='bbox 1333 2670 1476 2730; x_wconf 84' lang='lat' dir='ltr'><strong>unquam</strong></span> <span class='ocrx_word' id='word_1_505' title='bbox 1504 2668 1675 2730; x_wconf 87' lang='lat' dir='ltr'><strong>possumus</strong></span> <span class='ocrx_word' id='word_1_506' title='bbox 1704 2656 1791 2713; x_wconf 86' lang='lat' dir='ltr'><strong>recte</strong></span> <span class='ocrx_word' id='word_1_507' title='bbox 1821 2668 1932 2731; x_wconf 88' lang='lat' dir='ltr'><strong>agere;</strong></span> <span class='ocrx_word' id='word_1_508' title='bbox 1966 2649 2029 2726; x_wconf 89' lang='lat' dir='ltr'><strong>ita,</strong></span> <span class='ocrx_word' id='word_1_509' title='bbox 2060 2649 2124 2713; x_wconf 89' lang='lat' dir='ltr'><strong>nisi</strong></span> <span class='ocrx_word' id='word_1_510' title='bbox 2152 2648 2239 2731; x_wconf 93' lang='lat' dir='ltr'><strong>quod</strong></span> 
     </span>
     <span class='ocr_line' id='line_1_69' title="bbox 1262 2735 2239 2817; baseline -0.001 -18"><span class='ocrx_word' id='word_1_511' title='bbox 1262 2742 1411 2799; x_wconf 88' lang='lat' dir='ltr'><strong>nostrum</strong></span> <span class='ocrx_word' id='word_1_512' title='bbox 1434 2743 1484 2799; x_wconf 88' lang='lat' dir='ltr'><strong>est</strong></span> <span class='ocrx_word' id='word_1_513' title='bbox 1509 2735 1729 2814; x_wconf 88' lang='lat' dir='ltr'><strong>attulerimus,</strong></span> <span class='ocrx_word' id='word_1_514' title='bbox 1759 2756 1824 2798; x_wconf 91' lang='lat' dir='ltr'><strong>non</strong></span> <span class='ocrx_word' id='word_1_515' title='bbox 1851 2735 2032 2816; x_wconf 80' lang='lat' dir='ltr'><strong>poterimus</strong></span> <span class='ocrx_word' id='word_1_516' title='bbox 2060 2755 2239 2817; x_wconf 87' lang='lat' dir='ltr'><strong>supernum</strong></span> 
     </span>
     <span class='ocr_line' id='line_1_70' title="bbox 1264 2820 2317 2909; baseline 0.001 -25"><span class='ocrx_word' id='word_1_517' title='bbox 1264 2822 1429 2903; x_wconf 89' lang='lat' dir='ltr'><strong>acquirere</strong></span> <span class='ocrx_word' id='word_1_518' title='bbox 1457 2821 1611 2885; x_wconf 84' lang='lat' dir='ltr'><strong>favorem.</strong></span> <span class='ocrx_word' id='word_1_519' title='bbox 1657 2820 1798 2885; x_wconf 85' lang='lat' dir='ltr'><strong>Dixerat</strong></span> <span class='ocrx_word' id='word_1_520' title='bbox 1826 2828 1936 2884; x_wconf 87' lang='lat' dir='ltr'><strong>autem</strong></span> <span class='ocrx_word' id='word_1_521' title='bbox 1963 2821 2071 2903; x_wconf 91' lang='lat' dir='ltr'><strong>prius,</strong></span> <span class='ocrx_word' id='word_1_522' title='bbox 2102 2827 2141 2884; x_wconf 91' lang='lat' dir='ltr'><strong>ut</strong></span> <span class='ocrx_word' id='word_1_523' title='bbox 2172 2841 2241 2885; x_wconf 91' lang='lat' dir='ltr'><strong>non</strong></span> <span class='ocrx_word' id='word_1_524' title='bbox 2313 2898 2317 2909; x_wconf 30' lang='lat'><em>¹</em></span> 
     </span>
     <span class='ocr_line' id='line_1_71' title="bbox 1262 2906 2242 2990; baseline 0 -19"><span class='ocrx_word' id='word_1_525' title='bbox 1262 2915 1368 2971; x_wconf 87' lang='lat' dir='ltr'><strong>totum</strong></span> <span class='ocrx_word' id='word_1_526' title='bbox 1396 2906 1498 2972; x_wconf 89' lang='lat' dir='ltr'><strong>divini</strong></span> <span class='ocrx_word' id='word_1_527' title='bbox 1526 2907 1570 2971; x_wconf 93' lang='lat' dir='ltr'><strong>sit</strong></span> <span class='ocrx_word' id='word_1_528' title='bbox 1596 2907 1723 2985; x_wconf 89' lang='lat' dir='ltr'><strong>auxilii,</strong></span> <span class='ocrx_word' id='word_1_529' title='bbox 1758 2906 1855 2971; x_wconf 91' lang='lat' dir='ltr'><strong>simul</strong></span> <span class='ocrx_word' id='word_1_530' title='bbox 1880 2926 1940 2971; x_wconf 88' lang='lat' dir='ltr'><strong>nos</strong></span> <span class='ocrx_word' id='word_1_531' title='bbox 1973 2906 2095 2990; x_wconf 92' lang='lat' dir='ltr'><strong>aliquid</strong></span> <span class='ocrx_word' id='word_1_532' title='bbox 2123 2907 2242 2972; x_wconf 85' lang='lat' dir='ltr'><strong>afferre</strong></span> 
     </span>
     <span class='ocr_line' id='line_1_72' title="bbox 1263 2992 2240 3076; baseline -0.001 -19"><span class='ocrx_word' id='word_1_533' title='bbox 1263 3001 1399 3076; x_wconf 89' lang='lat' dir='ltr'><strong>oportet.</strong></span> <span class='ocrx_word' id='word_1_534' title='bbox 1453 2993 1609 3076; x_wconf 81' lang='lat' dir='ltr'><strong>Adeoque</strong></span> <span class='ocrx_word' id='word_1_535' title='bbox 1643 2994 1779 3057; x_wconf 89' lang='lat' dir='ltr'><strong>verbum</strong></span> <span class='ocrx_word' id='word_1_536' title='bbox 1812 2992 1874 3057; x_wconf 88' lang='lat' dir='ltr'><strong>hoe</strong></span> <span class='ocrx_word' id='word_1_537' title='bbox 1907 2992 1957 3056; x_wconf 92' lang='lat' dir='ltr'><strong>illi</strong></span> <span class='ocrx_word' id='word_1_538' title='bbox 1988 2993 2111 3076; x_wconf 87' lang='lat' dir='ltr'><strong>passim</strong></span> <span class='ocrx_word' id='word_1_539' title='bbox 2144 2993 2240 3056; x_wconf 86' lang='lat' dir='ltr'><strong>fami·</strong></span> 
     </span>
     <span class='ocr_line' id='line_1_73' title="bbox 1262 3077 2239 3162; baseline 0 -18"><span class='ocrx_word' id='word_1_540' title='bbox 1262 3079 1343 3144; x_wconf 86' lang='lat' dir='ltr'><strong>liare</strong></span> <span class='ocrx_word' id='word_1_541' title='bbox 1365 3087 1427 3144; x_wconf 92' lang='lat' dir='ltr'><strong>cst:</strong></span> <span class='ocrx_word' id='word_1_542' title='bbox 1452 3080 1627 3144; x_wconf 84' lang='lat' dir='ltr'><strong>afferamus</strong></span> <span class='ocrx_word' id='word_1_543' title='bbox 1648 3079 1736 3162; x_wconf 94' lang='lat' dir='ltr'><strong>quod</strong></span> <span class='ocrx_word' id='word_1_544' title='bbox 1759 3086 1809 3144; x_wconf 91' lang='lat' dir='ltr'><strong>est</strong></span> <span class='ocrx_word' id='word_1_545' title='bbox 1826 3086 1986 3158; x_wconf 90' lang='lat' dir='ltr'><strong>nostrum,</strong></span> <span class='ocrx_word' id='word_1_546' title='bbox 2004 3077 2129 3160; x_wconf 89' lang='lat' dir='ltr'><strong>reliqua</strong></span> <span class='ocrx_word' id='word_1_547' title='bbox 2145 3079 2239 3144; x_wconf 89' lang='lat' dir='ltr'><strong>Deus</strong></span> 
     </span>
     <span class='ocr_line' id='line_1_74' title="bbox 1262 3163 2237 3249; baseline -0.005 -18"><span class='ocrx_word' id='word_1_548' title='bbox 1262 3165 1434 3248; x_wconf 86' lang='lat' dir='ltr'><strong>supplebit.</strong></span> <span class='ocrx_word' id='word_1_549' title='bbox 1479 3164 1542 3231; x_wconf 80' lang='lat' dir='ltr'><strong>Oui</strong></span> <span class='ocrx_word' id='word_1_550' title='bbox 1576 3174 1834 3230; x_wconf 70' lang='lat' dir='ltr'><strong>consentaneum</strong></span> <span class='ocrx_word' id='word_1_551' title='bbox 1874 3165 1961 3247; x_wconf 93' lang='lat' dir='ltr'><strong>quod</strong></span> <span class='ocrx_word' id='word_1_552' title='bbox 2000 3165 2046 3228; x_wconf 88' lang='lat' dir='ltr'><strong>ait</strong></span> <span class='ocrx_word' id='word_1_553' title='bbox 2067 3163 2237 3249; x_wconf 82' lang='lat' dir='ltr'><strong>Hierony-</strong></span> 
     </span>
     <span class='ocr_line' id='line_1_75' title="bbox 1262 3250 2234 3335; baseline -0.001 -20"><span class='ocrx_word' id='word_1_554' title='bbox 1262 3272 1349 3316; x_wconf 88' lang='lat' dir='ltr'><strong>mus:</strong></span> <span class='ocrx_word' id='word_1_555' title='bbox 1363 3251 1393 3335; x_wconf 87' lang='lat'><strong>⁴)</strong></span> <span class='ocrx_word' id='word_1_556' title='bbox 1415 3259 1563 3316; x_wconf 90' lang='lat' dir='ltr'><strong>nostrum</strong></span> <span class='ocrx_word' id='word_1_557' title='bbox 1585 3272 1655 3316; x_wconf 89' lang='lat' dir='ltr'><strong>esse</strong></span> <span class='ocrx_word' id='word_1_558' title='bbox 1676 3252 1827 3334; x_wconf 90' lang='lat' dir='ltr'><strong>incipere,</strong></span> <span class='ocrx_word' id='word_1_559' title='bbox 1850 3251 1915 3316; x_wconf 89' lang='lat' dir='ltr'><strong>Dei</strong></span> <span class='ocrx_word' id='word_1_560' title='bbox 1933 3256 2042 3315; x_wconf 86' lang='lat' dir='ltr'><strong>eutem</strong></span> <span class='ocrx_word' id='word_1_561' title='bbox 2063 3250 2234 3332; x_wconf 79' lang='lat' dir='ltr'><strong>perficere3</strong></span> 
     </span>
     <span class='ocr_line' id='line_1_76' title="bbox 1263 3335 2241 3420; baseline -0.003 -17"><span class='ocrx_word' id='word_1_562' title='bbox 1263 3346 1411 3403; x_wconf 91' lang='lat' dir='ltr'><strong>nostrum</strong></span> <span class='ocrx_word' id='word_1_563' title='bbox 1434 3339 1551 3402; x_wconf 88' lang='lat' dir='ltr'><strong>offerre</strong></span> <span class='ocrx_word' id='word_1_564' title='bbox 1573 3337 1660 3420; x_wconf 91' lang='lat' dir='ltr'><strong>quod</strong></span> <span class='ocrx_word' id='word_1_565' title='bbox 1681 3358 1864 3420; x_wconf 87' lang='lat' dir='ltr'><strong>possumus,</strong></span> <span class='ocrx_word' id='word_1_566' title='bbox 1887 3337 1974 3402; x_wconf 90' lang='lat' dir='ltr'><strong>illius</strong></span> <span class='ocrx_word' id='word_1_567' title='bbox 1995 3335 2131 3418; x_wconf 87' lang='lat' dir='ltr'><strong>implero</strong></span> <span class='ocrx_word' id='word_1_568' title='bbox 2153 3337 2241 3419; x_wconf 91' lang='lat' dir='ltr'><strong>quod</strong></span> 
     </span>
     <span class='ocr_line' id='line_1_77' title="bbox 1262 3421 2240 3508; baseline 0 -20"><span class='ocrx_word' id='word_1_569' title='bbox 1262 3444 1329 3489; x_wconf 93' lang='lat' dir='ltr'><strong>non</strong></span> <span class='ocrx_word' id='word_1_570' title='bbox 1362 3445 1543 3508; x_wconf 90' lang='lat' dir='ltr'><strong>possumus.</strong></span> <span class='ocrx_word' id='word_1_571' title='bbox 1588 3421 1692 3489; x_wconf 90' lang='lat' dir='ltr'><strong>Vides</strong></span> <span class='ocrx_word' id='word_1_572' title='bbox 1724 3431 1812 3489; x_wconf 90' lang='lat' dir='ltr'><strong>certe</strong></span> <span class='ocrx_word' id='word_1_573' title='bbox 1844 3423 1884 3488; x_wconf 89' lang='lat' dir='ltr'><strong>iis</strong></span> <span class='ocrx_word' id='word_1_574' title='bbox 1917 3424 2087 3488; x_wconf 87' lang='lat' dir='ltr'><strong>sententiis</strong></span> <span class='ocrx_word' id='word_1_575' title='bbox 2113 3422 2240 3488; x_wconf 93' lang='lat' dir='ltr'><strong>homini</strong></span> 
     </span>
     <span class='ocr_line' id='line_1_78' title="bbox 1285 3508 2239 3593; baseline 0 -19"><span class='ocrx_word' id='word_1_576' title='bbox 1285 3511 1338 3575; x_wconf 92' lang='lat' dir='ltr'><strong>lus</strong></span> <span class='ocrx_word' id='word_1_577' title='bbox 1358 3532 1458 3593; x_wconf 92' lang='lat' dir='ltr'><strong>quam</strong></span> <span class='ocrx_word' id='word_1_578' title='bbox 1480 3523 1540 3593; x_wconf 91' lang='lat' dir='ltr'><strong>par</strong></span> <span class='ocrx_word' id='word_1_579' title='bbox 1566 3519 1638 3573; x_wconf 91' lang='lat' dir='ltr'><strong>erat</strong></span> <span class='ocrx_word' id='word_1_580' title='bbox 1665 3509 1706 3573; x_wconf 90' lang='lat' dir='ltr'><strong>ad</strong></span> <span class='ocrx_word' id='word_1_581' title='bbox 1733 3510 1867 3574; x_wconf 82' lang='lat' dir='ltr'><strong>virtutis</strong></span> <span class='ocrx_word' id='word_1_582' title='bbox 1894 3508 2041 3573; x_wconf 89' lang='lat' dir='ltr'><strong>studium</strong></span> <span class='ocrx_word' id='word_1_583' title='bbox 2067 3509 2142 3574; x_wconf 91' lang='lat' dir='ltr'><strong>illos</strong></span> <span class='ocrx_word' id='word_1_584' title='bbox 2169 3531 2239 3574; x_wconf 87' lang='lat' dir='ltr'><strong>esse</strong></span> 
     </span>
     <span class='ocr_line' id='line_1_79' title="bbox 1262 3533 2238 3680; baseline -0.003 -19"><span class='ocrx_word' id='word_1_585' title='bbox 1262 3533 1415 3680; x_wconf 72' lang='lat' dir='ltr'><strong>largitos3</strong></span> <span class='ocrx_word' id='word_1_586' title='bbox 1439 3598 1515 3678; x_wconf 88' lang='lat' dir='ltr'><strong>quia</strong></span> <span class='ocrx_word' id='word_1_587' title='bbox 1535 3596 1696 3678; x_wconf 89' lang='lat' dir='ltr'><strong>putabant</strong></span> <span class='ocrx_word' id='word_1_588' title='bbox 1718 3617 1753 3660; x_wconf 87' lang='lat' dir='ltr'><strong>se</strong></span> <span class='ocrx_word' id='word_1_589' title='bbox 1782 3617 1849 3659; x_wconf 92' lang='lat' dir='ltr'><strong>non</strong></span> <span class='ocrx_word' id='word_1_590' title='bbox 1872 3595 1967 3660; x_wconf 89' lang='lat' dir='ltr'><strong>aliter</strong></span> <span class='ocrx_word' id='word_1_591' title='bbox 1995 3603 2159 3678; x_wconf 89' lang='lat' dir='ltr'><strong>torporem</strong></span> <span class='ocrx_word' id='word_1_592' title='bbox 2180 3616 2238 3659; x_wconf 91' lang='lat' dir='ltr'><strong>no·</strong></span> 
     </span>
     <span class='ocr_line' id='line_1_80' title="bbox 1262 3680 2238 3765; baseline -0.003 -18"><span class='ocrx_word' id='word_1_593' title='bbox 1262 3683 1313 3748; x_wconf 90' lang='lat' dir='ltr'><strong>his</strong></span> <span class='ocrx_word' id='word_1_594' title='bbox 1344 3683 1529 3765; x_wconf 83' lang='lat' dir='ltr'><strong>ingenitum</strong></span> <span class='ocrx_word' id='word_1_595' title='bbox 1561 3702 1655 3764; x_wconf 89' lang='lat' dir='ltr'><strong>posse</strong></span> <span class='ocrx_word' id='word_1_596' title='bbox 1688 3681 1950 3765; x_wconf 83' lang='lat' dir='ltr'><strong>expergefacere,</strong></span> <span class='ocrx_word' id='word_1_597' title='bbox 1980 3703 2078 3765; x_wconf 89' lang='lat' dir='ltr'><strong>quam</strong></span> <span class='ocrx_word' id='word_1_598' title='bbox 2110 3683 2138 3745; x_wconf 88' lang='lat' dir='ltr'><strong>si</strong></span> <span class='ocrx_word' id='word_1_599' title='bbox 2169 3680 2238 3745; x_wconf 90' lang='lat' dir='ltr'><strong>solo</strong></span> 
     </span>
     <span class='ocr_line' id='line_1_81' title="bbox 1262 3766 2238 3852; baseline -0.002 -20"><span class='ocrx_word' id='word_1_600' title='bbox 1262 3771 1332 3852; x_wconf 92' lang='lat' dir='ltr'><strong>ipso</strong></span> <span class='ocrx_word' id='word_1_601' title='bbox 1356 3790 1415 3833; x_wconf 91' lang='lat' dir='ltr'><strong>nos</strong></span> <span class='ocrx_word' id='word_1_602' title='bbox 1461 3789 1572 3833; x_wconf 85' lang='lat' dir='ltr'><strong>secare</strong></span> <span class='ocrx_word' id='word_1_603' title='bbox 1593 3776 1778 3851; x_wconf 84' lang='lat' dir='ltr'><strong>arguerent.</strong></span> <span class='ocrx_word' id='word_1_604' title='bbox 1823 3766 1864 3831; x_wconf 91' lang='lat' dir='ltr'><strong>Id</strong></span> <span class='ocrx_word' id='word_1_605' title='bbox 1882 3775 1993 3832; x_wconf 89' lang='lat' dir='ltr'><strong>autem</strong></span> <span class='ocrx_word' id='word_1_606' title='bbox 2014 3778 2137 3850; x_wconf 85' lang='lat' dir='ltr'><strong>quanta</strong></span> <span class='ocrx_word' id='word_1_607' title='bbox 2158 3767 2238 3831; x_wconf 88' lang='lat' dir='ltr'><strong>dex-</strong></span> 
     </span>
     <span class='ocr_line' id='line_1_82' title="bbox 1263 3791 2237 3938; baseline -0.003 -18"><span class='ocrx_word' id='word_1_608' title='bbox 1263 3856 1395 3920; x_wconf 87' lang='lat' dir='ltr'><strong>teritate</strong></span> <span class='ocrx_word' id='word_1_609' title='bbox 1417 3791 1459 3919; x_wconf 71' lang='lat' dir='ltr'><strong>al</strong></span> <span class='ocrx_word' id='word_1_610' title='bbox 1480 3853 1546 3919; x_wconf 90' lang='lat' dir='ltr'><strong>illis</strong></span> <span class='ocrx_word' id='word_1_611' title='bbox 1568 3854 1689 3918; x_wconf 87' lang='lat' dir='ltr'><strong>factum</strong></span> <span class='ocrx_word' id='word_1_612' title='bbox 1713 3854 1764 3933; x_wconf 92' lang='lat' dir='ltr'><strong>sit,</strong></span> <span class='ocrx_word' id='word_1_613' title='bbox 1782 3862 1898 3938; x_wconf 84' lang='lat' dir='ltr'><strong>postea</strong></span> <span class='ocrx_word' id='word_1_614' title='bbox 1915 3853 2106 3919; x_wconf 85' lang='lat' dir='ltr'><strong>videbimus.</strong></span> <span class='ocrx_word' id='word_1_615' title='bbox 2129 3851 2237 3931; x_wconf 82' lang='lat' dir='ltr'><strong>Certe,</strong></span> 
     </span>
     <span class='ocr_line' id='line_1_83' title="bbox 1263 3938 2239 4024; baseline -0.002 -19"><span class='ocrx_word' id='word_1_616' title='bbox 1263 3962 1344 4024; x_wconf 89' lang='lat' dir='ltr'><strong>quas</strong></span> <span class='ocrx_word' id='word_1_617' title='bbox 1368 3940 1539 4004; x_wconf 90' lang='lat' dir='ltr'><strong>retulimus</strong></span> <span class='ocrx_word' id='word_1_618' title='bbox 1575 3940 1768 4018; x_wconf 86' lang='lat' dir='ltr'><strong>sententias,</strong></span> <span class='ocrx_word' id='word_1_619' title='bbox 1801 3961 1872 4004; x_wconf 90' lang='lat' dir='ltr'><strong>esse</strong></span> <span class='ocrx_word' id='word_1_620' title='bbox 1903 3939 2108 4018; x_wconf 82' lang='lat' dir='ltr'><strong>falsissimas,</strong></span> <span class='ocrx_word' id='word_1_621' title='bbox 2142 3938 2239 4022; x_wconf 90' lang='lat' dir='ltr'><strong>paulo</strong></span> 
     </span>
     <span class='ocr_line' id='line_1_84' title="bbox 1263 4025 2240 4110; baseline -0.002 -20"><span class='ocrx_word' id='word_1_622' title='bbox 1263 4035 1337 4110; x_wconf 88' lang='lat' dir='ltr'><strong>post</strong></span> <span class='ocrx_word' id='word_1_623' title='bbox 1357 4026 1525 4092; x_wconf 75' lang='lat' dir='ltr'><strong>constabit.</strong></span> <span class='ocrx_word' id='word_1_624' title='bbox 1571 4026 1674 4090; x_wconf 90' lang='lat' dir='ltr'><strong>Porro</strong></span> <span class='ocrx_word' id='word_1_625' title='bbox 1695 4027 1826 4091; x_wconf 89' lang='lat' dir='ltr'><strong>tametsi</strong></span> <span class='ocrx_word' id='word_1_626' title='bbox 1850 4026 1971 4091; x_wconf 82' lang='lat' dir='ltr'><strong>Graeci</strong></span> <span class='ocrx_word' id='word_1_627' title='bbox 1987 4046 2066 4108; x_wconf 90' lang='lat' dir='ltr'><strong>prae</strong></span> <span class='ocrx_word' id='word_1_628' title='bbox 2084 4025 2166 4104; x_wconf 88' lang='lat' dir='ltr'><strong>aliis,</strong></span> <span class='ocrx_word' id='word_1_629' title='bbox 2190 4033 2240 4090; x_wconf 81' lang='lat' dir='ltr'><strong>at-</strong></span> 
     </span>
    </p>
   </div>
   <div class='ocr_carea' id='block_1_8' title="bbox 230 4104 2328 4973">
    <p class='ocr_par' dir='ltr' id='par_1_9' title="bbox 230 4104 2328 4885">
     <span class='ocr_line' id='line_1_85' title="bbox 231 4104 2239 4195; baseline 0.002 -25"><span class='ocrx_word' id='word_1_630' title='bbox 231 4105 348 4170; x_wconf 82' lang='lat' dir='ltr'><strong>doaum</strong></span> <span class='ocrx_word' id='word_1_631' title='bbox 369 4111 447 4170; x_wconf 83' lang='lat' dir='ltr'><strong>essct</strong></span> <span class='ocrx_word' id='word_1_632' title='bbox 467 4107 539 4186; x_wconf 79' lang='lat' dir='ltr'><strong>Dei,</strong></span> <span class='ocrx_word' id='word_1_633' title='bbox 562 4127 623 4170; x_wconf 81' lang='lat' dir='ltr'><strong>noa</strong></span> <span class='ocrx_word' id='word_1_634' title='bbox 646 4128 667 4170; x_wconf 84' lang='lat' dir='ltr'><strong>a</strong></span> <span class='ocrx_word' id='word_1_635' title='bbox 688 4107 784 4170; x_wconf 63' lang='lat' dir='ltr'><strong>noba.</strong></span> <span class='ocrx_word' id='word_1_636' title='bbox 829 4104 879 4169; x_wconf 83' lang='lat' dir='ltr'><strong>Ac</strong></span> <span class='ocrx_word' id='word_1_637' title='bbox 895 4109 997 4187; x_wconf 79' lang='lat' dir='ltr'><strong>poulo</strong></span> <span class='ocrx_word' id='word_1_638' title='bbox 1012 4115 1100 4190; x_wconf 77' lang='lat' dir='ltr'><strong>post:</strong></span> <span class='ocrx_word' id='word_1_639' title='bbox 1127 4111 1211 4174; x_wconf 78' lang='lat' dir='ltr'><strong>iudi·</strong></span> <span class='ocrx_word' id='word_1_640' title='bbox 1263 4135 1327 4195; x_wconf 89' lang='lat' dir='ltr'><strong>que</strong></span> <span class='ocrx_word' id='word_1_641' title='bbox 1355 4113 1441 4176; x_wconf 90' lang='lat' dir='ltr'><strong>inter</strong></span> <span class='ocrx_word' id='word_1_642' title='bbox 1467 4131 1522 4175; x_wconf 90' lang='lat' dir='ltr'><strong>eos</strong></span> <span class='ocrx_word' id='word_1_643' title='bbox 1550 4111 1760 4195; x_wconf 88' lang='lat' dir='ltr'><strong>singulariter</strong></span> <span class='ocrx_word' id='word_1_644' title='bbox 1778 4112 2050 4195; x_wconf 80' lang='lat' dir='ltr'><strong>Chrysostemus,</strong></span> <span class='ocrx_word' id='word_1_645' title='bbox 2072 4113 2107 4175; x_wconf 91' lang='lat' dir='ltr'><strong>in</strong></span> <span class='ocrx_word' id='word_1_646' title='bbox 2135 4111 2239 4176; x_wconf 69' lang='lat' dir='ltr'><strong>extol⁴</strong></span> 
     </span>
     <span class='ocr_line' id='line_1_86' title="bbox 232 4191 2239 4279; baseline 0.004 -24"><span class='ocrx_word' id='word_1_647' title='bbox 232 4191 317 4255; x_wconf 64' lang='lat' dir='ltr'><strong>dum</strong></span> <span class='ocrx_word' id='word_1_648' title='bbox 338 4191 392 4256; x_wconf 79' lang='lat' dir='ltr'><strong>boc</strong></span> <span class='ocrx_word' id='word_1_649' title='bbox 413 4193 552 4256; x_wconf 80' lang='lat' dir='ltr'><strong>omn-ium</strong></span> <span class='ocrx_word' id='word_1_650' title='bbox 573 4193 754 4257; x_wconf 66' lang='lat' dir='ltr'><strong>mltum</strong></span> <span class='ocrx_word' id='word_1_651' title='bbox 776 4196 828 4269; x_wconf 79' lang='lat' dir='ltr'><strong>est,</strong></span> <span class='ocrx_word' id='word_1_652' title='bbox 849 4192 1009 4273; x_wconf 74' lang='lat' dir='ltr'><strong>sertorum</strong></span> <span class='ocrx_word' id='word_1_653' title='bbox 1030 4215 1051 4258; x_wconf 88' lang='lat' dir='ltr'><strong>o</strong></span> <span class='ocrx_word' id='word_1_654' title='bbox 1073 4196 1141 4261; x_wconf 85' lang='lat' dir='ltr'><strong>Deo</strong></span> <span class='ocrx_word' id='word_1_655' title='bbox 1156 4218 1211 4279; x_wconf 74' lang='lat' dir='ltr'><strong>pc</strong></span> <span class='ocrx_word' id='word_1_656' title='bbox 1263 4197 1361 4264; x_wconf 92' lang='lat' dir='ltr'><strong>lenda</strong></span> <span class='ocrx_word' id='word_1_657' title='bbox 1382 4197 1547 4261; x_wconf 85' lang='lat' dir='ltr'><strong>humanae</strong></span> <span class='ocrx_word' id='word_1_658' title='bbox 1568 4198 1747 4265; x_wconf 86' lang='lat' dir='ltr'><strong>voluntatis</strong></span> <span class='ocrx_word' id='word_1_659' title='bbox 1767 4198 1923 4264; x_wconf 73' lang='lat' dir='ltr'><strong>faculmte</strong></span> <span class='ocrx_word' id='word_1_660' title='bbox 1940 4196 2074 4262; x_wconf 89' lang='lat' dir='ltr'><strong>modum</strong></span> <span class='ocrx_word' id='word_1_661' title='bbox 2092 4219 2239 4263; x_wconf 86' lang='lat' dir='ltr'><strong>excesse-</strong></span> 
     </span>
     <span class='ocr_line' id='line_1_87' title="bbox 230 4277 2239 4368; baseline 0.004 -27"><span class='ocrx_word' id='word_1_662' title='bbox 230 4277 365 4356; x_wconf 80' lang='lat' dir='ltr'><strong>tendum,</strong></span> <span class='ocrx_word' id='word_1_663' title='bbox 388 4299 410 4341; x_wconf 90' lang='lat' dir='ltr'><strong>o</strong></span> <span class='ocrx_word' id='word_1_664' title='bbox 430 4298 463 4342; x_wconf 85' lang='lat' dir='ltr'><strong>se</strong></span> <span class='ocrx_word' id='word_1_665' title='bbox 485 4279 553 4359; x_wconf 79' lang='lat' dir='ltr'><strong>ipso</strong></span> <span class='ocrx_word' id='word_1_666' title='bbox 574 4279 758 4344; x_wconf 61' lang='lat' dir='ltr'><strong>armenam</strong></span> <span class='ocrx_word' id='word_1_667' title='bbox 785 4297 850 4341; x_wconf 81' lang='lat' dir='ltr'><strong>esse</strong></span> <span class='ocrx_word' id='word_1_668' title='bbox 876 4280 1073 4359; x_wconf 77' lang='lat' dir='ltr'><strong>sapientiam.</strong></span> <span class='ocrx_word' id='word_1_669' title='bbox 1118 4281 1210 4347; x_wconf 90' lang='lat' dir='ltr'><strong>Haeo</strong></span> <span class='ocrx_word' id='word_1_670' title='bbox 1263 4293 1351 4361; x_wconf 91' lang='lat' dir='ltr'><strong>runt,</strong></span> <span class='ocrx_word' id='word_1_671' title='bbox 1374 4294 1502 4348; x_wconf 82' lang='lat' dir='ltr'><strong>veteres</strong></span> <span class='ocrx_word' id='word_1_672' title='bbox 1524 4293 1634 4348; x_wconf 88' lang='lat' dir='ltr'><strong>tamen</strong></span> <span class='ocrx_word' id='word_1_673' title='bbox 1657 4305 1780 4365; x_wconf 89' lang='lat' dir='ltr'><strong>omnes,</strong></span> <span class='ocrx_word' id='word_1_674' title='bbox 1802 4292 1938 4368; x_wconf 76' lang='lat' dir='ltr'><strong>excepto</strong></span> <span class='ocrx_word' id='word_1_675' title='bbox 1965 4285 2168 4368; x_wconf 85' lang='lat' dir='ltr'><strong>Augustino,</strong></span> <span class='ocrx_word' id='word_1_676' title='bbox 2191 4285 2239 4349; x_wconf 90' lang='lat' dir='ltr'><strong>sic</strong></span> 
     </span>
     <span class='ocr_line' id='line_1_88' title="bbox 233 4362 2239 4461; baseline 0.005 -35"><span class='ocrx_word' id='word_1_677' title='bbox 233 4383 312 4446; x_wconf 88' lang='lat' dir='ltr'><strong>ergo</strong></span> <span class='ocrx_word' id='word_1_678' title='bbox 333 4362 605 4460; x_wconf 81' lang='lat' dir='ltr'><strong>pbilosophorum</strong></span> <span class='ocrx_word' id='word_1_679' title='bbox 626 4365 774 4461; x_wconf 85' lang='lat' dir='ltr'><strong>omnium</strong></span> <span class='ocrx_word' id='word_1_680' title='bbox 796 4365 978 4428; x_wconf 88' lang='lat' dir='ltr'><strong>sententiae</strong></span> <span class='ocrx_word' id='word_1_681' title='bbox 999 4387 1129 4432; x_wconf 89' lang='lat' dir='ltr'><strong>summa</strong></span> <span class='ocrx_word' id='word_1_682' title='bbox 1150 4376 1209 4449; x_wconf 90' lang='lat' dir='ltr'><strong>est,</strong></span> <span class='ocrx_word' id='word_1_683' title='bbox 1263 4371 1299 4434; x_wconf 90' lang='lat' dir='ltr'><strong>in</strong></span> <span class='ocrx_word' id='word_1_684' title='bbox 1321 4369 1383 4435; x_wconf 89' lang='lat' dir='ltr'><strong>hac</strong></span> <span class='ocrx_word' id='word_1_685' title='bbox 1405 4391 1441 4433; x_wconf 91' lang='lat' dir='ltr'><strong>re</strong></span> <span class='ocrx_word' id='word_1_686' title='bbox 1462 4377 1520 4432; x_wconf 90' lang='lat' dir='ltr'><strong>aut</strong></span> <span class='ocrx_word' id='word_1_687' title='bbox 1540 4371 1687 4449; x_wconf 75' lang='lat' dir='ltr'><strong>vadant,</strong></span> <span class='ocrx_word' id='word_1_688' title='bbox 1718 4382 1776 4437; x_wconf 89' lang='lat' dir='ltr'><strong>aut</strong></span> <span class='ocrx_word' id='word_1_689' title='bbox 1803 4370 1975 4449; x_wconf 87' lang='lat' dir='ltr'><strong>vacillant,</strong></span> <span class='ocrx_word' id='word_1_690' title='bbox 2006 4378 2064 4435; x_wconf 87' lang='lat' dir='ltr'><strong>aut</strong></span> <span class='ocrx_word' id='word_1_691' title='bbox 2084 4369 2239 4453; x_wconf 86' lang='lat' dir='ltr'><strong>perplexa</strong></span> 
     </span>
     <span class='ocr_line' id='line_1_89' title="bbox 232 4447 2240 4539; baseline 0.005 -28"><span class='ocrx_word' id='word_1_692' title='bbox 232 4447 374 4513; x_wconf 91' lang='lat' dir='ltr'><strong>humam</strong></span> <span class='ocrx_word' id='word_1_693' title='bbox 391 4450 578 4516; x_wconf 90' lang='lat' dir='ltr'><strong>intellectus</strong></span> <span class='ocrx_word' id='word_1_694' title='bbox 596 4457 758 4515; x_wconf 76' lang='lat' dir='ltr'><strong>rabonem</strong></span> <span class='ocrx_word' id='word_1_695' title='bbox 776 4460 883 4514; x_wconf 88' lang='lat' dir='ltr'><strong>rectae</strong></span> <span class='ocrx_word' id='word_1_696' title='bbox 901 4449 1130 4532; x_wconf 87' lang='lat' dir='ltr'><strong>gubernationi</strong></span> <span class='ocrx_word' id='word_1_697' title='bbox 1142 4456 1210 4519; x_wconf 83' lang='lat' dir='ltr'><strong>suf·</strong></span> <span class='ocrx_word' id='word_1_698' title='bbox 1264 4457 1453 4538; x_wconf 89' lang='lat' dir='ltr'><strong>loquuntur,</strong></span> <span class='ocrx_word' id='word_1_699' title='bbox 1476 4464 1514 4519; x_wconf 92' lang='lat' dir='ltr'><strong>ut</strong></span> <span class='ocrx_word' id='word_1_700' title='bbox 1534 4459 1614 4522; x_wconf 82' lang='lat' dir='ltr'><strong>certi</strong></span> <span class='ocrx_word' id='word_1_701' title='bbox 1637 4458 1705 4523; x_wconf 85' lang='lat' dir='ltr'><strong>fere</strong></span> <span class='ocrx_word' id='word_1_702' title='bbox 1726 4457 1809 4522; x_wconf 87' lang='lat' dir='ltr'><strong>nihil</strong></span> <span class='ocrx_word' id='word_1_703' title='bbox 1832 4479 1874 4522; x_wconf 91' lang='lat' dir='ltr'><strong>ex</strong></span> <span class='ocrx_word' id='word_1_704' title='bbox 1896 4478 2010 4522; x_wconf 90' lang='lat' dir='ltr'><strong>eorum</strong></span> <span class='ocrx_word' id='word_1_705' title='bbox 2037 4457 2167 4539; x_wconf 90' lang='lat' dir='ltr'><strong>scriptis</strong></span> <span class='ocrx_word' id='word_1_706' title='bbox 2187 4479 2240 4521; x_wconf 90' lang='lat' dir='ltr'><strong>re·</strong></span> 
     </span>
     <span class='ocr_line' id='line_1_90' title="bbox 231 4535 2241 4628; baseline 0.004 -30"><span class='ocrx_word' id='word_1_707' title='bbox 231 4535 344 4615; x_wconf 82' lang='lat' dir='ltr'><strong>ficere3</strong></span> <span class='ocrx_word' id='word_1_708' title='bbox 367 4535 572 4602; x_wconf 85' lang='lat' dir='ltr'><strong>voluntatem</strong></span> <span class='ocrx_word' id='word_1_709' title='bbox 592 4536 641 4601; x_wconf 91' lang='lat' dir='ltr'><strong>illi</strong></span> <span class='ocrx_word' id='word_1_710' title='bbox 664 4535 893 4614; x_wconf 90' lang='lat' dir='ltr'><strong>subiacentem,</strong></span> <span class='ocrx_word' id='word_1_711' title='bbox 916 4556 936 4599; x_wconf 87' lang='lat' dir='ltr'><strong>a</strong></span> <span class='ocrx_word' id='word_1_712' title='bbox 958 4557 1057 4603; x_wconf 88' lang='lat' dir='ltr'><strong>sensu</strong></span> <span class='ocrx_word' id='word_1_713' title='bbox 1078 4540 1210 4623; x_wconf 90' lang='lat' dir='ltr'><strong>quidem</strong></span> <span class='ocrx_word' id='word_1_714' title='bbox 1263 4543 1348 4606; x_wconf 83' lang='lat' dir='ltr'><strong>ferre</strong></span> <span class='ocrx_word' id='word_1_715' title='bbox 1375 4541 1480 4608; x_wconf 81' lang='lat' dir='ltr'><strong>liceat</strong></span> <span class='ocrx_word' id='word_1_716' title='bbox 1526 4543 1641 4628; x_wconf 87' lang='lat' dir='ltr'><strong>Itaque</strong></span> <span class='ocrx_word' id='word_1_717' title='bbox 1674 4542 1904 4609; x_wconf 89' lang='lat' dir='ltr'><strong>enumerandis</strong></span> <span class='ocrx_word' id='word_1_718' title='bbox 1938 4541 2143 4626; x_wconf 89' lang='lat' dir='ltr'><strong>singulorum</strong></span> <span class='ocrx_word' id='word_1_719' title='bbox 2166 4565 2241 4609; x_wconf 91' lang='lat' dir='ltr'><strong>sen·</strong></span> 
     </span>
     <span class='ocr_line' id='line_1_91' title="bbox 232 4619 2241 4720; baseline 0.004 -36"><span class='ocrx_word' id='word_1_720' title='bbox 232 4619 382 4720; x_wconf 75' lang='lat' dir='ltr'><strong>admala</strong></span> <span class='ocrx_word' id='word_1_721' title='bbox 400 4622 574 4703; x_wconf 89' lang='lat' dir='ltr'><strong>sollicitari,</strong></span> <span class='ocrx_word' id='word_1_722' title='bbox 599 4622 665 4699; x_wconf 88' lang='lat' dir='ltr'><strong>aed,</strong></span> <span class='ocrx_word' id='word_1_723' title='bbox 688 4622 874 4686; x_wconf 89' lang='lat' dir='ltr'><strong>utliberam</strong></span> <span class='ocrx_word' id='word_1_724' title='bbox 892 4621 1083 4690; x_wconf 90' lang='lat' dir='ltr'><strong>electionem</strong></span> <span class='ocrx_word' id='word_1_725' title='bbox 1101 4626 1209 4708; x_wconf 90' lang='lat' dir='ltr'><strong>habet,</strong></span> <span class='ocrx_word' id='word_1_726' title='bbox 1263 4629 1375 4694; x_wconf 87' lang='lat' dir='ltr'><strong>tentiis</strong></span> <span class='ocrx_word' id='word_1_727' title='bbox 1408 4629 1555 4694; x_wconf 88' lang='lat' dir='ltr'><strong>exactius</strong></span> <span class='ocrx_word' id='word_1_728' title='bbox 1584 4651 1650 4694; x_wconf 93' lang='lat' dir='ltr'><strong>non</strong></span> <span class='ocrx_word' id='word_1_729' title='bbox 1679 4629 1883 4707; x_wconf 87' lang='lat' dir='ltr'><strong>insistemus,</strong></span> <span class='ocrx_word' id='word_1_730' title='bbox 1924 4629 1981 4694; x_wconf 89' lang='lat' dir='ltr'><strong>sed</strong></span> <span class='ocrx_word' id='word_1_731' title='bbox 2019 4631 2159 4713; x_wconf 89' lang='lat' dir='ltr'><strong>carptim</strong></span> <span class='ocrx_word' id='word_1_732' title='bbox 2199 4651 2241 4694; x_wconf 87' lang='lat' dir='ltr'><strong>ex</strong></span> 
     </span>
     <span class='ocr_line' id='line_1_92' title="bbox 232 4707 2241 4804; baseline 0.006 -37"><span class='ocrx_word' id='word_1_733' title='bbox 232 4707 384 4804; x_wconf 80' lang='lat' dir='ltr'><strong>impediri</strong></span> <span class='ocrx_word' id='word_1_734' title='bbox 402 4729 609 4794; x_wconf 90' lang='lat' dir='ltr'><strong>nequaquam</strong></span> <span class='ocrx_word' id='word_1_735' title='bbox 626 4729 722 4792; x_wconf 87' lang='lat' dir='ltr'><strong>posse</strong></span> <span class='ocrx_word' id='word_1_736' title='bbox 740 4709 820 4792; x_wconf 92' lang='lat' dir='ltr'><strong>quin</strong></span> <span class='ocrx_word' id='word_1_737' title='bbox 837 4708 999 4774; x_wconf 83' lang='lat' dir='ltr'><strong>rationem</strong></span> <span class='ocrx_word' id='word_1_738' title='bbox 1017 4710 1134 4778; x_wconf 90' lang='lat' dir='ltr'><strong>ducem</strong></span> <span class='ocrx_word' id='word_1_739' title='bbox 1151 4734 1211 4796; x_wconf 90' lang='lat' dir='ltr'><strong>per</strong></span> <span class='ocrx_word' id='word_1_740' title='bbox 1262 4735 1459 4798; x_wconf 91' lang='lat' dir='ltr'><strong>unoquoque</strong></span> <span class='ocrx_word' id='word_1_741' title='bbox 1480 4724 1611 4780; x_wconf 87' lang='lat' dir='ltr'><strong>tantum</strong></span> <span class='ocrx_word' id='word_1_742' title='bbox 1633 4714 1849 4779; x_wconf 87' lang='lat' dir='ltr'><strong>delibabimus</strong></span> <span class='ocrx_word' id='word_1_743' title='bbox 1871 4723 2031 4798; x_wconf 87' lang='lat' dir='ltr'><strong>quantum</strong></span> <span class='ocrx_word' id='word_1_744' title='bbox 2053 4716 2241 4799; x_wconf 87' lang='lat' dir='ltr'><strong>argumenti</strong></span> 
     </span>
     <span class='ocr_line' id='line_1_93' title="bbox 233 4799 2328 4885; baseline 0.006 -31"><span class='ocrx_word' id='word_1_745' title='bbox 233 4810 344 4855; x_wconf 88' lang='lat' dir='ltr'><strong>omma</strong></span> <span class='ocrx_word' id='word_1_746' title='bbox 364 4804 527 4875; x_wconf 66' lang='lat' dir='ltr'><strong>sequmur.</strong></span> <span class='ocrx_word' id='word_1_747' title='bbox 1263 4801 1437 4885; x_wconf 86' lang='lat' dir='ltr'><strong>explicatio</strong></span> <span class='ocrx_word' id='word_1_748' title='bbox 1464 4802 1595 4884; x_wconf 85' lang='lat' dir='ltr'><strong>exigere</strong></span> <span class='ocrx_word' id='word_1_749' title='bbox 1624 4801 1695 4864; x_wconf 84' lang='lat' dir='ltr'><strong>visa</strong></span> <span class='ocrx_word' id='word_1_750' title='bbox 1722 4800 1829 4865; x_wconf 85' lang='lat' dir='ltr'><strong>fuerit</strong></span> <span class='ocrx_word' id='word_1_751' title='bbox 1874 4799 1942 4882; x_wconf 77' lang='lat' dir='ltr'><strong>Qui</strong></span> <span class='ocrx_word' id='word_1_752' title='bbox 1969 4815 2085 4885; x_wconf 87' lang='lat' dir='ltr'><strong>postea</strong></span> <span class='ocrx_word' id='word_1_753' title='bbox 2112 4802 2242 4885; x_wconf 87' lang='lat' dir='ltr'><strong>sequuti</strong></span> <span class='ocrx_word' id='word_1_754' title='bbox 2326 4869 2328 4874; x_wconf 74' lang='grc'><strong>,</strong></span> 
     </span>
    </p>

    <p class='ocr_par' dir='ltr' id='par_1_10' title="bbox 321 4877 2243 4973">
     <span class='ocr_line' id='line_1_94' title="bbox 321 4877 2243 4973; baseline 0.008 -34"><span class='ocrx_word' id='word_1_755' title='bbox 321 4882 350 4940; x_wconf 82' lang='grc'><strong>4.</strong></span> <span class='ocrx_word' id='word_1_756' title='bbox 395 4877 487 4943; x_wconf 89' lang='lat' dir='ltr'><strong>Inter</strong></span> <span class='ocrx_word' id='word_1_757' title='bbox 509 4883 685 4965; x_wconf 87' lang='lat' dir='ltr'><strong>scriptores</strong></span> <span class='ocrx_word' id='word_1_758' title='bbox 707 4880 935 4960; x_wconf 62' lang='lat' dir='ltr'><strong>meantes,</strong></span> <span class='ocrx_word' id='word_1_759' title='bbox 958 4885 1092 4950; x_wconf 85' lang='lat' dir='ltr'><strong>tametsi</strong></span> <span class='ocrx_word' id='word_1_760' title='bbox 1113 4905 1210 4950; x_wconf 90' lang='lat' dir='ltr'><strong>nemo</strong></span> <span class='ocrx_word' id='word_1_761' title='bbox 1263 4896 1341 4952; x_wconf 90' lang='lat' dir='ltr'><strong>sunt</strong></span> <span class='ocrx_word' id='word_1_762' title='bbox 1363 4887 1457 4973; x_wconf 89' lang='lat' dir='ltr'><strong>(dum</strong></span> <span class='ocrx_word' id='word_1_763' title='bbox 1477 4907 1538 4971; x_wconf 92' lang='lat' dir='ltr'><strong>pro</strong></span> <span class='ocrx_word' id='word_1_764' title='bbox 1559 4907 1594 4951; x_wconf 84' lang='lat' dir='ltr'><strong>se</strong></span> <span class='ocrx_word' id='word_1_765' title='bbox 1615 4886 1751 4969; x_wconf 86' lang='lat' dir='ltr'><strong>quisque</strong></span> <span class='ocrx_word' id='word_1_766' title='bbox 1772 4887 1807 4951; x_wconf 93' lang='lat' dir='ltr'><strong>in</strong></span> <span class='ocrx_word' id='word_1_767' title='bbox 1830 4887 1995 4953; x_wconf 90' lang='lat' dir='ltr'><strong>humanae</strong></span> <span class='ocrx_word' id='word_1_768' title='bbox 2023 4895 2162 4954; x_wconf 87' lang='lat' dir='ltr'><strong>naturae</strong></span> <span class='ocrx_word' id='word_1_769' title='bbox 2184 4887 2243 4954; x_wconf 86' lang='lat' dir='ltr'><strong>de·</strong></span> 
     </span>
    </p>
   </div>
   <div class='ocr_carea' id='block_1_9' title="bbox 232 5031 438 5043">
    <p class='ocr_par' dir='ltr' id='par_1_11' title="bbox 232 5031 438 5043">
     <span class='ocr_line' id='line_1_95' title="bbox 232 5031 438 5043; baseline 0 -3"><span class='ocrx_word' id='word_1_770' title='bbox 232 5031 438 5043; x_wconf 77' lang='lat'><strong><em>——--—.</em></strong></span> 
     </span>
    </p>
   </div>
   <div class='ocr_carea' id='block_1_10' title="bbox 233 5098 1211 5246">
    <p class='ocr_par' dir='ltr' id='par_1_12' title="bbox 233 5098 1211 5246">
     <span class='ocr_line' id='line_1_96' title="bbox 304 5098 1210 5173; baseline 0.013 -23"><span class='ocrx_word' id='word_1_771' title='bbox 304 5098 333 5167; x_wconf 89' lang='lat'><strong>1)</strong></span> <span class='ocrx_word' id='word_1_772' title='bbox 352 5100 411 5152; x_wconf 89' lang='lat' dir='ltr'><strong>Lib.</strong></span> <span class='ocrx_word' id='word_1_773' title='bbox 430 5100 453 5153; x_wconf 93' lang='lat'><strong>1.</strong></span> <span class='ocrx_word' id='word_1_774' title='bbox 473 5103 507 5155; x_wconf 91' lang='lat' dir='ltr'><strong>de</strong></span> <span class='ocrx_word' id='word_1_775' title='bbox 526 5104 605 5173; x_wconf 86' lang='lat' dir='ltr'><strong>legib.</strong></span> <span class='ocrx_word' id='word_1_776' title='bbox 659 5104 766 5173; x_wconf 73' lang='lat' dir='ltr'><strong>2)1.ib.</strong></span> <span class='ocrx_word' id='word_1_777' title='bbox 786 5104 811 5160; x_wconf 87' lang='lat'><strong>3.</strong></span> <span class='ocrx_word' id='word_1_778' title='bbox 830 5107 907 5159; x_wconf 83' lang='lat' dir='ltr'><strong>Tuae.</strong></span> <span class='ocrx_word' id='word_1_779' title='bbox 929 5109 1036 5171; x_wconf 85' lang='lat' dir='ltr'><strong>Quaest.</strong></span> <span class='ocrx_word' id='word_1_780' title='bbox 1089 5107 1120 5173; x_wconf 88' lang='grc'><strong>3)</strong></span> <span class='ocrx_word' id='word_1_781' title='bbox 1138 5110 1210 5162; x_wconf 89' lang='lat' dir='ltr'><strong>Vide</strong></span> 
     </span>
     <span class='ocr_line' id='line_1_97' title="bbox 233 5168 1211 5246; baseline 0.012 -27"><span class='ocrx_word' id='word_1_782' title='bbox 233 5168 305 5236; x_wconf 84' lang='lat' dir='ltr'><strong>apud</strong></span> <span class='ocrx_word' id='word_1_783' title='bbox 331 5171 414 5223; x_wconf 83' lang='lat' dir='ltr'><strong>Arist.</strong></span> <span class='ocrx_word' id='word_1_784' title='bbox 435 5173 495 5226; x_wconf 89' lang='lat' dir='ltr'><strong>libr.</strong></span> <span class='ocrx_word' id='word_1_785' title='bbox 519 5170 544 5226; x_wconf 89' lang='grc'><strong>3.</strong></span> <span class='ocrx_word' id='word_1_786' title='bbox 568 5174 656 5228; x_wconf 81' lang='lat' dir='ltr'><strong>llthic.</strong></span> <span class='ocrx_word' id='word_1_787' title='bbox 680 5193 701 5228; x_wconf 90' lang='lat' dir='ltr'><strong>e.</strong></span> <span class='ocrx_word' id='word_1_788' title='bbox 725 5175 749 5228; x_wconf 80' lang='lat' dir='ltr'><strong>b.</strong></span> <span class='ocrx_word' id='word_1_789' title='bbox 821 5174 851 5242; x_wconf 79' lang='lat'><strong>4)</strong></span> <span class='ocrx_word' id='word_1_790' title='bbox 876 5175 978 5230; x_wconf 81' lang='lat' dir='ltr'><strong>Seneca</strong></span> <span class='ocrx_word' id='word_1_791' title='bbox 1002 5179 1111 5246; x_wconf 85' lang='lat' dir='ltr'><strong>passim.</strong></span> <span class='ocrx_word' id='word_1_792' title='bbox 1180 5177 1211 5246; x_wconf 83' lang='lat'><strong>5)</strong></span> 
     </span>
    </p>
   </div>
   <div class='ocr_carea' id='block_1_11' title="bbox 232 5176 2246 5298">
    <p class='ocr_par' dir='ltr' id='par_1_13' title="bbox 232 5176 2246 5298">
     <span class='ocr_line' id='line_1_98' title="bbox 259 5176 2246 5249; baseline 0.004 -22"><span class='ocrx_word' id='word_1_793' title='bbox 259 5238 265 5249; x_wconf 29' lang='lat'><strong><em>⁵</em></strong></span> <span class='ocrx_word' id='word_1_794' title='bbox 1337 5178 1373 5243; x_wconf 85' lang='grc'><strong>1)</strong></span> <span class='ocrx_word' id='word_1_795' title='bbox 1384 5177 1484 5231; x_wconf 80' lang='lat' dir='ltr'><strong>Hamil.</strong></span> <span class='ocrx_word' id='word_1_796' title='bbox 1504 5176 1538 5228; x_wconf 87' lang='lat' dir='ltr'><strong>de</strong></span> <span class='ocrx_word' id='word_1_797' title='bbox 1556 5176 1656 5245; x_wconf 86' lang='lat' dir='ltr'><strong>prodit.</strong></span> <span class='ocrx_word' id='word_1_798' title='bbox 1675 5179 1768 5233; x_wconf 89' lang='lat' dir='ltr'><strong>Iudae.</strong></span> <span class='ocrx_word' id='word_1_799' title='bbox 1837 5178 1868 5246; x_wconf 68' lang='lat'><strong>2)</strong></span> <span class='ocrx_word' id='word_1_800' title='bbox 1885 5180 1986 5234; x_wconf 86' lang='lat' dir='ltr'><strong>Homil.</strong></span> <span class='ocrx_word' id='word_1_801' title='bbox 2006 5178 2047 5233; x_wconf 74' lang='lat' dir='ltr'><strong>lu</strong></span> <span class='ocrx_word' id='word_1_802' title='bbox 2071 5182 2097 5234; x_wconf 86' lang='lat' dir='ltr'><strong>in</strong></span> <span class='ocrx_word' id='word_1_803' title='bbox 2117 5181 2246 5235; x_wconf 83' lang='lat' dir='ltr'><strong>Genesin.</strong></span> 
     </span>
     <span class='ocr_line' id='line_1_99' title="bbox 232 5236 609 5298; baseline 0.019 -7"><span class='ocrx_word' id='word_1_804' title='bbox 232 5236 293 5291; x_wconf 75' lang='lat' dir='ltr'><strong>Irrb.</strong></span> <span class='ocrx_word' id='word_1_805' title='bbox 311 5236 388 5292; x_wconf 67' lang='lat' dir='ltr'><strong>aaa</strong></span> <span class='ocrx_word' id='word_1_806' title='bbox 407 5240 469 5294; x_wconf 83' lang='lat' dir='ltr'><strong>Nat.</strong></span> <span class='ocrx_word' id='word_1_807' title='bbox 488 5242 609 5298; x_wconf 85' lang='lat' dir='ltr'><strong>deorum.</strong></span> 
     </span>
    </p>
   </div>
   <div class='ocr_carea' id='block_1_12' title="bbox 1263 5242 1961 5318">
    <p class='ocr_par' dir='ltr' id='par_1_14' title="bbox 1263 5242 1961 5318">
     <span class='ocr_line' id='line_1_100' title="bbox 1263 5242 1961 5318; baseline 0.003 -17"><span class='ocrx_word' id='word_1_808' title='bbox 1263 5246 1295 5315; x_wconf 84' lang='grc'><strong>3)</strong></span> <span class='ocrx_word' id='word_1_809' title='bbox 1312 5246 1414 5301; x_wconf 77' lang='lat' dir='ltr'><strong>nomn.</strong></span> <span class='ocrx_word' id='word_1_810' title='bbox 1429 5243 1472 5298; x_wconf 71' lang='lat'><strong>62.</strong></span> <span class='ocrx_word' id='word_1_811' title='bbox 1542 5242 1573 5310; x_wconf 82' lang='lat'><strong>4)</strong></span> <span class='ocrx_word' id='word_1_812' title='bbox 1592 5245 1696 5318; x_wconf 78' lang='lat' dir='ltr'><strong>Dialog.</strong></span> <span class='ocrx_word' id='word_1_813' title='bbox 1714 5247 1739 5302; x_wconf 77' lang='grc'><strong>8.</strong></span> <span class='ocrx_word' id='word_1_814' title='bbox 1757 5256 1853 5303; x_wconf 81' lang='grc' dir='ltr'>οοιιιη</span> <span class='ocrx_word' id='word_1_815' title='bbox 1870 5249 1961 5318; x_wconf 75' lang='lat' dir='ltr'><strong>Peleg.</strong></span> 
     </span>
    </p>
   </div>
   <div class='ocr_carea' id='block_1_13' title="bbox 0 0 2340 5842">
    <p class='ocr_par' dir='ltr' id='par_1_15' title="bbox 0 0 2340 5842">
     <span class='ocr_line' id='line_1_101' title="bbox 0 0 2340 5842; baseline 0 0"><span class='ocrx_word' id='word_1_816' title='bbox 0 0 2340 5842; x_wconf 95' lang='lat' dir='ltr'><strong> </strong></span> 
     </span>
    </p>
   </div>
  </div>
 </body>
</html>
