4672 5842
243 313 303 374 127
891 304 1157 371 INSTITU'PIO
1179 305 1284 372 REI..
1307 303 1488 371 OHRISr.
1515 309 1607 368 1559.
1715 354 1718 359 .
1764 352 1769 361 .
2189 303 2251 366 128

242 494 1334 583 6661166166161116161616166111661,616611161666161116611161
1360 502 1542 576 oppugnat,
1577 493 1684 557 lucem
1713 493 1856 558 tenebris
1884 493 2050 570 obscurat,
2081 493 2251 556 hominnm

241 584 499 661 refertissimum,
521 581 690 666 pugnandi
712 579 1144 662 6616611661166111166161661
1162 602 1219 644 66-
1270 588 1396 644 mentes
1413 580 1559 663 implicat
1576 578 1749 655 erroribus,
1768 579 1842 642 odia
1860 580 2002 655 suscitat,
2025 580 2251 644 contentiones

242 671 292 735 bis
322 668 450 734 assidue
471 669 643 733 imminere
665 668 873 749 praemoniti,
899 688 964 730 non
995 666 1141 731 66661116
1165 666 1219 730 161
1271 689 1308 732 ae
1341 688 1470 749 pugnas
1496 665 1657 743 accendit;
1690 665 1801 728 omnia
1827 666 1862 729 in
1890 686 1964 728 eum
1993 667 2093 729 finem
2122 672 2159 728 ut
2186 667 2251 731 Dei

241 757 375 841 ignavia
398 756 538 839 opprimi
555 776 616 819 666
634 754 789 829 61661666,
813 752 870 816 661
888 775 930 815 er
947 753 1084 816 6116166
1103 752 1219 816 6166116
1271 775 1409 835 regnum
1427 759 1562 829 evertat,
1586 752 1735 815 homines
1757 752 1792 814 in
1814 760 1983 815 aeternum
2006 751 2177 815 interitum
2200 774 2251 817 se-

242 843 457 922 excitatisque
480 841 598 904 animis
621 840 736 923 pedem
759 840 898 921 figamus
921 838 962 901 61
984 838 1220 915 166161661661;
1271 859 1346 904 6616
1364 838 1540 921 demergat
1574 837 1815 914 Undecenstat,
1839 839 1948 919 ipsum
1964 846 2084 901 natura
2100 858 2250 919 pravum,

242 935 276 993 et
297 929 376 1010 quia
396 928 477 991 11666
497 927 613 990 militia
636 949 702 988 666
723 925 787 988 6161
809 938 914 987 166116
932 925 1056 1001 finitur,
1082 923 1123 988 ad
1147 946 1217 1006 per·
1271 925 1455 1006 malignum
1478 945 1515 988 ac
1537 924 1739 988 malitiosum
1762 946 1840 988 6666.
1887 923 1972 986 Nam
1993 925 2029 986 in
2051 944 2088 986 66
2108 925 2250 1005 ingenie,

243 1014 463 1080 severantiam
494 1035 553 1077 nos
579 1012 755 1075 hortemur.
803 1011 983 1092 Praecipue
1012 1031 1089 1074 vere
1117 1011 1220 1073 imbe-
1271 1010 1356 1092 quod
1379 1008 1421 1074 ad
1443 1010 1581 1093 gloriam
1599 1011 1663 1074 Dei
1685 1018 1718 1074 61
1739 1010 1908 1073 hominum
1932 1009 2071 1073 salutem
2091 1010 2252 1092 11666166-

243 1101 389 1167 6111116116
411 1110 444 1163 61
461 1098 614 1162 ruditatis
632 1108 762 1161 nestrae
780 1097 873 1160 nobis
891 1098 1020 1169 conscii,
1044 1097 1108 1159 Dei
1126 1118 1220 1178 opem
1244 1074 1247 1177 l
1272 1096 1347 1159 dam
1375 1097 1497 1160 factum
1520 1105 1584 1174 est,
1616 1118 1777 1160 summam
1805 1097 2003 1178 pravitatem
2025 1115 2096 1159 esse
2115 1104 2250 1177 eportet.

242 1188 446 1260 invocemus,
475 1206 534 1249 666
562 1183 737 1265 quidquam
765 1190 930 1245 tentemus
952 1183 1014 1246 6161
1038 1182 1107 1264 1666
1130 1183 1218 1246 freti:
1244 1182 1248 1311 )
1273 1182 1345 1246 Η66
1366 1183 1464 1246 etiam
1488 1183 1653 1264 signifieat
1674 1182 1814 1246 Ioannes
1835 1182 1870 1244 in
1893 1181 2030 1264 epistola
2052 1203 2111 1245 sua
2134 1185 2184 1263 (3,
2204 1183 2251 1265 8),

242 1271 372 1356 quando
405 1271 507 1352 ipsius
540 1279 588 1333 est
616 1268 716 1332 solius
743 1277 776 1330 et
802 1268 973 1332 consilium
1001 1276 1032 1330 et
1062 1269 1161 1333 robur
1189 1276 1222 1330 et
1272 1290 1373 1350 quum
1400 1269 1512 1332 scribit
1539 1290 1614 1332 eum
1643 1267 1684 1332 ab
1704 1269 1797 1331 initio
1819 1288 1961 1349 peccare.
2008 1265 2178 1348 Siquidem
2199 1269 2252 1332 in·

244 1360 370 1423 animos
393 1365 426 1420 61
448 1377 540 1419 61616
561 1353 818 1418 subministrare.
1245 1314 1248 1405 1
1272 1354 1407 1437 telligit,
1438 1356 1546 1436 ipsum
1564 1355 1669 1418 omnis
1688 1354 1832 1419 malitiae
1849 1361 1882 1418 61
1898 1355 2079 1436 iniquitatis
2093 1365 2251 1430 66161661,

334 1447 380 1505 14.
426 1441 499 1521 Quo
528 1450 636 1504 autem
666 1439 706 1503 ad
729 1439 762 1502 id
785 1439 949 1521 agendum
972 1440 1078 1521 magis
1100 1440 1221 1503 excite·
1245 1442 1248 1513 l
1274 1439 1398 1517 ducem,
1423 1440 1646 1505 architectum.

243 1550 320 1592 mur
341 1548 378 1590 ac
400 1549 585 1610 urgeamur,
608 1546 676 1588 666
696 1525 1221 1608 661111166161161661661666-
1364 1531 1410 1590 lc.
1455 1526 1558 1608 Atqui
1586 1547 1687 1609 quum
1716 1549 1736 1589 6
1755 1526 1826 1589 Deo
1855 1525 2006 1590 conditus
2030 1526 2073 1589 611
2094 1525 2251 1603 diabolus,

245 1635 299 1679 eos
322 1615 443 1688 hostes,
468 1613 523 1677 661
546 1633 682 1694 magnas
706 1633 776 1675 esse
797 1613 904 1693 copias
925 1610 1099 1674 denuntiat
1119 1613 1222 1694 scrip·
1273 1612 1358 1677 hene
1380 1612 1540 1677 malitiam
1557 1633 1657 1693 quarn
1674 1612 1744 1676 eius
1762 1620 1898 1675 naturae
1916 1612 2098 1687 tribuimus,
2121 1633 2187 1675 nen
2209 1634 2254 1677 ex

243 1707 326 1776 tura,
349 1721 431 1780 6666
454 1699 621 1763 nobiscum
644 1697 766 1761 bollum
789 1706 917 1779 gerunt.
951 1697 1036 1760 Nam
1059 1706 1093 1760 et
1114 1698 1222 1762 Maria
1273 1699 1451 1776 creatione,
1485 1697 1541 1762 661
1570 1721 1611 1762 ex
1639 1697 1870 1779 depravatione
1897 1719 1967 1762 esse
1994 1698 2249 1762 meminerimus.

242 1784 442 1868 Magdalena
471 1784 591 1849 1161116·
618 1783 755 1847 liberata
779 1784 878 1847 fuisso
901 1805 921 1847 6
943 1791 1068 1864 septem
1090 1783 1222 1848 daemo·
1274 1783 1441 1865 Quidquid
1463 1785 1550 1848 enim
1573 1783 1757 1848 damnabile
1776 1783 1883 1860 habet,
1907 1784 2084 1847 defectione
2106 1791 2139 1847 61
2156 1783 2251 1866 lapsu

242 1868 1222 1952 6116661166666666116161(Μ616.111,11);61111616666
1274 1871 1333 1935 sibi
1364 1871 1543 1934 accersivit.
1589 1868 1684 1949 Quod
1714 1869 1786 1933 ideo
1813 1891 1872 1933 666
1900 1870 2053 1933 61166661
2080 1871 2250 1951 scriptura,

243 1955 445 2021 ordinarium
471 1954 1106 2038 16616161011116166(11611111213),
1136 1954 1221 2037 6661
1274 1978 1315 2020 66
1343 1956 1441 2019 161616
1470 1956 1640 2021 616166166
1668 1978 1688 2019 6
1715 1956 1788 2018 Deo
1815 1955 1987 2036 prodiisse,
2018 1956 2171 2036 11661661
2195 1956 2253 2018 ad·

242 2043 270 2108 si
298 2043 399 2106 eiecto
428 2041 527 2106 semel
556 2041 727 2105 daemonio
756 2040 862 2104 166616
889 2043 1008 2105 1161616
1036 2042 1221 2123 6616166166,
1274 2042 1455 2107 scribamus
1473 2041 1558 2124 quod
1577 2049 1627 2105 661
1645 2042 1685 2106 eb
1704 2063 1741 2105 66
1760 2041 2003 2106 61166166116661.
2036 2042 2109 2106 Hac
2126 2042 2253 2105 ratione

241 2138 367 2210 septem
397 2129 531 2209 66111166
558 2128 727 2208 nequiores
756 2148 866 2190 66611111
897 2128 1048 2203 assumit,
1079 2127 1223 2191 6616111
1274 2127 1448 2192 166661161
1470 2128 1624 2192 Christus
1646 2126 1776 2211 (Ioann.
1797 2127 1910 2210 1141)
1937 2136 2087 2191 66166616
2114 2149 2253 2209 611616-

241 2214 276 2277 in
309 2215 543 2295 possessionem
577 2234 724 2277 1666661.
783 2213 855 2275 1166
887 2213 972 2294 legio
1005 2222 1072 2276 tota
1105 2212 1223 2277 dicitur
1274 2215 1356 2296 priis
1379 2214 1474 2295 loqui,
1498 2236 1599 2296 quum
1620 2214 1827 2278 mendacium
1849 2214 2007 2295 loquitur;
2037 2221 2070 2276 et
2092 2214 2254 2277 rationem

242 2299 669 2451 61166.8,30)1161616661
699 2320 801 2361 unum
830 2298 1002 2363 obsedisse.
1052 2300 1115 2363 His
1144 2321 1222 2382 ergo
1273 2302 1380 2382 ponit,
1407 2301 1483 2381 6616
1510 2321 1576 2363 666
1603 2301 1694 2363 stetit
1721 2301 1925 2364 inveritate.
1972 2298 2069 2363 Certe
2096 2320 2198 2380 quum
2219 2299 2254 2363 in

265 2407 410 2462 6666161,
440 2407 514 2450 6661
544 2385 674 2448 infinita
702 2383 845 2447 hostiurn
867 2384 1076 2449 multitudine
1098 2384 1222 2448 bellan·
1246 2434 1250 2473 ,
1275 2387 1414 2451 16111616
1445 2386 1626 2468 perstitisse
1658 2396 1772 2468 negat,
1806 2387 1915 2449 innuit
1947 2385 2121 2466 6116116616
2152 2386 2188 2448 16
2215 2405 2255 2448 66

242 2470 322 2536 1661
345 2471 439 2535 nobis
461 2493 546 2550 esse;
577 2493 627 2548 ne,
650 2471 812 2552 paucitate
838 2478 1032 2552 contempta,
1057 2473 1158 2536 simus
1181 2471 1222 2534 ad
1274 2473 1388 2537 fluisse:
1412 2480 1445 2535 et
1466 2493 1567 2553 66616
1590 2479 1717 2553 putrem
1737 2472 1816 2534 16611
1837 2470 2007 2547 mendacii,
2031 2471 2092 2536 1166
2113 2471 2162 2534 illi
2185 2469 2254 2534 adi-

241 2557 402 2640 proelium
436 2557 650 2631 remissiores,
688 2556 739 2620 vel
772 2556 1045 2621 intermissionem
1079 2557 1221 2639 aliquam
1274 2559 1336 2621 mit
1364 2580 1405 2622 66
1427 2558 1498 2621 Deo
1526 2558 1643 2628 vitium
1671 2559 1822 2639 imputet,
1850 2559 1942 2622 cuius
1969 2558 2038 2640 ipse
2067 2556 2128 2621 sibi
2155 2578 2255 2621 66666

241 2642 312 2707 1611
336 2642 428 2706 nobis
451 2642 616 2706 interdum
643 2651 795 2724 putantes
818 2642 961 2706 desidiae
983 2642 1220 2726 indulgeamus.
1274 2645 1343 2708 fuit.
1379 2642 1576 2726 Quanquam
1599 2650 1710 2706 autern
1733 2643 1813 2707 haec
1834 2643 1977 2708 breviter
1994 2651 2072 2707 61161
2094 2643 2255 2707 etminus

242 2727 339 2810 Quod
361 2737 471 2792 autern
494 2729 653 2811 singulari
675 2749 812 2792 numero
830 2750 926 2810 saepe
949 2751 1034 2792 unus
1052 2739 1147 2792 satan
1170 2729 1222 2793 vel
1274 2729 1486 2806 6161611616,
1517 2728 1559 2792 61
1587 2729 1619 2792 11
1649 2739 1760 2793 tamen
1790 2729 1918 2793 abunde
1942 2729 2109 2794 sufficiunt
2131 2737 2169 2791 ut
2190 2729 2254 2792 Dei

242 2814 390 2880 diabolus
410 2816 612 2897 proponitur,
637 2815 670 2877 in
691 2835 728 2877 eo
751 2814 925 2878 denotatur
945 2815 1145 2896 principatus
1167 2814 1223 2879 ille
1274 2817 1428 2880 maiestas
1462 2815 1501 2880 ab
1534 2815 1622 2878 omni
1657 2815 1822 2879 calumnia
1856 2815 2048 2880 vindicetur.
2098 2815 2145 2878 Et
2176 2815 2255 2896 quid

241 2901 421 2982 iniquitatis
444 2903 498 2981 qui
523 2900 716 2965 adversatur
739 2922 839 2983 regno
862 2901 1013 2964 iustitiae.
1056 2899 1222 2980 11666161-
1275 2900 1855 2982 666116161611,16161616,16116
1877 2902 1978 2965 611166
1999 2903 2100 2964 finem
2122 2899 2161 2964 dc
2184 2900 2255 2964 dia-

240 2985 376 3051 medum
404 2987 491 3049 enim
522 2986 657 3051 ecclesia
683 2994 717 3048 ct
744 2994 931 3050 sauctorum
959 2988 1095 3051 66616166
1124 2986 1222 3051 Chri·
1274 2987 1356 3052 belis
1374 2987 1478 3052 scire?
1524 2987 1687 3050 Fremunt
1709 2987 1860 3051 nonnulli
1888 2987 1974 3068 quod
2000 3009 2065 3051 nou
2088 2985 2201 3050 ordine
2222 2994 2256 3050 et

242 3078 330 3136 stum
352 3071 452 3135 habet
471 3084 584 3155 caput,
607 3073 653 3134 ita
675 3072 984 3153 1166161661166116,
1014 3083 1047 3136 61
1068 3074 1139 3154 ipsa
1160 3074 1222 3136 im·
1275 3072 1427 3138 distincte
1459 3072 1589 3155 lapsum
1623 3071 1732 3147 illurn,
1767 3074 1899 3155 eiusque
1930 3093 2075 3151 causam,
2109 3071 2253 3151 modurn,

240 3156 1029 3241 616166666166661166166661161661661161,
1055 3159 1110 3240 qui
1133 3180 1222 3222 sum·
1275 3167 1417 3242 tempus,
1440 3161 1592 3240 speciem
1623 3158 1772 3240 pluribus
1800 3159 1878 3223 locis
1911 3161 2073 3241 scriptura
2099 3167 2252 3238 exponat.

241 3264 335 3306 mum
363 3243 537 3325 imperium
566 3244 631 3308 illie
654 3244 806 3308 obtineat.
853 3242 928 3323 Qua
950 3245 1075 3308 ratione
1098 3244 1222 3309 dietum
1275 3244 1342 3309 Sed
1360 3246 1436 3328 61116
1459 3244 1539 3308 haec
1561 3244 1644 3308 nihil
1665 3244 1793 3321 61666,
1817 3245 1934 3309 6161166
1952 3245 2022 3323 fuit,
2045 3245 2156 3309 sinen
2174 3243 2252 3307 sub-

242 3336 293 3393 est
325 3327 406 3392 illud
434 3328 568 3413 (Matth.
596 3333 651 3406 25,
677 3327 748 3413 ll):
785 3331 829 3392 116
857 3330 1022 3394 maledicti
1048 3331 1084 3393 in
1111 3332 1222 3413 ignem
1274 3332 1366 3395 ticcri
1395 3332 1429 3394 in
1458 3338 1577 3408 totum,
1612 3338 1646 3394 et
1672 3341 1761 3395 certe
1787 3330 1905 3395 leviter
1927 3332 2059 3413 attingi;
2092 3330 2168 3411 quia
2190 3351 2252 3396 666

243 3423 427 3493 aeternum,
462 3416 518 3497 qui
548 3423 760 3498 praeparatus
793 3425 843 3480 661
873 3416 999 3481 diabolo
1032 3425 1065 3480 et
1098 3417 1222 3500 angelis
1275 3418 1391 3499 spiritu
1424 3424 1536 3481 666616
1564 3416 1699 3498 dignum
1727 3417 1802 3495 fuit,
1837 3418 1990 3483 inanibus
2013 3416 2157 3480 historiis
2179 3416 2252 3481 6166

243 3501 323 3565 cius.
1274 3504 1383 3568 fructu
1413 3503 1633 3568 curiositatem
1661 3523 1807 3585 pascere:
1844 3511 1877 3566 et
1897 3503 2046 3568 videmus
2069 3502 2130 3566 hoc
2151 3502 2252 3566 fuisse

333 3591 380 3648 15.
426 3585 499 3650 Hoe
531 3607 657 3668 666666
691 3586 732 3650 61
764 3595 959 3669 perpetuum
992 3609 1066 3652 cum
1095 3586 1222 3652 diabolo
1274 3589 1416 3653 Domino
1448 3589 1665 3671 propositum,
1699 3588 1782 3652 611111
1815 3590 1850 3652 16
1878 3590 1978 3653 sacris
2012 3590 2078 3653 suis
2112 3588 2251 3652 61666116

243 3679 408 3736 certamen
427 3671 603 3736 accendere
624 3693 683 3737 nos
702 3673 805 3751 debet,
829 3672 915 3756 qued
934 3673 1140 3738 adversarius
1157 3675 1222 3738 Dei
1274 3675 1420 3752 tradere,
1453 3675 1539 3756 qued
1578 3696 1643 3738 non
1677 3674 1719 3738 ad
1752 3674 2008 3739 aedificationem
2041 3674 2249 3738 disceremus.

243 3766 276 3822 et
302 3766 413 3822 noster
439 3758 559 3839 ubique
590 3757 717 3823 dicitur.
762 3760 848 3823 Nam
877 3761 905 3823 61
934 3758 1023 3824 cordi
1051 3760 1143 3823 nobis
1172 3769 1222 3823 est
1274 3762 1379 3843 Ergo,
1408 3758 2252 3842 16666611666161661161166166161,6661661161-

242 3844 307 3908 Ι)61
331 3844 449 3926 gloria,
480 3856 517 3907 ut
537 3865 598 3925 par
618 3855 681 3922 cst,
716 3846 792 3909 totis
814 3844 939 3908 viribus
967 3845 1124 3910 adversus
1146 3867 1221 3909 eum
1273 3869 1346 3910 mus
1379 3847 1441 3912 1166
1472 3847 1618 3912 breviter
1651 3845 1772 3911 babere
1810 3846 1850 3911 de
1882 3847 2084 3911 diabolorum
2116 3852 2250 3909 natura:

243 3929 431 3993 enitendum
462 3937 512 3993 est
538 3931 594 4011 qui
615 3929 703 3994 illius
725 3931 973 3996 exstinctionem
995 3931 1136 3995 molitur.
1183 3930 1220 3996 Si
1273 3933 1372 3998 fuisse
1404 3934 1511 4014 prima
1543 3933 1705 3996 creatione
1737 3933 1870 4015 angelos
1903 3934 1983 4010 Dei,
2021 3931 2077 3996 sed
2112 3931 2253 4014 degene—

243 4014 284 4080 ad
313 4036 451 4097 regnum
480 4015 605 4080 Christi
632 4016 842 4081 asserendum
871 4018 1007 4081 animati
1039 4039 1152 4081 sumus
1184 4025 1222 4081 ut
1272 4018 1377 4083 rande
1399 4040 1433 4082 se
1455 4018 1635 4101 perdidisse
1661 4019 1787 4083 6161116
1813 4020 1915 4084 factos
1938 4019 2254 4083 6666166116616616

243 4109 384 4183 oportet,
418 4123 550 4167 6666666
579 4111 630 4167 661
662 4103 754 4167 nobis
786 4103 1052 4168 irreconciliabile
1080 4125 1154 4168 curn
1183 4125 1220 4166 ee
1272 4103 1471 4187 perditionis.
1506 4105 1579 4169 Hoc
1601 4105 1678 4186 quia
1700 4104 1779 4168 utile
1800 4106 1933 4188 cognitu
1955 4110 2035 4180 6161,
2058 4104 2146 4167 61616
2164 4102 2253 4187 6661

241 4186 1040 4271 1116616666661161111661616661666661161.
1080 4190 1219 4269 1161666,
1273 4191 1410 4255 Ρ611616
1440 4199 1473 4254 61
1500 4189 1618 4254 Iudam
1646 4189 1779 4255 docetm·
1806 4191 1839 4276 (2
1859 4191 1948 4254 Petr.
1970 4194 2003 4265 2,
2023 4195 2057 4268 43
2080 4189 2251 4273 Iudaeti).

241 4274 270 4338 61
292 4295 356 4355 6116
378 4273 493 4338 6616116
515 4283 645 4338 6661166
668 4297 747 4339 cura
768 4296 829 4339 nos
852 4276 966 4357 tangit,
992 4295 1052 4340 nec
1073 4297 1138 4357 pax
1161 4298 1220 4341 nec
1273 4277 1426 4360 Angelis,
1459 4277 1629 4359 inquiunt,
1662 4278 1717 4359 qui
1745 4283 1959 4358 peccaverant
1986 4298 2047 4340 nec
2080 4285 2253 4340 servarant

240 4358 391 4424 induciae
416 4381 491 4424 cum
514 4382 551 4423 66
573 4359 666 4425 nobis
688 4382 758 4424 esse
780 4360 907 4439 debent,
930 4361 986 4442 qui
1007 4361 1042 4425 in
1061 4362 1130 4425 6166
1146 4383 1220 4443 per·
1272 4385 1368 4427 66661
1394 4363 1568 4445 originem,
1604 4362 1661 4426 sed
1688 4363 1888 4444 reliquerant
1915 4385 2010 4426 sunm
2039 4361 2249 4438 domicilium,

240 4445 360 4511 niciam
386 4444 514 4510 assidue
535 4446 670 4510 insidias
696 4446 809 4510 166111.
855 4447 944 4511 Talis
968 4456 1078 4511 autem
1099 4446 1219 4512 deseri·
1272 4471 1338 4513 non
1359 4448 1505 4531 pepercit
1526 4448 1627 4513 Deus.
1672 4449 1716 4513 Et
1740 4449 1862 4512 Paulas
1884 4449 1987 4513 eleetos
2008 4447 2132 4530 6666166
2153 4448 2252 4510 66161-

240 4532 329 4596 bitur
352 4533 519 4596 (16666666
544 4554 612 4614 666.
638 4536 665 4595 3.
696 4531 751 4597 ubi
779 4532 945 4596 bominem
973 4534 1013 4597 ab
1036 4533 1219 4598 obedientia
1271 4535 1396 4618 aeris(l
1413 4535 1495 4599 Tim.
1511 4540 1538 4612 5,
1552 4534 1618 4620 21),
1642 4535 1728 4599 laud
1744 4535 1834 4598 dubie
1850 4534 1992 4614 reprobes
2009 4536 2098 4598 terite
2116 4534 2250 4614 6666611.

240 4638 338 4765 66616
357 4616 428 4681 Deo
451 4617 589 4683 debebat
611 4618 751 4697 abducit,
775 4627 812 4683 ut
833 4619 931 4684 simul
952 4626 985 4684 et
1003 4621 1112 4683 Deum
1133 4621 1219 4684 16616
1361 4625 1408 4685 17.
1455 4619 1625 4701 Quantum
1653 4642 1730 4685 vero
1759 4619 1800 4682 61
1828 4619 2021 4685 discordiam
2048 4629 2081 4684 et
2101 4640 2250 4703 pugnarn

265 4722 365 4766 onore
386 4703 518 4786 6661161,
542 4713 575 4769 61
597 4705 764 4769 hominem
786 4707 893 4786 ipsum
914 4705 950 4768 in
972 4707 1103 4770 ruinam
1124 4727 1219 4787 prae·
1271 4708 1388 4772 attinet
1419 4729 1518 4790 quam
1551 4715 1684 4772 satanae
1716 4726 1791 4770 cum
1818 4708 1890 4770 Dee
1917 4728 1988 4771 6666
2016 4706 2166 4780 11611666,
2201 4705 2249 4769 616

240 4788 359 4869 6161161.
404 4789 492 4853 Talis
525 4792 624 4855 ctiam
655 4792 691 4854 in
722 4791 946 4874 evangelistis,
979 4792 1034 4856 ubi
1067 4792 1218 4857 inimicus
1271 4795 1416 4876 accipere
1444 4802 1588 4877 oportet,
1623 4800 1660 4855 ut
1691 4792 1795 4854 fixum
1827 4793 1962 4857 interim
1992 4791 2073 4857 illud
2104 4797 2248 4868 maneat,

240 4878 376 4936 vocatur
394 4872 527 4954 (Matth.
551 4880 598 4954 13,
620 4877 684 4960 28),
708 4885 741 4940 61
762 4899 916 4961 spargere
937 4878 1062 4942 zizania
1084 4876 1126 4941 ad
1147 4899 1217 4943 ccr-
1271 4880 1379 4960 illum,
1411 4882 1476 4945 nisi
1503 4879 1632 4944 1616616
1659 4887 1693 4940 61
1720 4889 1885 4942 66666616
1912 4880 1999 4957 Dee,
2032 4877 2116 4943 nihil
2139 4877 2248 4941 facere

240 4957 460 5039 rumpendum
484 4961 571 5023 vitae
594 4968 744 5026 aeternae
767 4984 878 5027 semen
897 4963 1024 5028 dicitur.
1065 4964 1107 5027 In
1129 4986 1217 5028 sum·
1270 4986 1372 5047 pesse.
1423 4966 1583 5047 Legimus
1615 4963 1703 5026 enim
1735 4963 1770 5026 in
1803 4964 1939 5028 historia
1970 4966 2045 5044 Iob,
2083 4964 2179 5027 illum
2212 4985 2248 5027 se

240 5064 310 5119 166,
340 5043 427 5125 6661
455 5042 494 5107 16
523 5046 592 5127 1666
616 5054 754 5111 16616161
776 5048 930 5113 Christus
952 5049 1077 5132 (loann.
1098 5054 1131 5126 8,
1149 5052 1216 5133 41),
1270 5053 1385 5117 sistere
1406 5070 1515 5116 coram
1536 5049 1608 5112 Deo
1629 5047 1672 5112 ad
1693 5050 1885 5132 excipienda
1906 5051 2069 5129 mandata,
2091 5071 2152 5113 nec
2172 5071 2248 5131 per·

240 5129 281 5195 ab
299 5129 393 5193 initio
410 5129 509 5195 fuisso
527 5131 724 5196 homicidam
742 5141 775 5197 et
792 5134 992 5213 mendacem,
1013 5137 1048 5199 in
1066 5137 1217 5201 omnibus
1270 5159 1347 5222 gere
1369 5135 1488 5201 audere
1509 5132 1550 5197 ad
1571 5133 1699 5198 facinus
1721 5135 1850 5219 aliquod
1871 5137 2074 5212 obeundum,
2098 5136 2162 5200 nisi
2184 5136 2248 5199 im·

240 5215 310 5281 eius
342 5215 437 5282 factis
468 5218 663 5299 experimur.
708 5218 890 5284 Mendaciis
922 5223 1009 5286 enim
1044 5223 1218 5288 veritatem
1269 5228 1398 5306 patrata
1418 5219 1571 5286 facultate
1592 5220 1674 5304 (Iob.
1703 5223 1955 5307 1,6612,1).
2001 5220 2057 5288 Sic
2084 5228 2118 5285 et
2145 5243 2251 5304 quum
