4672 5842
160 274 169 319 '⁵'
212 317 275 380 aas
504 314 595 381 urs.
616 315 678 380 iv,
721 315 786 381 aa
808 313 1045 382 arrasum
1068 314 1237 383 smnus
1259 315 1324 381 ln
1348 314 1579 383 saturnu.
1625 316 1724 383 cnr.
1747 317 1807 382 vr.
1841 319 1921 384 vn.
2173 328 2237 391 aas

214 511 311 570 taxat
336 503 471 586 periculi
499 504 625 568 intuitu
652 505 734 569 fieri.
784 505 936 569 Primum
958 505 1060 588 igitur
1088 505 1199 570 locum
1252 505 1406 571 ecclesiae
1429 505 1604 571 vendicas?
1633 508 1820 590 ubicunque
1842 510 1942 574 hierit
1963 511 2143 593 episcopus,
2167 515 2237 582 sive

216 590 317 654 habet
343 591 378 652 in
407 589 672 658 chalcedonensi.
685 591 822 656 concilio
855 592 1002 673 pontifex
1031 612 1197 669 romanus,
1250 591 1388 668 Romae,
1407 593 1476 657 sive
1493 592 1649 675 Eugubii,
1669 593 1732 658 sivi
1748 593 2043 677 Constantinopoli,
2063 599 2132 663 sive
2145 599 2236 665 Rhe-

215 698 283 740 non
305 674 392 758 quod
415 675 483 740 sedi
501 677 563 741 hoo
582 676 748 755 debeatur,
768 677 825 742 sed
843 678 921 758 quia'
940 675 1087 760 synodus
1105 677 1199 760 gravi
1252 677 1313 760 gii,
1344 676 1493 742 eiusdem
1521 678 1633 742 meriti
1660 687 1710 743 est
1731 690 1765 743 et
1786 680 1933 746 eiusdem
1962 681 2150 748 sacerdotii:
2180 707 2237 768 po-

215 770 251 826 et
277 768 354 844 apto
383 761 588 826 moderatore
610 763 816 841 destituitur,
840 762 920 826 dum
948 764 972 826 ii
999 783 1081 846 quos
1104 784 1199 844 prae-
1253 763 1358 827 tentia
1381 763 1572 828 divitiarum
1598 772 1632 829 et
1659 768 1862 847 paupertatis
1891 767 2063 832 humilitas
2090 773 2237 852 superio-

216 868 288 913 esse
316 847 483 925 decuerat,
513 869 573 929 per
599 869 693 913 suam
719 849 947 931 intemperiem
970 857 1003 913 et
1031 848 1199 914 libidinem
1252 870 1323 913 rem
1345 849 1400 914 vel
1421 849 1609 914 inferiorem
1630 852 1817 934 episcopum
1840 874 1908 916 non
1930 853 2016 919 facit.

216 956 289 999 sese
309 933 379 998 loco
399 934 586 999 excludunt
631 936 741 1017 Atque
769 934 805 999 id
848 934 913 998 uod
941 934 1013 999 dico
1035 956 1200 1000 successor
1338 941 1367 998 4.
1413 935 1466 999 De
1486 935 1583 999 titulo
1616 938 1811 1003 universalis
1838 940 1981 1021 episcopi
2003 939 2156 1023 Gregorii
2179 941 2235 1006 de-

217 1020 341 1086 Leonis
368 1040 403 1083 re
437 1020 510 1102 ipsa
542 1021 776 1101 comprobavit.
826 956 1001 1102 hiquidem
1029 1042 1132 1103 quum
1159 1019 1202 1085 ad
1252 1041 1345 1084 mum
1373 1029 1518 1102 tempore
1548 1032 1661 1086 exorta
1683 1031 1733 1087 est
1754 1025 1930 1103 contentio;
1953 1026 2006 1090 cui
2030 1026 2233 1091 occasionem

218 1106 370 1188 quintam
391 1104 554 1188 synodum
577 1105 972 1188 constantinopolitanam,
998 1127 1081 1188 quae
1102 1106 1200 1188 longo
1252 1107 1406 1189 praebuit
1432 1105 1568 1170 ambitio
1596 1108 1729 1173 Ioannis
1757 1108 2120 1193 Constantinopolitani.
2173 1113 2235 1178 Hle

218 1199 294 1275 post
315 1199 462 1273 tempore
484 1199 535 1256 est
556 1192 682 1268 habita,
710 1192 835 1275 legatos
857 1213 934 1256 suos
955 1192 1110 1268 mitteret,
1134 1213 1202 1256 non
1254 1193 1343 1257 enim
1377 1191 1478 1275 (quod
1512 1214 1608 1257 nemo
1636 1215 1781 1276 unquam
1811 1196 1895 1260 alius
1927 1199 2129 1282 tentaverat)
2164 1221 2234 1264 sese

217 1279 346 1343 rixatus
372 1283 424 1341 est
451 1277 491 1341 de
521 1278 630 1360 prima
662 1278 754 1356 sede,
788 1277 846 1343 sed
874 1278 1033 1343 Mennam
1060 1278 1201 1359 patriar-
1253 1278 1384 1343 volebat
1404 1279 1512 1343 facere
1534 1280 1765 1361 universalem.
1811 1281 1852 1345 In
1874 1302 1914 1345 ea
1935 1283 2144 1348 contentione
2167 1306 2234 1349 non

217 1364 315 1428 cham
337 1363 728 1445 constantinopolitanum
754 1363 941 1446 praesidere
968 1363 1063 1428 facile
1084 1385 1201 1446 passus
1254 1372 1411 1428 causatur
1434 1364 1616 1447 Gregorius
1639 1366 1700 1430 sibi
1729 1367 1779 1430 ins
1802 1366 1902 1430 adimi
1926 1368 2010 1450 quod
2032 1370 2067 1432 in
2089 1391 2124 1434 se
2147 1391 2234 1434 com-

217 1459 277 1515 est.
318 1448 372 1513 Ita
392 1450 428 1512 in
450 1449 586 1515 concilio
608 1450 862 1534 carthaginensi,
886 1451 940 1514 cui
963 1449 1115 1513 interfuit
1130 1450 1201 1513 Au·
1252 1456 1395 1531 peteret;
1432 1449 1489 1513 sed
1524 1450 1651 1514 fortiter
1678 1450 1848 1531 reclamat,
1883 1453 2134 1535 appellationem
2163 1476 2234 1521 esse

218 1535 386 1619 gustinus,
417 1534 569 1600 videmus
598 1557 665 1600 non
691 1536 818 1619 legatos
840 1556 996 1600 romanae
1019 1533 1119 1613 sedis,
1143 1534 1201 1600 sed
1253 1537 1433 1618 protanam,
1457 1536 1523 1600 imo
1546 1537 1747 1620 sacrilegam,
1770 1539 1836 1615 imo
1858 1539 2046 1604 antichristi
2068 1561 2233 1621 praenun-

217 1620 393 1686 Aurelium
420 1620 481 1686 loci
503 1621 783 1704 archiepiscopum
804 1621 1001 1703 praefuisse,
1025 1642 1126 1702 quum
1149 1629 1200 1686 to·
1253 1622 1342 1685 tiam.
1395 1619 1529 1686 Corruit
1557 1623 1713 1687 universa
1741 1625 1877 1689 ecclesia
1907 1647 1927 1689 a
1959 1633 2048 1689 statu
2078 1646 2153 1700 suo,
2182 1629 2233 1690 in·

217 1729 294 1772 men
315 1707 358 1771 lis
380 1715 466 1771 esset
487 1707 528 1771 de
551 1708 679 1772 romani
704 1707 869 1790 pontificis
891 1708 1073 1771 autoritate.
1109 1705 1201 1786 Quin
1226 1726 1229 1741 ·
1253 1707 1337 1789 quit,
1353 1706 1377 1791 ¹)
1404 1708 1431 1771 si
1455 1709 1561 1790 requi
1584 1709 1781 1774 universalis
1803 1709 1923 1774 dicitur
1944 1709 2039 1776 cadit
2084 1711 2189 1775 Alibi:
2204 1712 2233 1794 ²)

217 1794 317 1858 etiam
341 1792 490 1857 habitum
511 1795 546 1857 in
573 1794 645 1875 ipsa
666 1794 764 1858 Italia
790 1794 852 1857 fuit
874 1793 1047 1858 concilium
1068 1793 1200 1857 univer-
1254 1794 1348 1858 triste
1370 1792 1464 1860 valde
1491 1803 1541 1858 est
1561 1795 1724 1876 patienter
1745 1797 1847 1872 ferre,
1862 1797 1909 1859 'ut
1930 1795 2080 1872 omnibus
2102 1796 2233 1879 despec-

218 1880 296 1957 sale,
311 1878 335 1963 ¹)
364 1880 417 1944 cui
447 1900 603 1943 mmanus
625 1881 795 1962 episcopus
818 1900 883 1943 non
905 1879 1064 1944 interfuit.
1098 1879 1201 1942 Prae-
1254 1879 1296 1943 tis
1328 1879 1430 1942 frater
1463 1889 1496 1943 et
1534 1881 1742 1962 eoepiscopus
1774 1889 1885 1960 noster
1925 1883 2012 1946 eolus
2045 1883 2234 1949 nominetur

219 1974 291 2030 erat
317 1962 527 2041 Ambrosius,
555 1967 610 2047 qui
638 1974 716 2031 tunc
743 1966 866 2048 insigni
894 1964 1072 2029 autoritate
1100 1964 1201 2045 polle-
1253 1966 1437 2047 episcopus:
1463 1964 1577 2029 sedin
1600 1966 1662 2030 hac
1684 1968 1754 2032 eius
1776 1968 1936 2050 superbia,
1960 1968 2038 2050 quid
2060 1967 2235 2034 aliudnisi

221 2051 276 2115 bat
303 2049 390 2132 apud
422 2049 606 2116 Caesarem.
658 2051 759 2116 Nulla
785 2050 852 2115 illio
881 2050 1044 2133 pontificis
1072 2050 1202 2114 romani
1253 2051 1439 2133 propinqua
1460 2053 1527 2115 iam
1548 2073 1619 2116 esse
1642 2053 1825 2117 antichristi
1849 2063 1997 2136 tempora
2019 2052 2232 2136 designatur?

218 2139 257 2202 fit
283 2137 415 2201 mentio.
466 2138 557 2219 Ergo
590 2146 671 2202 tunc
697 2135 864 2202 Ambrosii
892 2136 1053 2220 dignitate
1078 2136 1202 2200 factum
1254 2138 1331 2218 quia
1357 2135 1452 2200 illum
1474 2135 1625 2202 videlicet
1652 2138 1802 2202 imitatur
1823 2140 1879 2221 qui
1911 2148 2021 2221 spreta
2042 2140 2234 2222 angelorum

219 2230 270 2288 est
301 2231 339 2287 ut
369 2222 530 2287 illustrior
563 2234 649 2287 esset
689 2222 943 2287 mediolanensis
976 2221 1070 2287 sedes
1103 2241 1201 2303 quam
1255 2222 1418 2299 societate,
1442 2221 1617 2287 ascendere
1638 2233 1775 2289 conatus
1797 2234 1848 2290 est
1869 2224 1999 2290 culmen
2022 2225 2233 2307 singularita-

220 2329 363 2373 romana.
1254 2308 1306 2372 tis.
1352 2308 1442 2373 Alibi
1463 2308 1632 2394 Eulolio³)
1661 2310 1888 2375 Alexandrino
1910 2318 1943 2375 et
1964 2312 2139 2375 Anastasio
2162 2312 2232 2376 An-

307 2398 334 2458 3.
386 2393 559 2474 Quantum
586 2392 628 2457 ad
655 2395 763 2475 ipsum
793 2393 925 2457 titulum
958 2396 1134 2476 primatus,
1168 2403 1202 2457 et
1254 2394 1416 2458 tiocheno:
1431 2394 1461 2477 ⁴)
1484 2395 1593 2459 nullus
1615 2417 1761 2477 unquam
1781 2395 1988 2461 decessorum
2006 2418 2153 2460 meorum
2171 2396 2232 2469 hoc

221 2481 303 2546 alios
331 2480 502 2562 superbiae
530 2480 659 2558 titulos,
687 2478 806 2563 quibus
834 2501 922 2545 nunc
951 2479 1145 2544 mirabiliter
1166 2500 1201 2543 se
1254 2479 1390 2561 profano
1413 2480 1570 2545 vocabulo
1593 2483 1644 2545 uti
1673 2482 1791 2560 voluit;
1820 2483 1898 2564 quia
1919 2480 2074 2547 videlicet
2095 2483 2124 2547 si
2146 2503 2233 2546 unns

221 2570 334 2644 iactat,
364 2588 431 2632 non
453 2578 502 2630 est
530 2564 662 2631 difficile
689 2564 834 2630 iudicare
856 2564 985 2647 quando
1007 2576 1041 2629 et
1062 2566 1202 2647 qualiter
1254 2566 1442 2647 patriarcha
1463 2566 1658 2632 universalis
1680 2567 1806 2645 dicitur,
1829 2568 2089 2649 patriarcharum
2109 2585 2233 2632 nomen

218 2651 430 2736 obrepserint
481 2651 670 2735 Cyprianus
695 2672 792 2733 saepe
825 2653 976 2715 meminit
1008 2651 1163 2717 Cornelii.
1172 2653 1201 2736 ²)
1254 2652 1391 2716 caeteris
1431 2650 1615 2735 derogatur.
1672 2651 1740 2717 Sed
1779 2654 1863 2718 absit
1904 2654 1963 2718 hoc
1998 2675 2017 2717 a
2052 2653 2233 2719 christiana

219 2739 294 2804 Non
320 2739 384 2803 alio
411 2739 544 2804 nomine
571 2738 680 2821 ipsum
709 2738 772 2802 insi
820 2738 848 2800 it
870 2759 967 2819 quam
989 2739 1114 2814 fratris,
1143 2746 1202 2802 aut
1253 2741 1380 2814 mente,
1411 2737 1444 2801 id
1467 2736 1529 2803 sibi
1551 2737 1636 2802 velle
1657 2740 1842 2821 quempiam
1865 2759 2032 2822 arrogare,
2056 2736 2145 2802 unde
2167 2739 2232 2802 fra

219 2826 408 2908 coepiscopi,
432 2834 492 2889 aut
513 2823 665 2906 collegae.
695 2822 748 2888 Ad
798 2823 981 2905 tephanum
1000 2844 1201 2905 veroquam
1254 2831 1343 2886 trum
1365 2845 1501 2888 suorum
1519 2824 1676 2889 honorem
1699 2847 1740 2889 ex
1758 2824 2043 2906 quantulacunque
2060 2830 2153 2905 parte
2170 2825 2232 2887 im-

219 2912 341 2988 scribit,
365 2909 511 2975 Cornelii
533 2930 762 2987 successorem,
786 2930 853 2973 non
874 2907 1061 2974 modoeum
1085 2909 1202 2974 sibiet
1253 2910 1394 2988 minuat;
1422 2909 1457 2974 in
1484 2911 1546 2974 isto
1574 2909 1709 2975 scelesto
1740 2910 1896 2976 vocabulo
1924 2911 2119 2986 consentire,
2148 2909 2232 2973 nihil

221 2997 355 3078 reliquis
376 2996 546 3079 aequalem
567 2996 655 3069 lacit,
678 2995 736 3060 sed
758 2995 873 3060 durius
895 2996 995 3060 etiam
1017 2995 1200 3077 compellat,
1254 2994 1343 3059 aliud
1364 3016 1463 3078 quam
1488 2995 1587 3060 fidem
1608 2994 1745 3077 perdere
1770 3006 1827 3060 est.
1872 2995 1973 3060 Aliud
1995 3001 2054 3074 est,
2077 2995 2231 3080 inquit,⁶)
2311 3012 2320 3029 ⁴

221 3103 309 3146 nunc
328 3082 561 3167 arrogantiam,
580 3103 669 3147 nunc
687 3081 851 3146 inscitiam
869 3082 899 3144 ei
918 3082 1081 3146 obiiciens.
1119 3082 1202 3146 Post
1253 3080 1340 3164 quod
1368 3081 1610 3146 conservandae
1642 3083 1761 3146 unitati
1788 3081 1879 3159 fidei,
1907 3080 1997 3146 aliud
2025 3080 2113 3164 quod
2135 3079 2232 3145 debe·

221 3167 425 3251 (lyprianum
451 3166 612 3233 habemus
644 3166 724 3250 quid
753 3166 793 3232 de
823 3188 861 3231 ea
888 3189 924 3232 re
947 3167 1111 3233 censuerit
1132 3176 1202 3232 tota
1253 3186 1327 3232 mus
1339 3165 1601 3250 comprimendae
1619 3168 1751 3232 elationi
1758 3191 1766 3245 ;
1784 3187 1845 3250 ego
1863 3175 1975 3231 autem
1993 3165 2133 3230 fidenter
2150 3165 2231 3245 dico,

222 3254 358 3318 ecclesia
387 3254 541 3318 africana.
585 3253 704 3316 Vetuit
731 3255 819 3318 enim
841 3253 1016 3318 concilium
1038 3253 1202 3336 carthagi·
1254 3254 1330 3336 quia
1351 3254 1496 3336 quisquis
1519 3275 1554 3318 se
1575 3252 1794 3318 universalem
1819 3252 2023 3318 sacerdotem
2045 3260 2154 3331 vocat,
2179 3251 2233 3317 vel

223 3359 324 3403 nense
333 3340 363 3424 ⁸)
385 3360 427 3403 ne
449 3339 524 3422 quis
546 3339 698 3421 princeps
720 3338 927 3404 sacerdotum
949 3348 1123 3405 vocaretur
1144 3345 1203 3403 aut
1254 3339 1365 3403 vocari
1387 3339 1559 3417 desiderat,
1582 3341 1618 3402 in
1639 3338 1778 3403 elatione
1800 3360 1861 3403 sua
1882 3338 2115 3404 antichristum
2135 3358 2232 3419 prae-

222 3426 349 3507 primus
371 3426 554 3507 episcopus,
585 3423 642 3490 sed
664 3432 794 3490 tantum
822 3426 948 3507 primae
970 3424 1057 3491 sedis
1079 3425 1201 3507 episco-
1254 3426 1365 3502 omrit,
1378 3427 1455 3506 quia
1468 3423 1683 3507 superbiendo
1702 3424 2075 3506 secaeterispraeponit.
2098 3423 2194 3503 Item,
2203 3422 2232 3507 6)

222 3532 293 3593 pus.
338 3509 435 3590 Quod
462 3511 490 3575 si
517 3512 696 3576 vetustiora
722 3520 936 3576 monumenta
962 3513 1035 3594 quis
1063 3511 1201 3589 evolvat,
1254 3532 1385 3575 rursum
1398 3511 1572 3577 Anastasio
1583 3510 1825 3574 Alexandrino:
1845 3510 1916 3575 dixi
1933 3531 2046 3593 pacem
2062 3508 2233 3574 nobiscum

223 3597 365 3678 reperiet
398 3597 566 3662 communi
603 3597 715 3662 fratris
750 3597 967 3680 appellatione
1010 3606 1202 3664 contentum
1254 3596 1374 3662 habere
1395 3618 1463 3663 non
1483 3616 1586 3679 posse,
1609 3596 1672 3660 nisi
1695 3595 1869 3661 elationem
1887 3596 2104 3679 superstitiosi
2121 3617 2159 3660 ae
2177 3616 2232 3658 su-

223 3691 304 3748 tunc
331 3683 432 3747 tuisse
464 3703 637 3747 romanum
669 3684 865 3766 episcopum.
917 3682 1015 3749 Certe
1045 3682 1199 3765 quamdiu
1252 3680 1346 3764 perbi
1366 3682 1514 3749 vocabuli
1536 3683 1722 3766 corrigeret,
1745 3703 1843 3763 quam
1865 3683 1992 3765 primus
2014 3690 2162 3762 apostata
2179 3681 2231 3743 in·

223 3767 357 3833 duravit
383 3767 538 3833 ecclesiae
565 3789 644 3833 vera
675 3778 710 3834 et
739 3790 824 3852 pura
850 3769 966 3847 facies,
999 3769 1064 3834 ista
1091 3769 1202 3832 omnia
1252 3766 1358 3832 venit:
1381 3776 1477 3851 atque
1499 3768 1551 3851 (ut
1573 3767 1612 3832 de
1631 3767 1765 3833 honoris
1783 3768 1886 3833 vestm
1903 3768 2023 3831 iniuria
2039 3762 2232 3846 taceam)si

223 3853 394 3938 superbiae
422 3853 570 3931 nomina,
597 3854 715 3937 quibus
742 3854 936 3921 insolescere
963 3866 1074 3936 postea
1095 3854 1202 3938 coepit
1254 3875 1340 3919 unus
1361 3854 1531 3938 episcopus
1554 3861 1690 3920 vocatur
1711 3852 1919 3929 universalis,
1952 3852 2107 3914 universa
2128 3848 2230 3914 eccle-

223 3961 360 4006 romana
387 3937 494 4017 sedes,
522 3960 656 4021 prorsus
684 3948 780 4006 erant
808 3941 970 4007 inaudita:
1005 3940 1084 4023 quid
1115 3947 1201 4006 esset
1253 3941 1301 4004 sia
1329 3940 1452 4005 corruit
1479 3941 1534 4006 ubi
1563 3940 1619 4004 ille
1648 3939 1822 4003 universus
1849 3937 1945 4002 cadit.
1991 3933 2089 4015 Quod
2118 3942 2231 4001 autem

220 4048 368 4092 summus
389 4025 552 4108 pontifex,
581 4037 614 4089 et
635 4027 768 4092 unicum
790 4027 944 4093 ecclesiae
972 4028 1006 4091 in
1029 4031 1201 4091 terris'ca-
1253 4024 1373 4101 scribit,
1397 4025 1543 4090 oblatum
1566 4025 1666 4089 firisse
1677 4024 1782 4088 Leoni
1806 4022 1895 4087 hunc
1918 4022 2075 4086 honorem
2095 4021 2129 4084 in
2152 4043 2230 4106 syn·

219 4122 294 4195 put,
323 4111 539 4177 nesciebatur.
591 4109 687 4190 Quod
715 4113 742 4177 si
775 4112 840 4177 tale
867 4113 946 4197 quid
978 4134 1109 4179 sumere
1137 4111 1201 4178 sibi
1253 4110 1314 4175 odo
1338 4110 1602 4187 chalcedonensi,
1627 4109 1752 4173 nullam
1770 4108 1871 4173 habet
1888 4109 1958 4173 veri
1976 4108 2126 4190 speciem.
2160 4106 2230 4172 Neo

219 4218 321 4264 ausus
342 4197 460 4264 fuisset
481 4218 636 4261 romanus
667 4199 851 4280 episcopus,
875 4208 970 4263 erant
990 4199 1115 4265 cordati
1137 4199 1200 4263 viri
1252 4197 1341 4260 enim
1373 4196 1439 4260 tale
1467 4195 1634 4277 quidpiam
1661 4195 1696 4257 in
1726 4195 1806 4259 actis
1834 4193 1924 4258 illius
1953 4193 2069 4278 synodi
2090 4193 2229 4276 legitur.

218 4285 275 4366 qui
297 4305 376 4348 mox
398 4285 468 4348 eius
491 4282 666 4346 stultitiam
695 4285 917 4364 reprimerent
963 4286 1199 4367 Hieronymus,
1251 4282 1297 4346 Et
1318 4283 1389 4347 Leo
1420 4282 1504 4363 ipse,
1526 4283 1584 4363 qui
1609 4280 1723 4345 multis
1750 4281 1895 4362 epistolis
1918 4279 2084 4346 decretum
2105 4277 2172 4342 illic
2194 4277 2230 4340 in

219 4391 322 4452 quum
349 4390 505 4434 romanus
534 4377 619 4434 esset
646 4369 834 4451 presbyter,
863 4391 929 4434 non
950 4371 1116 4455 malignus
1137 4365 1201 4434 fuit
1251 4367 1410 4432 honorem
1438 4367 1807 4451 constantinopolitanae
1835 4365 1920 4431 sedis
1947 4368 2071 4431 factum
2097 4364 2229 4445 impug-

219 4455 256 4519 in
278 4455 497 4538 praedicanda
514 4454 669 4520 ecclesiae
687 4476 766 4519 suae
784 4452 950 4537 dignitate,
971 4466 1129 4538 quantum
1147 4476 1201 4520 res
1237 4456 1317 4529 nat,
1344 4475 1410 4518 non
1432 4454 1641 4536 praeterisset
1660 4453 1772 4536 procul
1796 4452 1893 4517 dubio
1914 4452 1976 4517 hoc
1997 4456 2229 4534 argumentum

220 4549 254 4605 et
286 4549 472 4625 temporum
504 4548 609 4605 status
642 4539 865 4623 patiebantur;
909 4540 1058 4607 videmus
1091 4550 1200 4605 tamen
1252 4538 1337 4621 quod
1371 4548 1443 4604 erat
1474 4541 1623 4604 omnium
1649 4539 1793 4603 maxime
1825 4538 2012 4621 plausibile,
2052 4537 2080 4599 si
2113 4554 2229 4600 verum

220 4627 360 4709 qualiter
387 4630 493 4711 ipsam
514 4648 641 4710 quoque
663 4627 698 4692 in
725 4625 874 4690 ordinem
900 4625 1051 4710 redigat·
1082 4624 1121 4692 Si
1142 4646 1200 4690 au·
1251 4625 1366 4690 fuisset
1386 4627 1496 4708 ipsum
1512 4626 1701 4709 repudiasse
1722 4624 1808 4707 quod
1825 4625 1886 4689 sibi
1904 4623 2056 4700 dabatur;
2079 4629 2112 4685 et
2130 4619 2229 4683 homo

221 4712 337 4777 toritas
370 4714 554 4795 quaeritur,
585 4710 749 4797 inquit,⁴)
782 4711 869 4777 orbis
896 4712 1000 4776 maior
1027 4720 1078 4776 est
1109 4712 1198 4777 urbe.
1251 4709 1370 4793 alioqui
1391 4711 1523 4776 honoris
1545 4713 1618 4795 plus
1638 4710 1717 4777 satis
1739 4710 1878 4793 cupidus
1899 4731 1965 4774 non
1987 4708 2126 4773 libenter
2147 4704 2229 4769 omi·

222 4795 313 4878 Qud
333 4799 414 4863 mihi
435 4799 561 4881 profers
582 4799 682 4864 unius
699 4798 790 4864 urbis
806 4796 1099 4863 consuetudinem?
1122 4796 1200 4880 quid
1251 4870 1275 4875 -

221 4884 434 4966 paucitatem,
457 4884 497 4951 de
517 4907 583 4967 qua
603 4891 713 4951 ortum
734 4894 785 4950 est
806 4882 1031 4968 supercilium,
1052 4882 1089 4947 in
1110 4883 1199 4967 leges

1286 4969 1485 5050 ¹1)1.tbr.4.
1505 4969 1583 5038 epist.
1604 4968 1645 5021 76.
1700 4968 1745 5050 Ι2)
1763 4968 1850 5036 Epist.
1869 4965 1910 5047 ld.
1930 4965 2049 5047 eiusdem
2067 4965 2128 5018 libr.
2186 4961 2229 5086 3

220 5060 426 5069 ”““’
509 5086 516 5097 ’
1251 5036 1780 5178 lddmhmhw
1802 5034 2228 5170 haliaeetus:

220 5244 236 5296 4
290 5175 684 5310 iiquussOieffgmiiiim'
733 5175 1029 5314 4)2)1nlrib1··.thquilqt.
1047 5174 1119 5256 22⁰³
1136 5175 1197 5229 libr.
1249 5147 1444 5297 mihiigae‘
1470 5174 1590 5228 eiusdem
1608 5175 1678 5242 libr,
1698 5176 1775 5243 epist.
1795 5173 1853 5228 194.
1873 5174 1934 5227 libr.
1955 5172 1978 5226 7.
2054 5171 2085 5239 6)
2132 5173 2183 5224 ibr.
2201 5167 2229 5225 6.

240 5262 385 5314 ‚cprs..
559 5262 586 5298 n.
640 5285 647 5298 .
834 5263 913 5316 epis.
1008 5261 1139 5315 ragnum.
1249 5260 1327 5314 epis.
1398 5284 1405 5299 .
