4672 5842
121 335 184 397 549
375 328 466 394 LIB.
487 329 551 393 ΠΙ.
595 329 659 393 DE
681 326 817 393 MODO
839 326 1189 401 PEROIPIENDAE
1211 327 1403 396 oflalsrl
1425 329 1645 396 Garama.
1690 330 1789 409 CAP.
1812 332 1875 398 XI.
2067 340 2133 402 tto

121 520 216 586 ficari
236 518 401 583 hominem
425 519 502 599 quia
523 518 617 583 toties
639 518 674 581 in
692 518 855 599 scriptura
870 517 1018 594 recurrit,
1040 537 1099 582 ns·
1152 540 1194 582 ex
1215 518 1279 582 Dei
1302 517 1524 597 beneficentia,
1546 518 1634 601 quod
1655 529 1689 585 et
1709 522 1853 586 iustitiae
1874 523 1969 588 titulo
1991 531 2024 587 et
2045 546 2132 589 mer·

122 628 201 690 gare
228 626 296 668 non
324 603 460 682 audent;
492 601 549 668 sod
576 623 678 686 quum
705 624 867 685 nusquam
895 603 1100 684 exprimatur
1152 602 1229 668 cede
1252 603 1351 687 digna
1371 603 1544 669 habentur.
1590 607 1700 688 Atque
1728 606 1808 671 adeo
1831 608 1892 673 hac
1914 630 1981 674 una
2003 610 2131 676 ratione

122 693 205 770 sola,
235 691 319 755 hanc
347 689 561 754 adiectionem
582 690 654 753 fieri
676 710 742 754 non
764 689 935 753 sustinent.
980 686 1096 752 Itane?
1152 689 1279 769 valent,
1311 689 1392 753 dum
1418 711 1477 773 per
1503 690 1576 773 ipsa
1602 694 1803 774 propositum
1830 702 1880 757 est
1912 694 2131 761 obedientiam

121 776 179 842 sed
197 775 275 859 quid
293 775 335 839 ad
352 775 433 841 haec
445 775 542 839 Pauli
559 774 660 839 verba
676 772 928 858 respondebunt,
947 774 1003 839 ubi
1021 794 1098 839 con·
1152 775 1225 839 Deo
1258 775 1422 840 exhibere.
1478 774 1605 856 Quare,
1638 786 1677 841 ut
1702 778 1817 859 pmbet
1846 779 1922 844 alibi
1956 781 2129 863 apostolus,

121 861 229 927 tendit
250 884 315 926 non
337 882 408 926 esse
430 884 472 925 ex
493 861 558 925 fide
580 862 753 938 iustitiam,
780 861 844 924 nisi
865 860 909 924 sit
931 859 1097 943 gratuita?
1151 859 1323 926 Abraham
1343 861 1512 925 iustificari
1540 864 1754 944 exoperibus
1775 885 1841 928 non
1864 867 2021 948 potuisse,
2052 866 2131 931 alle-

122 948 294 1031 Quomodo
311 948 493 1031 gratuitum
515 969 590 1013 oum
613 947 764 1028 operibus
787 945 979 1010 conveniet?
1017 944 1099 1026 Qui-
1152 954 1224 1028 gat‚
1254 946 1356 1011 ferme
1383 946 1631 1030 quadringentis
1659 949 1792 1014 domum
1820 960 1854 1014 et
1876 953 2014 1035 triginta
2035 953 2130 1017 annis

122 1037 186 1099 bus
213 1035 312 1098 etiam
334 1034 505 1098 calumniis
527 1033 661 1097 eludent
681 1031 767 1115 quod
788 1030 865 1094 alibi
888 1031 966 1095 dicit
988 1031 1097 1115 (Rom.
1151 1041 1226 1114 post
1242 1054 1434 1115 percussum
1452 1033 1565 1097 foedus
1582 1032 1683 1099 latam
1703 1057 1773 1100 esse
1791 1037 1899 1119 legem
1917 1037 2049 1121 (Gala,
2066 1037 2129 1123 17).

126 1127 159 1198 1,
185 1124 252 1204 17),
276 1122 312 1182 in
334 1119 503 1203 evangelio
524 1120 590 1184 Dei
611 1119 769 1183 iustitiam
791 1117 1014 1182 mamfestari?
1060 1115 1099 1182 Si
1152 1117 1312 1183 Riderent
1329 1118 1516 1183 huiusmodi
1535 1128 1767 1201 argumentum
1784 1124 1937 1205 imperiti,
1955 1123 2041 1206 quod
2055 1129 2130 1188 ante

121 1207 352 1271 manifestatur
373 1207 409 1269 in
431 1205 600 1289 evangelio
621 1205 761 1283 iustitia,
791 1213 877 1268 certe
904 1225 970 1267 non
992 1203 1101 1268 lacera
1151 1204 1448 1288 promulgationem
1477 1204 1560 1287 legis
1592 1208 1757 1287 potuerint
1790 1229 1861 1273 esse
1893 1210 1981 1273 iusta
2017 1228 2131 1290 opera;

121 1314 183 1357 nec
206 1290 354 1370 dimidia,
385 1291 441 1355 sed
470 1291 568 1374 plena
589 1300 622 1354 et
645 1291 794 1355 absoluta
814 1288 881 1354 illic
903 1290 1097 1353 continetur.
1152 1288 1210 1377 sed
1231 1291 1307 1371 quia
1329 1291 1480 1372 operibus
1500 1291 1630 1356 nonnisi
1652 1314 1694 1356 ex
1711 1293 1776 1355 Dei
1798 1295 1982 1359 testimonio
2005 1316 2042 1359 ac
2060 1294 2132 1378 dig·

121 1379 197 1442 Lex
220 1399 298 1461 ergo
321 1378 357 1440 in
375 1399 414 1441 ea
435 1377 545 1442 locum
567 1376 763 1441 nonhabet.
804 1374 874 1438 Neo
895 1375 977 1439 falsa
994 1372 1099 1451 mod0,
1152 1376 1284 1439 natione
1312 1382 1443 1439 tantum
1470 1375 1578 1440 inesse
1607 1379 1762 1442 momenti
1789 1388 1942 1455 noverat,
1972 1402 2031 1463 pro
2054 1401 2131 1445 con·

122 1462 181 1528 sed
201 1463 299 1545 plane
321 1462 459 1528 ridicula
480 1463 750 1546 tergiversatione
779 1462 814 1524 in
836 1460 1004 1526 exclusiva
1025 1481 1100 1542 par·
1152 1460 1236 1525 fesso
1268 1462 1459 1543 assumpsit,
1494 1468 1570 1525 ante
1603 1462 1710 1546 legem
1743 1465 1810 1529 vim
1837 1465 2034 1530 iustificandi
2063 1487 2132 1530 non

122 1550 223 1615 ticula
239 1550 431 1614 consistunt.
466 1551 590 1613 Annon
611 1550 700 1613 enim
722 1548 802 1612 satis
820 1545 922 1610 solide
943 1546 1002 1610 soli
1024 1544 1100 1610 fidei
1154 1546 1314 1611 habuisse.
1359 1545 1529 1611 Habemus
1553 1567 1612 1611 cur
1633 1570 1732 1631 opera
1752 1549 1835 1632 logis
1858 1552 2051 1615 nominatim
2074 1573 2131 1616 ex-

122 1636 240 1700 tribuit
271 1636 395 1712 omnia,
436 1635 490 1717 qui
524 1633 676 1717 oporibus
711 1632 847 1697 adimit?
905 1631 995 1711 Quid
1029 1630 1099 1709 sibi,
1153 1633 1290 1715 primat,
1332 1630 1411 1696 dum
1442 1632 1514 1696 vult
1552 1633 1617 1698 illis
1650 1632 1822 1700 detrahere
1854 1636 2131 1716 iustificationem;

122 1722 254 1798 amabo,
288 1721 404 1786 volunt
435 1722 517 1785 istae
543 1720 761 1802 loquutiones:
797 1718 867 1782 sine
894 1717 967 1800 lege
995 1718 1101 1780 mani·
1154 1719 1232 1801 quia
1249 1717 1373 1782 scilicet
1396 1717 1436 1781 de
1453 1718 1519 1782 illis
1537 1719 1613 1784 solis
1635 1722 1855 1785 controversia
1873 1724 1997 1787 moveri
2016 1729 2129 1804 potest

122 1809 275 1872 testatam
302 1826 374 1870 esse
401 1806 576 1884 iustitiam,
605 1806 773 1870 iustificari
801 1803 903 1888 gratis
924 1803 1100 1880 hominem,
1155 1802 1353 1886 Quanquam
1392 1810 1426 1866 et
1456 1804 1526 1867 sinc
1560 1805 1738 1875 adiectione
1771 1807 1935 1888 quaelibet
1966 1807 2133 1872 interdum

123 1902 157 1956 et
190 1893 261 1956 sine
294 1891 444 1973 operibus
477 1892 559 1974 legis
587 1889 697 1974 (Rom.
725 1894 758 1969 3,
786 1895 824 1953 21
850 1897 883 1953 et
905 1887 984 1972 24)?
1035 1888 1102 1953 Hic
1154 1910 1254 1971 opera
1280 1888 1414 1971 excipit,
1444 1900 1481 1953 ut
1506 1911 1608 1972 quum
1629 1890 1767 1956 Davidis
1789 1893 1975 1957 testimonio
1996 1892 2133 1958 beatitu-

125 1977 332 2060 ingeniosum
354 1977 593 2060 subterfugium
614 1977 752 2055 habent;
774 1973 860 2058 quod
883 1975 1014 2038 tametsi
1035 1994 1102 2037 non
1143 1970 1267 2040 ‘dinem
1289 1974 1413 2038 homini
1436 1977 1595 2058 assignari
1619 1976 1697 2041 dicit
1721 1976 1830 2062 (Rom.
1850 1988 1879 2053 4,
1900 1979 1944 2064 b),
1967 1981 2019 2044 cui
2042 1974 2133 2045 Deus

124 2063 355 2144 excogitarunt
375 2063 446 2144 ipsi,
471 2061 529 2127 scd
547 2064 587 2128 ab
606 2062 752 2146 Origene
773 2072 808 2126 et
828 2059 1024 2143 quibusdam
1046 2080 1102 2124 ve·
1155 2062 1227 2126 sine
1249 2060 1399 2142 operibus
1421 2061 1562 2142 imputat
1583 2062 1752 2127 iustitiam.
1786 2065 1911 2130 Facere
1934 2087 2011 2149 ergo
2034 2065 2134 2131 nullis

123 2157 232 2212 terum
253 2156 474 2230 sumpserunt,
497 2149 736 2230 ineptissimum
759 2155 870 2212 tamen
893 2154 950 2211 cst.
992 2143 1103 2228 Opera
1156 2145 1281 2211 cavillis
1313 2159 1451 2228 possunt
1482 2149 1561 2228 quin
1593 2149 1780 2230 generalem
1815 2151 2017 2216 exclusivam
2050 2151 2134 2216 obti-

122 2234 205 2317 legis
232 2234 480 2299 caeremonialia
508 2234 637 2298 excludi
666 2234 828 2317 garriunt,
861 2255 927 2297 non
956 2231 1102 2296 moralia.
1155 2253 1301 2297 neamus.
1356 2233 1407 2295 Ao
1444 2232 1567 2297 frustra
1608 2235 1706 2298 etiam
1736 2236 1888 2300 frivolam
1920 2237 2135 2301 subtilitatem

123 2318 181 2386 Sic
203 2320 380 2403 proficiunt
401 2320 531 2385 assidue
553 2320 701 2397 rixando,
725 2327 762 2384 ut
783 2340 824 2383 ne
844 2320 951 2400 prima
971 2316 1104 2399 quidem
1156 2325 1302 2401 captant,
1332 2318 1502 2383 iustificari
1528 2339 1589 2384 nos
1617 2320 1686 2384 sola
1712 2321 1777 2385 fide
1804 2343 1887 2403 quae
1908 2344 1967 2404 per
1989 2321 2135 2386 dilectio-

125 2406 312 2471 dialecticae
340 2407 502 2471 elementa
529 2412 671 2470 teneant.
723 2406 777 2469 An
810 2411 931 2486 putant
963 2403 1104 2468 delirare
1157 2425 1234 2468 nem
1256 2412 1423 2485 operatur,
1445 2412 1484 2466 ut
1504 2406 1631 2469 nitatur
1651 2406 1786 2471 caritate
1808 2409 1941 2472 iustitia.
1976 2408 2136 2472 Fatemur

126 2493 309 2573 apostolum
337 2492 414 2557 dum
442 2492 482 2557 ad
511 2494 581 2557 cius
604 2492 786 2556 sententiae
807 2490 1033 2572 probationem
1055 2489 1103 2553 lo·
1156 2488 1288 2572 quidem
1306 2509 1381 2553 curn
1392 2490 1505 2567 Paulo,
1525 2512 1591 2554 non
1610 2491 1708 2555 aliam
1725 2493 1823 2557 fidem
1842 2494 2019 2558 iustificare
2036 2504 2135 2579 quam

125 2599 180 2642 cos
209 2579 288 2644 istos
315 2578 460 2644 adducit:
496 2580 551 2661 qui
579 2579 693 2644 fecerit
713 2577 795 2641 haec
817 2576 929 2654 homo,
956 2575 1046 2639 vivet
1068 2575 1103 2638 in
1156 2575 1249 2640 illam
1267 2575 1402 2640 caritate
1422 2576 1600 2655 efficacem3
1622 2577 1679 2641 sed
1697 2578 1738 2641 ab
1756 2579 1814 2643 illa
1829 2581 1975 2644 caritatis
1991 2579 2136 2645 efficacia

123 2664 218 2746 ipsis:
247 2672 292 2729 et:
316 2663 507 2730 maledictus
529 2666 636 2728 omnis
659 2664 716 2746 qui
738 2683 804 2726 non
827 2662 1013 2744 impleverit
1034 2682 1103 2725 om·
1162 2661 1362 2727 iustificandi
1376 2662 1443 2726 vim
1457 2682 1523 2726 non
1533 2663 1642 2726 sumit.
1668 2661 1740 2726 Imc
1752 2686 1817 2729 non
1830 2665 1894 2729 alia
1904 2665 2030 2729 ratione
2042 2665 2136 2730 iusti·

124 2751 180 2814 nia
202 2772 285 2832 quae
307 2752 428 2834 scripta
450 2758 527 2815 sunt
548 2752 582 2814 in
603 2749 771 2815 volumine
788 2748 872 2831 legis
890 2746 981 2829 (Gal.
1003 2751 1031 2825 3,
1055 2751 1101 2810 10.
1157 2750 1250 2826 ficat,
1274 2748 1338 2811 nisi
1355 2748 1432 2829 quia
1449 2747 1483 2810 in
1501 2749 1827 2815 communicationem
1845 2751 1990 2815 iustitiae
2009 2748 2135 2816 Christi

129 2836 203 2920 12)?
248 2835 321 2901 Nisi
349 2837 531 2915 insaniant,
559 2858 627 2900 non
652 2835 763 2901 dicent
784 2834 980 2916 promissam
1002 2834 1106 2898 vitam
1157 2855 1216 2898 nos
1238 2833 1372 2898 inducit.
1413 2833 1546 2915 Alioqui
1568 2834 1733 2900 excideret
1753 2834 1788 2899 id
1809 2844 1917 2900 totum
1938 2836 2023 2918 quod
2042 2843 2136 2901 tanta

123 2924 405 2987 caeremoniarum
432 2923 627 3000 cultoribus,
660 2942 722 2986 neo
748 2920 977 2985 denuntiatam
1003 2918 1104 2982 male·
1157 2920 1363 2985 contentione
1393 2919 1557 3001 apostolus
1581 2928 1685 3004 urget.
1730 2921 1773 2985 Ei
1799 2924 1856 3004 qui
1878 2931 2048 3004 operatur,
2078 2921 2133 3001 ait,

124 3007 299 3073 dictionem
321 3009 399 3073 solis
421 3030 535 3073 earum
557 3007 863 3091 transgressoribus.
906 3004 945 3070 si
965 3011 1043 3069 sunt
1064 3004 1105 3068 de
1158 3006 1268 3090 (Rem.
1282 3011 1311 3082 4,
1324 3006 1360 3088 4)
1376 3026 1443 3068 non
1459 3005 1967 3087 imputaturmercessecundum
1983 3009 2133 3091 gratiam,

123 3093 195 3177 lege
221 3094 339 3159 morali
367 3095 585 3179 intelligendi,
615 3115 681 3158 non
703 3093 840 3159 dubium
868 3093 947 3174 quin
970 3113 989 3155 a
1011 3090 1105 3154 iusti-
1158 3089 1406 3156 sedsecundum
1419 3089 1575 3156 debitum.
1603 3093 1646 3157 Ei
1658 3114 1737 3158 vero
1749 3094 1883 3176 quinon
1897 3103 2061 3177 operatur,
2078 3092 2137 3158 sed

123 3179 242 3245 ficandi
264 3188 425 3263 potestate
449 3181 586 3245 moralia
607 3201 735 3262 quoque
757 3199 856 3262 opera
878 3175 1104 3242 excludantur.
1157 3176 1261 3241 credit
1283 3178 1318 3241 in
1339 3199 1416 3241 eum
1437 3179 1492 3258 qui
1512 3177 1668 3243 iustificat
1689 3178 1842 3262 impium,
1873 3180 2056 3262 imputatur
2078 3199 2137 3244 sua

124 3265 249 3329 Eodem
280 3274 430 3348 spectant
458 3267 540 3330 istae
560 3267 826 3331 ratiocinationes
853 3263 970 3347 quibus
990 3262 1104 3340 utitur,
1157 3261 1238 3327 fides
1261 3262 1304 3327 ad
1324 3264 1490 3328 iustitiam.
1522 3264 1700 3329 Poteratne
1723 3264 1908 3331 evidentius
1931 3265 2020 3347 loqui
2037 3284 2136 3348 quam
2231 3325 2236 3338 ,

125 3351 280 3430 quoniam
301 3351 487 3435 perlegam
508 3352 649 3435 cognitio
671 3353 809 3434 peccati,
830 3349 903 3423 ideo
925 3371 991 3413 non
1012 3348 1105 3412 iusti·
1158 3349 1205 3413 sic
1232 3347 1379 3432 agendo?
1396 3349 1538 3413 nullam
1574 3371 1646 3414 esse
1678 3351 1755 3415 fidei
1781 3352 1956 3428 iustitiam,
1988 3351 2052 3415 nisi
2080 3351 2137 3417 ubi

126 3435 188 3512 tia;
223 3437 299 3516 quia
332 3437 386 3500 lex
416 3438 499 3500 iram
525 3445 692 3521 operatur,
726 3458 804 3521 crgo
832 3457 900 3500 non
932 3436 1106 3513 iustitiam3
1158 3435 1251 3499 nulla
1278 3443 1356 3501 sunt
1382 3455 1482 3516 opera
1511 3434 1627 3517 quibus
1656 3434 1812 3501 debeatur
1835 3458 1973 3517 merces;
2007 3458 2045 3502 ao
2067 3446 2138 3501 tum

124 3520 203 3601 quia
235 3520 290 3584 lex
318 3530 440 3586 certam
471 3545 538 3586 non
564 3531 671 3605 potest
698 3522 835 3588 reddere
862 3520 1105 3597 conscientiam,
1159 3520 1291 3585 demum
1317 3519 1417 3585 fidem
1444 3520 1600 3603 imputari
1627 3521 1663 3585 in
1684 3523 1857 3600 iustitiam,
1888 3523 1944 3587 ubi
1965 3544 2024 3606 per
2045 3521 2138 3588 inde·

125 3605 198 3669 ideo
232 3628 292 3671 nec
318 3608 476 3672 iustitiam
506 3610 652 3673 conferre
679 3609 781 3687 valet;
815 3609 892 3691 quia
923 3608 1107 3689 imputatur
1158 3607 1260 3671 bitam
1282 3607 1423 3688 gratiam
1444 3607 1568 3671 iustitia
1589 3608 1764 3693 confertur.

124 3690 207 3756 fides
229 3693 265 3755 in
287 3693 453 3772 iustitiam,
477 3716 555 3777 ergo
577 3716 645 3759 non
667 3705 716 3760 est
737 3695 844 3777 operis
866 3715 991 3758 merces
1012 3693 1106 3756 iusti-
1245 3696 1295 3756 21.
1340 3691 1438 3756 Nunc
1470 3692 1552 3756 illud
1581 3714 1681 3775 quam
1710 3716 1826 3759 verum
1853 3695 1897 3758 sit
1923 3694 2137 3770 excutiamus,

125 3779 181 3855 tia,
205 3778 263 3841 sed
286 3777 431 3843 indebita
451 3779 605 3860 donatur;
632 3782 707 3864 quia
729 3801 771 3844 ex
792 3779 857 3845 fide
880 3779 1104 3855 iustificamur,
1158 3778 1244 3860 quod
1265 3779 1302 3842 in
1325 3779 1471 3842 finitione
1492 3778 1616 3843 dictum
1638 3789 1696 3858 cst,
1718 3781 1878 3845 iustitiam
1898 3777 1974 3842 fidei
1993 3799 2064 3841 esse
2085 3798 2139 3841 re-

125 3864 269 3929 abscissa
289 3872 339 3930 est
360 3865 525 3948 gloriatio;
547 3867 575 3930 si
597 3866 674 3931 data
695 3874 781 3932 esset
810 3867 865 3931 lex
892 3885 975 3948 quae
995 3871 1107 3947 posset
1158 3863 1417 3930 conciliationem
1439 3886 1515 3929 oum
1536 3863 1624 3942 Deo,
1653 3887 1735 3947 quae
1763 3865 1832 3930 sola
1854 3872 2061 3946 peccatorum
2086 3884 2139 3928 re-

125 3951 301 4027 vivificare,
326 3968 403 4016 vere
421 3952 552 4034 exlege
575 3960 661 4017 esset
682 3953 807 4017 iustitia
814 3976 821 4032 ;
845 3950 903 4015 sed
914 3953 1006 4015 Deus
1029 3970 1105 4015 oon·
1130 4012 1133 4045 Ι
1158 3952 1313 4015 missione
1335 3957 1471 4015 constet
1516 3948 1656 4034 Semper
1678 3951 1719 4015 ad
1742 3950 1822 4016 illud
1845 3950 1975 4014 axioma
1997 3948 2140 4014 redeun-

125 4037 223 4100 olusit
245 4037 357 4101 omnia
379 4038 439 4102 sub
461 4045 602 4121 peccato,
627 4046 664 4101 ut
685 4039 856 4121 promissio
879 4037 1012 4101 daretur
1034 4056 1105 4102 cre-
1159 4035 1239 4101 dum
1265 4044 1330 4114 est,
1361 4037 1523 4102 universis
1552 4038 1637 4100 iram
1659 4038 1722 4100 Dei
1750 4036 1953 4113 incumbere,
1982 4035 2146 4118 quamdiu

125 4120 278 4186 dentibus
294 4123 405 4206 (Rom.
426 4129 455 4201 3,
476 4128 516 4187 20
534 4132 567 4188 ot
585 4130 614 4199 t,
638 4128 691 4203 153
715 4125 789 4189 Gal.
811 4130 839 4199 3,
860 4127 897 4185 21
919 4131 1005 4188 eto..
1034 4050 1134 4191 Nuzi
1158 4131 1343 4204 peccatores
1365 4143 1437 4187 esse
1459 4131 1679 4204 perseverant.
1720 4122 1760 4186 Id
1784 4122 1952 4205 eleganter
1974 4123 2140 4206 significa·

125 4219 259 4289 gantur,
291 4210 318 4273 si
339 4209 495 4287 audeant,
525 4211 558 4273 in
582 4212 802 4275 caeremonias
823 4210 889 4274 ista
910 4216 1104 4292 competere,
1130 4198 1133 4335 ι
1158 4209 1207 4273 vit
1228 4208 1352 4273 Iesaias
1374 4209 1440 4291 (59,
1464 4214 1489 4272 1.
1510 4207 1545 4292 2)
1568 4207 1619 4272 his
1642 4206 1762 4273 verbis:
1789 4229 1856 4272 non
1878 4217 1928 4273 est
1950 4208 2141 4273 abbreviata

126 4315 192 4357 non
214 4294 248 4357 in
271 4316 392 4373 morcs;
421 4297 510 4377 atqui
538 4296 631 4378 pueri
657 4316 783 4377 quoque
808 4296 871 4377 ipsi
893 4295 1106 4377 exploderent
1130 4340 1133 4388 Ι
1157 4316 1275 4359 manus
1285 4294 1431 4371 Domini,
1454 4304 1492 4358 ut
1512 4315 1644 4358 servare
1662 4302 1810 4376 nequeat,
1833 4316 1940 4375 neque
1958 4303 2138 4376 aggravata

129 4386 254 4442 tantam
282 4380 527 4462 impudentiam.
573 4381 709 4446 Maneat
738 4402 816 4464 ergo
843 4381 938 4445 nobis
968 4390 1104 4458 certum,
1158 4381 1248 4444 auris
1270 4380 1355 4458 eius,
1379 4388 1505 4444 utnon
1527 4379 1696 4459 exaudiat;
1720 4379 1777 4444 sed
1799 4380 1987 4461 iniquitates
2009 4386 2138 4443 vestrae

128 4462 167 4527 de
189 4465 261 4548 lege
284 4473 352 4530 tota
374 4468 475 4532 verba
496 4469 582 4546 lieri,
612 4465 742 4549 quando
769 4466 833 4550 legi
858 4466 1033 4549 derogatur
1053 4468 1105 4529 iu·
1159 4465 1330 4530 dissidium
1357 4467 1506 4530 fecerunt
1534 4466 1622 4530 inter
1645 4487 1703 4531 vos
1725 4475 1759 4530 et
1780 4465 1891 4529 Deum
1912 4472 2076 4541 vestrum,
2105 4474 2140 4528 et

126 4550 290 4615 stificandi
311 4551 457 4617 facultas.
1158 4557 1291 4636 peccata
1313 4560 1422 4616 vestra
1445 4551 1689 4617 absconderunt
1709 4553 1826 4617 faciem
1848 4553 1918 4615 eius
1936 4570 1956 4612 a
1971 4550 2072 4628 vobis,
2096 4571 2138 4615 ne

216 4640 265 4700 211.
311 4634 348 4702 Si
370 4640 444 4721 quis
466 4647 577 4704 autem
604 4639 743 4703 miretur
765 4659 824 4702 our
845 4637 904 4701 tali
926 4635 1106 4702 adiectione
1158 4636 1321 4703 exaudiat.
1367 4639 1530 4702 Audimus
1552 4646 1722 4719 peccatum
1745 4659 1815 4702 esse
1837 4636 2030 4701 divisionem
2052 4636 2140 4700 inter

128 4743 208 4786 usus
229 4724 272 4785 sit
294 4725 471 4805 apostolus,
500 4748 567 4790 non
596 4734 768 4791 contentus
790 4743 890 4804 opera
910 4723 1105 4802 nominasse,
1159 4723 1327 4789 hominem
1348 4734 1381 4787 et
1398 4723 1518 4798 Deum,
1540 4723 1653 4788 vultus
1673 4724 1738 4788 Dei
1760 4724 1963 4788 aversionem
1985 4742 2004 4784 a
2026 4742 2139 4803 pecca·

128 4808 338 4892 inpromptu
360 4819 411 4876 est
437 4814 530 4877 ratio.
572 4811 743 4894 Siquidem
765 4817 801 4873 ut
823 4808 910 4872 tanti
932 4808 1106 4873 aestimsn-
1159 4818 1238 4875 tore.
1273 4811 1343 4875 Nec
1364 4811 1438 4874 ficri
1459 4809 1555 4872 aliter
1571 4815 1691 4891 potest:
1716 4807 1977 4890 quandoquidem
1995 4808 2139 4872 alienum

129 4903 184 4956 tur
205 4914 311 4975 opera,
334 4898 480 4979 pretium
501 4918 521 4960 a
541 4899 606 4963 Dei
629 4896 860 4980 approbatione
881 4893 987 4976 magis
1008 4915 1108 4975 quam
1158 4905 1209 4961 est
1230 4896 1271 4961 ab
1293 4897 1363 4961 eius
1380 4896 1505 4961 iustitia
1522 4892 1700 4976 quidquam
1720 4894 1906 4960 commercii
1925 4894 2046 4959 habere
2063 4915 2140 4959 cum

129 4982 302 5062 apropria
324 4981 485 5066 dignitate
506 4982 588 5048 illud
599 4984 730 5049 habent
765 4981 850 5063 Quis
868 4980 956 5045 enim
973 5000 1108 5063 operum
1158 4989 1298 5064 peccato.
1344 4981 1441 5065 Unde
1464 4980 1630 5063 apostolus
1651 4979 1823 5046 inimicum
1846 5002 1916 5046 esse
1937 4981 2010 5045 Deo
2033 4980 2140 5045 homi·

129 5064 289 5130 iustitiam
311 5066 384 5132 Deo
407 5069 576 5135 venditare
598 5069 727 5149 audeat,
750 5069 816 5134 nisi
837 5087 938 5150 quam
959 5067 1028 5149 ipse
1051 5087 1108 5149 ap-
1158 5089 1236 5132 nem
1257 5067 1351 5133 docet
1367 5068 1477 5152 (Rom.
1498 5070 1527 5144 5,
1546 5065 1599 5149 8),
1623 5065 1725 5131 donec
1746 5068 1781 5131 in
1803 5068 1944 5151 gratiam
1965 5087 2024 5148 per
2042 5065 2141 5131 Chri·

128 5151 295 5234 probarit'l
319 5155 392 5235 quis
414 5164 569 5238 tanquam
590 5157 656 5222 illis
676 5155 818 5221 debitam
836 5174 1005 5237 reposcere
1022 5174 1108 5217 mer·
1159 5160 1247 5219 stum
1268 5154 1459 5218 restituitur.
1506 5150 1616 5232 Quem
1639 5172 1718 5236 ergo
1740 5154 1904 5219 Dominus
1927 5155 1962 5217 in
1984 5153 2140 5218 coniunc-

128 5236 258 5315 cedem‚
283 5238 348 5304 nisi
370 5261 469 5322 quam
489 5241 546 5307 ille
567 5241 774 5325 promiserit?
819 5240 954 5307 Habent
974 5259 1052 5326 ergo
1073 5236 1106 5304 id
1159 5239 1282 5305 donem
1303 5240 1427 5321 recipit,
1452 5259 1528 5305 eum
1551 5237 1671 5303 dicitur
1691 5239 1884 5319 iustificare;
1909 5238 1985 5321 quia
2006 5259 2068 5304 nec
2088 5259 2141 5304 re·

1882 5337 1937 5394 ὥ·
