4672 5842
123 332 185 396 aas
497 310 587 396 nm.
610 331 672 397 1v.
717 330 781 398 na
803 330 1041 412 nxrsauis
1064 331 1230 399 amens
1253 331 1318 397 An
1341 331 1572 399 amanen.
1617 330 1717 398 ese.
1740 333 1768 398 1.
2069 339 2131 402 res

123 522 211 585 inter
231 520 341 584 Deum
363 528 397 584 et
419 520 588 585 ecclesiam
611 528 755 586 vocatur.
801 524 849 585 At
876 521 937 586 hoc
951 519 1025 586 ¹Dei
1046 522 1103 587 bo·
1157 520 1291 586 vissima
1322 528 1457 605 peccata
1490 529 1706 604 occuparunt,
1741 544 1761 587 a
1791 525 1909 606 quibus
1939 533 2049 591 tamen
2078 548 2133 595 eas

124 608 226 671 nitate
249 613 431 688 superatur.
465 605 621 685 Quis‘est
642 608 702 685 vir,
723 608 831 688 inquit
853 628 911 689 per
929 608 1103 672 Ieremiam
1156 605 1283 672 Paulus
1316 606 1494 672 clementer
1527 608 1636 688 potius
1668 610 1843 674 ext1icavit
1882 632 1981 693 quam
2020 633 2133 678 earum

123 694 168 775 (3,
196 697 207 754 1
236 701 268 756 et
294 692 362 774 12),
393 693 486 756 cuius
513 694 541 757 si
569 713 653 756 uxor
680 714 797 775 corpus
825 715 923 757 suum
945 692 1103 758 adulteris
1157 694 1264 776 capita
1283 691 1477 757 devoveret?
1508 692 1704 758 Galatarum
1725 694 1861 760 defectio
1883 717 1949 761 non
1970 698 2134 765 mediocre

122 778 341 860 prostituerit,
375 799 450 844 cum
481 798 520 842 ea
551 776 659 842 redire
687 779 721 842 in
752 780 893 860 gratiam
921 777 1102 843 sustineat?
1157 789 1229 844 erat
1251 775 1405 843 delictum
1412 802 1420 858 ;
1450 778 1615 843 Corinthii
1637 801 1675 844 eo
1696 781 1806 844 minus
1829 781 1895 845 illis
1917 792 2013 848 erant
2034 805 2133 850 excu-

125 864 192 928 tuis
211 873 322 929 autem
344 865 599 929 scortationibus
620 886 733 928 omnes
756 864 829 929 viae
851 864 993 946 pollutae
1015 873 1102 944 sunt,
1157 863 1284 941 sahilee,
1303 864 1388 946 quod
1404 863 1554 948 pluribus
1570 886 1675 947 neque
1691 866 1867 932 levioribus
1879 869 2014 951 flagitiis
2029 871 2133 935 abun·

123 948 217 1029 Iuda,
240 949 366 1032 repleta
382 950 446 1014 fuit
469 959 558 1014 terra
579 949 681 1014 foedis
705 950 869 1015 amoribus
891 951 969 1013 tuis:
994 971 1103 1016 rever·
1157 950 1292 1014 dabant:
1316 951 1427 1014 neutri
1450 957 1561 1014 tamen
1584 971 1603 1013 a
1624 951 1848 1017 misericordia
1864 954 1999 1019 Domini
2022 957 2133 1034 exclu-

125 1042 197 1100 tere'
221 1042 332 1100 tamen
361 1035 492 1113 adme,
523 1043 556 1099 et
578 1057 638 1120 ego
661 1044 694 1100 te
717 1037 907 1117 suscipiam;
939 1045 1104 1101 revertere
1157 1036 1288 1099 duntur.
1334 1036 1407 1099 Imo
1435 1036 1483 1099 illi
1511 1036 1574 1117 ipsi
1607 1038 1662 1118 qui
1695 1059 1775 1120 prae
1808 1039 1882 1104 aliis
1913 1041 2131 1122 immunditia,

125 1121 324 1197 aversatrix,
352 1142 418 1185 non
445 1129 593 1186 avertam
622 1144 642 1185 a
669 1129 702 1186 te
730 1123 847 1186 faeiem
875 1142 998 1199 meam,
1028 1122 1104 1203 quia
1156 1121 1367 1186 fornicatione
1397 1128 1430 1185 et
1455 1121 1660 1203 impudicitia
1690 1123 1910 1205 deliquerant,
1940 1127 2133 1191 nominatim

125 1214 256 1272 sanctus
278 1228 360 1283 sum,
384 1215 418 1271 et
439 1228 505 1272 uon
527 1209 651 1273 irascor
669 1209 704 1271 in
721 1215 925 1290 perpetuum.
961 1208 1007 1271 Et
1024 1227 1103 1272 sane
1156 1208 1339 1270 invitantur
1361 1207 1403 1270 ad
1423 1208 1658 1290 poenitentiam
1680 1209 1713 1292 (2
1738 1208 1812 1274 Cor.
1838 1215 1886 1290 12,
1911 1211 1976 1295 21).
2016 1214 2134 1278 Manet

124 1313 190 1357 non
213 1292 297 1358 alius
320 1314 390 1357 esse
409 1294 544 1358 affectus
564 1295 634 1358 eius
652 1301 767 1376 potest,
791 1295 846 1375 qui
864 1294 1006 1357 affirmat
1029 1293 1101 1378 (Ea.
1156 1293 1244 1356 enim
1272 1297 1505 1375 aeternumque
1535 1294 1680 1359 manebit
1701 1296 1888 1361 inviolabile
1908 1308 2042 1380 pactum
2063 1297 2132 1363 Do·

128 1383 176 1457 18,
196 1383 236 1442 23
255 1386 289 1443 ct
308 1379 363 1461 32)
387 1400 422 1443 se
439 1379 526 1443 nolle
545 1387 685 1444 mortem
707 1381 895 1462 peccatoris,
919 1377 976 1444 sed
999 1380 1104 1462 magis
1155 1380 1251 1458 mini,
1274 1377 1359 1460 quod
1381 1379 1559 1444 solenniter
1581 1399 1656 1444 cum
1678 1379 1825 1459 Christo,
1850 1404 1925 1446 vero
1949 1383 2132 1464 Solomone,

125 1473 163 1529 ut
184 1473 400 1530 convertatur
425 1473 459 1530 et
486 1466 586 1530 vivat.
631 1465 710 1530 Ideo
733 1487 835 1547 quum
856 1465 1019 1547 templum
1041 1463 1104 1530 So·
1157 1465 1289 1546 eiusque
1318 1464 1474 1528 membris
1503 1467 1643 1530 sancivit
1670 1466 1722 1529 his
1751 1468 1860 1532 verbis
1890 1469 1991 1551 (Psal.
2016 1474 2067 1546 89,
2091 1473 2129 1534 31
2219 1512 2221 1517 ,

126 1551 235 1615 lomon
258 1550 437 1630 dedicaret,
467 1552 502 1615 in
532 1552 768 1633 huncquoque
791 1573 886 1616 usum
910 1551 1102 1629 destinabat,
1157 1551 1275 1634 seqq.):
1306 1551 1334 1614 si
1357 1549 1589 1633 dereliquerint
1610 1552 1669 1615 filii
1693 1554 1762 1617 eius
1784 1553 1891 1636 legem
1912 1576 2019 1618 meam
2043 1564 2076 1618 et
2096 1557 2133 1620 in

125 1645 162 1700 ut
180 1637 343 1701 orationes
360 1657 419 1718 pro
436 1636 644 1718 impetranda
660 1644 867 1718 peccatorum
885 1637 983 1701 venia
999 1638 1104 1702 factae
1129 1652 1132 1669 ¹
1159 1635 1284 1701 'udiciis
1317 1637 1398 1700 meis
1430 1658 1496 1700 non
1530 1637 1770 1703 ambulaverint
1777 1663 1784 1717 ;
1819 1640 1846 1702 si
1875 1640 2015 1705 iustitias
2043 1661 2132 1706 meas

126 1722 202 1787 inde
220 1722 464 1787 exaudirentur.
501 1721 539 1787 Si
558 1724 775 1805 peccaverint,
795 1722 922 1787 dicebat
944 1723 976 1807 (1
997 1723 1102 1806 Regg.
1156 1723 1368 1803 profanarint,
1391 1721 1546 1786 mandata
1568 1743 1642 1787 mea
1663 1745 1730 1787 non
1752 1724 1972 1804 custodierint,
1996 1725 2133 1792 visitabo
2220 1774 2224 1779 -

126 1812 155 1885 8,
180 1808 252 1890 46),
281 1807 340 1872 tibi
368 1809 428 1873 filii
457 1809 506 1872 tui
535 1809 616 1893 (non
645 1818 695 1874 est
724 1811 810 1873 enim
835 1808 932 1879 homo
961 1810 1016 1890 qui
1038 1830 1104 1873 non
1156 1809 1193 1870 in
1219 1809 1313 1891 virga
1342 1808 1529 1889 iniquitates
1558 1829 1685 1887 eorum,
1720 1810 1754 1873 in
1782 1809 1973 1875 verberibus
2000 1819 2134 1894 peccata

126 1894 261 1978 peccet),
281 1902 315 1959 et
332 1895 438 1959 iratus
457 1894 631 1959 tradideris
649 1916 704 1960 eos
721 1895 861 1960 inimicis
879 1895 956 1971 suis,
980 1903 1013 1958 et
1030 1915 1105 1978 ego·
1158 1914 1285 1957 comm:
1309 1893 1566 1958 misericordiam
1588 1903 1697 1959 autem
1717 1916 1825 1960 meam
1843 1917 1910 1961 non
1928 1898 2075 1962 auferam·
2091 1897 2132 1963 ab

127 1979 197 2043 rint
216 1981 453 2062 poenitentiam
475 1982 509 2044 in
532 1980 629 2045 corde
651 2002 723 2057 suo,
753 1989 787 2044 et
813 1977 974 2045 conversi
990 1979 1105 2063 depre·
1158 2000 1204 2043 eo.
1248 1980 1400 2062 Denique
1426 1979 1498 2061 ipsa
1525 1980 1665 2064 symboli
1687 1980 1895 2064 dispositione
1917 1982 2133 2048 admonemur

127 2067 190 2130 cati
213 2075 247 2130 te
268 2067 392 2130 fuerint
414 2068 450 2130 in
472 2067 659 2149 captivitate
681 2088 749 2144 sna,
773 2065 932 2131 dicentes:
956 2066 1104 2149 peccavi·
1157 2071 1346 2147 perpetuam
1381 2063 1522 2129 residere
1556 2066 1590 2129 in
1622 2067 1758 2132 ecclesia
1785 2066 1911 2131 Christi
1939 2068 2132 2135 delictorum

126 2172 215 2230 mus,
250 2152 363 2234 inique
397 2153 539 2236 egimus;
573 2160 607 2215 et
639 2153 806 2217 oraverint
837 2174 952 2217 versus
982 2161 1104 2217 terram
1158 2152 1316 2233 gratiam:
1347 2150 1446 2233 quod,
1477 2152 1613 2216 ecclesia
1639 2152 1730 2218 velut
1761 2155 1952 2234 constituta,
1984 2155 2131 2220 remissio

126 2258 223 2319 quam
254 2237 372 2303 dedisti
400 2238 548 2322 patribus
581 2259 709 2317 eorum,
744 2246 777 2302 et
804 2259 919 2303 versus
945 2237 1103 2320 templum
1156 2243 1363 2318 peccatoram
1386 2234 1493 2302 adhuc
1515 2237 1733 2321 subiungitur.

127 2323 187 2387 hoc
216 2331 379 2388 sanctum:
409 2324 565 2388 exaudies
591 2325 625 2389 in
654 2325 741 2389 coelo
767 2344 880 2406 preces
909 2344 1036 2403 eorum,
1053 2331 1104 2387 ‘et
1243 2325 1292 2387 28.
1327 2321 1472 2403 Quidam
1493 2323 1660 2405 aliquanto
1682 2325 1917 2406 prudentiores,
1939 2327 1994 2391 ubi
2017 2325 2131 2391 vident

125 2408 353 2492 propitiaberis
375 2411 496 2493 populo
517 2418 573 2474 tuo
594 2411 651 2492 qui
673 2412 820 2493 peccavit
842 2410 914 2488 tibi,
943 2416 976 2472 et
997 2411 1102 2473 omni·
1156 2415 1248 2472 tanta
1265 2408 1446 2490 scripturae
1463 2410 1694 2492 perspicuitate
1711 2411 1832 2476 Novati
1849 2410 1969 2495 dogma
1985 2412 2130 2491 refutari,

127 2495 186 2559 bus
207 2495 434 2576 iniquitatibus
455 2517 569 2561 eorum
590 2497 708 2578 quibus
730 2495 945 2578 praevaricati
968 2504 1046 2560 sunt
1067 2496 1102 2558 in
1155 2514 1223 2557 non
1257 2493 1423 2575 quodlibet
1455 2494 1611 2559 delictum
1642 2496 1867 2562 irremissibile
1900 2499 2038 2576 faciunt,
2072 2496 2130 2562 sed

126 2587 167 2644 te.
202 2580 271 2645 Nec
292 2581 415 2645 frustm
435 2583 470 2646 in
489 2581 561 2664 lege
584 2584 697 2666 (Num.
711 2586 761 2658 28,
776 2581 810 2660 3)
833 2581 1020 2662 quotidiana
1042 2601 1101 2664 pro
1155 2579 1375 2644 voluntariam
1404 2580 1486 2663 legis
1508 2584 1815 2664 transgressionem,
1846 2585 1881 2645 in
1904 2605 2002 2665 quam
2024 2584 2130 2648 sciens

125 2668 267 2748 peccatis
300 2668 460 2734 sacrificia
489 2666 656 2732 Dominus
692 2667 864 2731 ordinavit.
909 2666 982 2731 Nisi
1015 2668 1102 2730 enim
1154 2666 1287 2748 quisae
1308 2666 1421 2731 volens
1442 2667 1623 2750 impegerit.
1667 2668 1771 2744 Porro
1792 2669 1838 2734 sic
1860 2668 2026 2751 loquentes
2054 2688 2128 2751 pee-
2166 2710 2168 2717 ι

125 2752 262 2818 assiduis
286 2762 493 2837 peccatorum
515 2752 637 2817 morbis
658 2753 814 2836 populum
837 2773 932 2816 suum
953 2751 1102 2817 laborare
1127 2756 1130 2875 (
1154 2760 1265 2815 catum
1289 2752 1418 2816 nullum
1441 2752 1538 2816 venia
1560 2751 1753 2836 dignantur,
1782 2755 1846 2818 nisi
1872 2755 1973 2819 sicubi
1997 2755 2128 2818 aberra

125 2838 289 2903 Dominus
322 2839 555 2922 praevidisset,
595 2858 761 2922 nunquam
798 2837 846 2901 illi
880 2838 1102 2903 constituisset
1153 2845 1225 2901 tum
1252 2837 1438 2921 ignorantia
1467 2837 1574 2901 fuerit
1619 2839 1746 2903 Verum
1772 2861 1873 2922 quum
1897 2840 2060 2905 Dominus
2091 2841 2128 2904 in

124 2923 204 2989 haec
225 2925 379 2990 remedia.
1152 2922 1233 3008 lege,
1253 2923 1317 2987 alia
1335 2944 1395 3006 pro
1415 2921 1585 3005 expiandis
1603 2924 1749 2990 fidelium
1766 2926 1959 2991 voluntariis
1975 2924 2126 3009 peccatis,

211 3014 261 3074 26.
298 3012 353 3075 An
376 3009 520 3077 adventu
544 3011 680 3089 Christi,
702 3031 766 3093 quo
787 3009 954 3093 plenitudo
977 3010 1101 3092 gratiae
1154 3008 1219 3073 alia
1240 3030 1300 3092 pro
1322 3009 1517 3094 ignorantiis
1538 3009 1735 3075 redimendis
1756 3012 1922 3076 mandarit
1943 3013 2054 3076 offerri
2076 3030 2127 3075 sa·

123 3105 255 3161 exserta
276 3097 347 3172 fuit,
371 3097 432 3162 hoc
454 3097 645 3181 ademptum
663 3104 713 3162 est
729 3095 880 3161 fidelihus
897 3095 1100 3174 beneficium,
1153 3095 1288 3173 crificia,
1315 3102 1457 3177 quantae
1477 3102 1528 3158 est
1549 3096 1766 3178 improbitatis
1788 3098 1973 3163 voluntario
1994 3104 2147 3179 peccato·

124 3201 167 3244 ne
188 3204 247 3263 pro
269 3181 462 3247 delictorum
483 3185 582 3247 venia
603 3183 747 3248 audeant
768 3180 972 3264 supplicare?
999 3202 1050 3260 ne,
1073 3181 1101 3244 si
1152 3180 1282 3246 nullum
1304 3180 1479 3247 concedere
1500 3182 1686 3264 piaculum?
1730 3182 1815 3248 Dico
1836 3183 1921 3247 nihil
1941 3205 2011 3248 esse
2034 3203 2128 3266 aper·

124 3267 305 3330 Dominum
334 3267 544 3346 offenderint,
579 3269 679 3334 ullam
704 3268 962 3333 misericordiam
988 3287 1101 3333 conse-
1153 3267 1218 3330 tius
1258 3287 1357 3348 quam
1389 3268 1523 3332 unicum
1557 3266 1683 3332 Christi
1715 3269 1911 3334 sacrificinm
1943 3269 2053 3335 valere
2086 3267 2128 3333 ad

125 3351 290 3432 quantur?
336 3351 425 3433 Quid
448 3355 509 3420 hoc
531 3357 595 3419 erit
615 3355 705 3419 aliud
732 3374 830 3437 quam
852 3353 1025 3418 Christum
1052 3351 1101 3416 di·
1153 3351 1349 3418 remittenda
1381 3360 1567 3418 sanctorum
1598 3353 1787 3419 voluntaria
1818 3363 1962 3437 peccata:
1997 3354 2127 3438 quando

125 3457 198 3501 cere
220 3436 255 3500 in
277 3459 410 3503 suorum
431 3442 609 3522 perniciem
631 3441 775 3520 venisse,
803 3462 870 3504 non
892 3440 1044 3517 salutem,
1073 3440 1102 3504 si
1152 3438 1315 3504 Dominus
1347 3439 1533 3505 carnalibus
1567 3439 1699 3517 hostiis,
1733 3441 1834 3506 veluti
1867 3441 2060 3524 signaculis,
2093 3439 2127 3504 id

125 3542 209 3604 quae
241 3522 277 3585 in
309 3526 413 3589 veteri
446 3534 639 3591 testamento
672 3526 801 3591 assidue
834 3528 955 3591 sanctis
987 3533 1102 3607 parata
1152 3531 1311 3588 testatum
1332 3526 1416 3591 fecit.
1449 3524 1579 3589 Deinde
1600 3526 1672 3607 quis
1695 3527 1735 3591 ab
1757 3527 1942 3610 ignorantia
1963 3526 2127 3592 Davidem
2177 3592 2180 3597 ,
2299 3586 2305 3601 ,

125 3616 196 3672 erat
217 3606 282 3672 Dei
304 3608 509 3693 indulgentia
529 3613 565 3675 in
586 3614 727 3694 peccatis
749 3610 988 3689 condonandis,
1011 3631 1102 3675 nunc
1154 3618 1303 3687 excuset,
1324 3632 1421 3693 quem
1443 3617 1613 3693 tantopere
1634 3620 1761 3677 constat
1781 3614 1882 3678 fuisse
1903 3615 1937 3676 in
1960 3613 2032 3696 lege
2053 3634 2128 3676 eru-

125 3694 273 3759 emedio
295 3695 423 3761 sublata
444 3695 583 3762 dicitur?
628 3696 727 3778 Quod
754 3699 783 3762 si
810 3698 980 3779 scripturis
1002 3695 1101 3761 fidem
1154 3695 1281 3760 ditum?
1312 3697 1367 3760 An
1385 3695 1550 3762 nesciebat
1567 3696 1677 3762 David
1695 3707 1856 3780 quantum
1874 3700 1958 3762 foret
1976 3696 2129 3761 adulterii

124 3780 284 3844 habemus
323 3780 443 3846 diserte
471 3782 701 3861 clamantibus,
734 3784 769 3848 in
803 3781 935 3848 Christo
969 3783 1102 3846 demum
1154 3790 1187 3844 et
1219 3781 1384 3847 homicidii
1418 3783 1554 3859 crimen,
1590 3784 1645 3864 qui
1678 3783 1820 3865 quotidie
1852 3785 1959 3865 ipsum
1993 3783 2029 3845 in
2057 3781 2129 3847 aliis

125 3867 265 3949 gratiam
296 3877 329 3930 et
356 3867 593 3933 humanitatem
615 3869 751 3934 Domini
773 3869 814 3934 ad
836 3869 972 3953 plenum
1001 3888 1101 3952 appa·
1152 3866 1330 3950 puniebat?
1371 3869 1428 3932 An
1449 3868 1668 3933 fratricidium
1690 3891 1743 3932 res
1765 3869 1912 3952 legitima
1933 3867 2129 3948 patriarchis

123 3953 238 4031 ruisse,
262 3954 400 4018 effusam
420 3954 660 4020 misericordiae
677 3956 888 4038 opulentiam,
912 3954 1101 4020 reconcilia-
1153 3953 1348 4021 videbatur?
1393 3955 1448 4019 An
1475 3955 1522 4017 ita
1548 3954 1633 4017 male
1655 3954 1859 4034 profecerant
1880 3952 2059 4032 Corinthii,
2090 3961 2129 4018 ut

123 4038 246 4102 tionem
279 4040 343 4104 Dei
377 4048 411 4103 et
444 4040 614 4104 hominum
648 4041 861 4124 adimpletam
902 4041 980 4125 (Tit.
1005 4045 1038 4119 3,
1062 4047 1100 4119 43
1153 4041 1337 4118 lasciviam,
1360 4040 1600 4122 impuritatem,
1624 4041 1863 4117 scortationem,
1888 4038 1971 4118 odia,
1994 4047 2128 4106 conten·

125 4126 143 4185 2
167 4124 250 4188 rim.
278 4129 304 4203 l,
329 4130 378 4210 9):
408 4146 450 4189 ne
479 4124 664 4192 dubitemus
692 4128 772 4209 quin
801 4127 906 4192 multo
929 4126 1101 4211 benignior
1153 4127 1259 4191 tiones
1280 4125 1408 4207 placere
1430 4125 1502 4189 Dec
1521 4123 1698 4205 putarent?
1744 4126 1799 4188 An
1821 4126 1943 4190 Petrus
1965 4134 2032 4189 tam
2056 4126 2128 4190 dili-

123 4210 216 4274 nobis
232 4211 406 4276 clementia
422 4211 569 4276 coelestis
584 4213 688 4293 patris
704 4214 862 4278 exuberet
877 4213 985 4295 potius
1002 4234 1100 4295 quam
1153 4221 1270 4296 genter
1291 4211 1475 4276 admonitus
1497 4207 1668 4293 ignorabat
1689 4211 1803 4291 quanti
1826 4218 1911 4276 esset
1932 4213 2128 4294 magistrum

127 4293 269 4361 abscissa
286 4306 345 4361 aut
362 4298 531 4362 decurtata
547 4297 654 4361 fixerit.
685 4298 800 4380 Neque
821 4321 900 4365 vero
922 4299 1042 4364 desunt
1061 4299 1101 4362 il·
1152 4297 1301 4363 eiurare?
1346 4298 1436 4380 Ergo
1464 4296 1528 4359 Dei
1560 4295 1801 4361 misericordiae
1829 4305 1899 4360 tam
1925 4296 1965 4361 be
1993 4299 2065 4360 'one
2092 4317 2128 4361 se

123 4380 186 4444 lius
204 4381 405 4448 documenta.
440 4385 570 4461 Petrus,
589 4385 646 4465 qui
664 4383 813 4448 audierat
829 4384 964 4535 queat.
981 4390 1029 4461 10,
1042 4384 1099 4469 33)
1152 4384 1316 4448 exserenti
1333 4383 1422 4448 viam
1444 4390 1557 4447 nostra
1578 4381 1782 4466 malignitate
1803 4405 1845 4448 ne
1867 4383 2000 4466 praeclu
2077 4401 2126 4447 us.

123 4466 319 4551 abnegatum
342 4471 382 4533 iri
405 4490 515 4536 coram
537 4469 664 4552 angelis
685 4470 741 4551 qui
763 4490 827 4551 apu
872 4470 1020 4534 homines
1040 4491 1099 4534 no·
1238 4474 1288 4533 29.
1332 4468 1497 4550 Equidem
1525 4490 1592 4533 non
1618 4490 1672 4532 me
1699 4468 1779 4534 latet
1801 4477 1929 4534 veteres
1952 4468 2127 4551 scriptores

121 4572 198 4615 men
216 4554 343 4620 Christi
360 4578 427 4621 non
445 4565 530 4622 esset
552 4556 728 4634 confessus,
751 4562 802 4618 ter
823 4577 891 4621 una
912 4565 1017 4631 nocte,
1039 4576 1100 4620 nec
1150 4564 1283 4638 peecata
1304 4576 1387 4637 quae
1403 4554 1548 4637 quotidie
1570 4555 1782 4619 remittuntur
1798 4555 1948 4620 fidelibus
1966 4555 2128 4637 interpre-

121 4639 192 4702 sine
220 4643 460 4722 exsecratione,
495 4643 685 4725 abnegavit:
719 4661 787 4704 non
815 4649 927 4707 tamen
955 4663 975 4706 a
1002 4642 1100 4706 venia
1151 4648 1235 4706 tates
1264 4662 1334 4706 esse
1362 4660 1445 4722 quae
1473 4662 1515 4705 ex
1544 4641 1734 4705 infirmitate
1763 4642 1870 4707 carnis
1897 4640 2059 4721 obrepunt
2079 4638 2127 4704 le·

122 4723 305 4805 depellitur.
342 4727 409 4809 Qui
431 4728 616 4800 inordinate
637 4726 795 4794 vivebant
816 4726 904 4810 apud
926 4727 1098 4792 Thessalo-
1150 4728 1242 4793 viora
1259 4733 1383 4805 errata3
1405 4726 1640 4808 poenitentiam
1658 4748 1735 4792 vero
1754 4727 1942 4803 sollennem,
1966 4746 2050 4808 quae
2066 4745 2127 4807 pro

122 4809 283 4890 nicensee,
312 4814 358 4878 sio
379 4815 585 4898 castigantur
606 4822 644 4879 ut
663 4813 846 4879 invitentur
869 4813 910 4878 ad
930 4814 1098 4895 poeniten·
1150 4813 1355 4897 gravioribus
1377 4812 1510 4895 flagitiis
1532 4818 1605 4874 tum
1626 4813 1827 4894 exigebatur,
1849 4812 1914 4876 illis
1933 4813 2038 4877 visam
2055 4831 2127 4876 esse

121 4895 202 4958 tiam
220 4895 254 4980 (2
272 4898 386 4964 Thess.
407 4905 435 4980 3,
458 4903 521 4985 14).
556 4900 607 4969 Ne
624 4900 688 4984 ipsi
704 4898 836 4982 quidem
855 4897 984 4965 Simoni
1002 4920 1098 4984 mago
1149 4920 1218 4963 non
1240 4899 1346 4982 magis
1368 4897 1551 4962 iterandam
1574 4916 1673 4978 quam
1695 4897 1903 4980 baptismum.
1938 4896 2032 4978 Quae
2050 4916 2126 4962 sen-

122 4980 304 5063 desperatio
325 4986 485 5065 iniicitur,
514 4987 595 5069 quin
622 4986 731 5069 potius
757 4985 891 5051 iubetur
920 4987 1002 5051 beno
1024 5005 1097 5068 spe-
1150 4987 1253 5050 tentia
1274 5005 1341 5050 non
1363 4985 1410 5048 ita
1432 4990 1482 5048 est
1504 4982 1692 5064 accipienda
1713 4985 1806 5065 quasi
1828 4992 1886 5049 aut
1911 4983 2126 5066 praecipitare

119 5089 209 5145 rare,
237 5090 339 5151 quum
367 5070 408 5135 ad
437 5093 550 5154 preces
571 5073 747 5157 confligere
768 5072 884 5139 suadet
905 5072 955 5137 illi
976 5072 1097 5137 Petrus
1150 5072 1185 5135 in
1207 5071 1467 5153 desperationem
1488 5068 1653 5133 voluerint
1672 5069 1730 5150 qui
1751 5092 1771 5135 a
1792 5071 1898 5153 prima
1927 5070 2127 5151 poenitentia

119 5154 208 5236 (Act
233 5160 262 5231 8,
288 5157 353 5240 22).
622 5178 626 5191 ·
1149 5158 1270 5220 iterum
1298 5153 1503 5231 recidissent,
1532 5163 1590 5218 aut
1609 5153 1666 5218 illa
1688 5165 1797 5221 errata
1819 5156 1961 5235 elevare,
1990 5155 2125 5241 perinde

207 5244 257 5304 27.
304 5239 392 5322 Quid
420 5241 507 5325 quod
533 5249 619 5310 totas
644 5245 812 5310 interdum
839 5245 992 5312 ecclesias
1020 5264 1095 5329 gra·
1150 5251 1247 5326 atque
1268 5261 1378 5308 coram
1399 5239 1472 5304 Deo
1494 5239 1601 5306 exilia
1646 5238 1802 5309 Sciebant
1822 5244 1910 5308 enim
1931 5241 2126 5308 infidelitate
