4672 5842
106 322 170 383 489
332 318 422 384 LIB.
445 319 508 382 ΠΙ.
554 320 617 384 DE
640 318 775 386 MODO
796 318 1146 385 PEROIPOENDAE
1169 319 1360 385 CHRISTI
1382 320 1600 386 GRATIAE.
1645 320 1743 394 CAR
1766 321 1826 387 IV.
1850 323 1892 387 V.
2051 328 2114 391 490

106 508 293 573 ostenderet
319 508 372 572 cui
392 509 460 571 iam
482 509 618 572 remissa
640 514 751 572 essent
772 516 920 590 peccata,
948 509 1086 591 parabo·
1138 520 1287 574 catorum
1319 512 1533 587 remissionis;
1568 511 1625 575 scd
1657 533 1700 575 ne
1731 512 1765 574 in
1793 511 1928 577 verbulo
1954 514 2018 577 isto
2041 518 2113 597 quis

106 596 175 660 lam
192 595 367 676 proposuit.
403 594 478 657 Duo
500 592 662 658 debitores
684 602 779 658 erant
800 595 856 657 uni
874 595 1085 673 foeneratori;
1138 596 1307 678 impingat,
1331 597 1400 677 ipsc
1422 597 1485 660 alic
1507 596 1577 662 loco
1599 599 1747 662 occurrit.
1792 597 1878 662 Caro
1901 597 2039 676 Christi,
2062 602 2113 665 in-

108 681 191 746 alter
212 681 450 763 quinquaginta
467 679 612 757 debebat,
637 679 719 743 altor
740 681 933 763 quingenta;
956 681 1086 761 utrique
1139 682 1222 763 quit,
1246 703 1360 746 verum
1383 692 1432 747 est
1453 690 1487 745 et
1509 685 1643 748 unicum
1663 704 1722 765 pro
1744 686 1885 766 peccatis
1907 686 2113 765 sacrificium,

107 767 282 831 remissum
305 775 355 831 est
367 766 526 829 debitum:
550 773 625 830 uter
640 765 797 829 maiorem
813 767 953 849 gratiam
965 765 1084 831 habet?
1139 789 1205 831 non
1227 767 1323 831 modo
1345 769 1385 832 iis
1406 791 1489 850 quac
1510 770 1663 834 universa
1680 770 1716 832 in
1738 769 1931 852 baptismate
1954 770 2113 850 delentur,

107 850 299 936 Respondet
321 853 535 916 Pharisaeus:
566 853 594 916 is
621 852 732 933 utique
756 852 809 916 cui
830 852 905 934 plus
928 852 1086 916 donatum
1139 854 1196 917 scd
1222 874 1305 935 quae
1334 862 1446 936 postea
1473 877 1515 918 ex
1540 855 1732 919 infirmitate
1754 857 1949 938 subrepunt3
1981 864 2114 939 propter

108 947 167 1003 est.
213 937 355 1004 Sublicit
378 939 556 1012 Dominus,
584 936 661 1001 hinc
689 958 828 1020 agnosce
856 939 993 1003 remissa
1015 958 1086 1001 csse
1160 961 1220 1003 uae
1231 941 1385 1004 universa
1401 940 1547 1023 quotidie
1564 941 1684 1006 clamat
1701 941 1849 1007 ecclesia:
1873 943 2002 1006 remitte
2020 944 2114 1008 nobis

107 1025 185 1090 huic
206 1025 337 1088 mulieri
357 1031 502 1106 peccata,
526 1024 603 1105 quia
623 1023 739 1087 dilexit
760 1023 910 1087 multum.
957 1021 1087 1103 Quibus
1138 961 1247 1089 debita
1274 1032 1394 1093 nostra
1439 1028 1485 1090 Et
1511 1028 1725 1090 remittuntur
1753 1050 1812 1109 per
1839 1028 2004 1110 singulare
2031 1029 2114 1092 illud

108 1111 231 1189 verbis,
255 1109 422 1183 atrides,
445 1111 516 1174 eius
538 1110 744 1173 dilectionem
765 1131 832 1172 non
854 1110 931 1174 facit
952 1130 1085 1174 causam
1139 1112 1343 1176 sacrificium.

108 1197 311 1262 remissionis
328 1204 543 1278 peccatorum,
563 1195 619 1260 sed
630 1196 864 1278 probationem.
895 1192 985 1260 Sunt
997 1194 1085 1259 enim
1225 1201 1274 1261 39.
1320 1198 1487 1262 Vocarunt
1510 1208 1628 1276 autem,
1652 1198 1898 1280 utplurimum,
1921 1201 2114 1266 satisfactio·

108 1291 240 1365 sumpta
273 1305 293 1347 a
326 1282 426 1347 simili
454 1282 524 1347 eius
552 1280 717 1359 debitoris,
752 1282 804 1345 cui
831 1281 966 1345 remissa
992 1287 1087 1344 erant
1138 1306 1223 1362 nem,
1244 1305 1311 1346 non
1333 1285 1631 1365 compensationem
1648 1282 1815 1365 quaeDeo
1833 1283 2033 1363 redderetur,
2056 1286 2115 1350 sed

107 1370 298 1452 quingenta,
324 1370 378 1433 cui
400 1391 466 1432 non
489 1368 573 1432 dixit
594 1367 666 1431 ideo
689 1368 826 1432 remissa
847 1367 923 1449 quia
944 1366 1086 1430 multum
1138 1370 1302 1451 publicam
1323 1371 1592 1447 testificationem,
1615 1391 1679 1451 qua
1700 1371 1754 1451 qui
1779 1371 2113 1438 excommunicatione

108 1455 291 1533 dilexisset;
320 1455 377 1518 sed
406 1454 478 1518 ideo
504 1453 648 1517 multum
673 1452 824 1536 diligere,
853 1455 930 1534 quia
950 1453 1087 1516 remissa
1138 1456 1286 1521 mulctati
1308 1457 1447 1533 fuerant,
1471 1477 1571 1537 quum
1593 1456 1628 1520 iu
1646 1457 1905 1520 communionem
1922 1458 2023 1539 recipi
2044 1458 2114 1523 vel·

108 1542 182 1606 sint.
229 1543 341 1623 Atque
369 1539 428 1603 tac
455 1562 527 1604 cam
556 1538 803 1603 similitudinem
831 1538 987 1620 applicari
1009 1560 1086 1603 cou-
1137 1541 1222 1619 lent,
1251 1542 1419 1606 ecclesiam
1448 1540 1627 1606 reddebant
1661 1541 1700 1606 de
1728 1563 1789 1606 sua
1815 1543 2016 1625 poenitentia
2044 1566 2115 1608 cer·

108 1628 216 1706 venit,
245 1628 282 1691 in
304 1627 389 1691 hanc
410 1627 563 1690 formam:
593 1633 690 1708 putas
719 1625 889 1688 muherem
908 1624 993 1689 hanc
1015 1646 1086 1689 esse
1138 1628 1263 1691 tiorem.
1308 1626 1543 1692 Indicebantur
1569 1629 1657 1692 enim
1678 1627 1742 1692 illis
1763 1629 2004 1710 poenitentibus
2027 1637 2116 1693 certa

107 1714 323 1796 peccatricem
359 1713 448 1794 atqui
482 1712 581 1776 talem
609 1732 676 1775 non
709 1731 793 1789 cssc;
827 1730 1002 1792 agnoscere
1034 1710 1087 1774 de
1138 1714 1276 1791 ieiunia,
1305 1721 1337 1777 et
1363 1713 1428 1777 alia
1448 1714 1567 1795 quibus
1596 1735 1631 1778 se
1655 1715 1771 1795 prioris
1794 1715 1880 1778 vitae
1908 1734 1985 1779 vere
2012 1721 2045 1778 et
2073 1735 2115 1779 cx

107 1800 236 1878 bucras,
261 1799 391 1882 quando
413 1798 444 1862 ei
465 1799 602 1862 remissa
623 1797 692 1861 sint
713 1805 859 1878 peccata:
884 1797 1086 1861 remissionis
1138 1801 1246 1862 animo
1275 1805 1441 1881 pertaesos
1469 1821 1540 1865 esse
1562 1801 1793 1882 approbarent,
1823 1799 1876 1863 vol
1897 1801 2003 1881 potius
2028 1801 2113 1882 pric-

108 1893 220 1950 autcm
247 1892 453 1968 peccatorum
486 1883 584 1948 fidem
611 1883 670 1947 tibi
698 1883 803 1947 facere
831 1880 989 1946 debuerat
1016 1882 1086 1948 eius
1138 1907 1212 1949 rum
1238 1886 1429 1949 memoriam
1456 1885 1676 1950 obliterarent.
1721 1887 1830 1967 Atque
1855 1886 1902 1948 ita
1923 1885 2116 1951 dicebantur

108 1971 248 2050 dilectio,
266 1970 586 2054 quaobbeneficium
603 1970 742 2052 gratiam
760 1970 867 2032 refert.
896 1968 960 2032 Est
977 1976 1086 2032 autem
1138 1991 1205 2034 non
1227 1971 1308 2049 Dec,
1332 1971 1389 2036 sed
1412 1972 1565 2036 ecclesiae
1588 1972 1780 2037 satisfacere.
1822 1970 1920 2051 Quod
1942 1973 2040 2035 etiam
2062 1971 2114 2038 his

107 2066 339 2140 argumentum
362 2079 382 2121 a
403 2057 586 2139 posteriori,
610 2076 673 2138 quc
695 2054 818 2136 aliquid
841 2053 1085 2119 demonstratur
1137 2058 1217 2138 ipsis
1239 2057 1328 2121 verb'
1370 2058 1410 2121 ab
1432 2059 1620 2140 Augustino
1641 2079 1834 2140 expressum
1855 2064 1906 2121 est
1931 2058 1966 2121 in
1988 2056 2113 2122 Euchi-

108 2165 129 2208 a
155 2144 259 2226 signis
288 2143 508 2226 sequentibus.
554 2141 630 2221 Qua
656 2153 766 2204 autem
788 2141 913 2204 ratione
938 2147 1085 2222 peccato-
1138 2142 1221 2206 ridio
1244 2142 1285 2206 ad
1339 2144 1532 2207 aurentium.
1548 2143 1573 2226 1)
1617 2145 1670 2207 Ex
1692 2144 1826 2225 antiquo
1855 2164 1892 2207 eo
1914 2144 1981 2207 ritu
2004 2165 2114 2226 sump-

108 2251 184 2293 rum
215 2230 442 2294 remissionem
474 2229 531 2292 illa
558 2228 750 2304 obtinuerit,
784 2226 892 2308 palam
920 2226 1085 2291 Dominus
1138 2235 1251 2293 serimt
1279 2229 1439 2312 originem
1466 2230 1685 2294 confessiones
1710 2237 1743 2293 et
1769 2229 2004 2294 satisfactiones
2031 2250 2115 2311 quae

97 2322 256 2386 testam.
301 2313 418 2392 Fides,
443 2315 564 2397 inquit,
593 2320 704 2376 tuate
726 2312 851 2376 salvam
873 2311 957 2376 fecit
1002 2311 1085 2377 Fide
1138 2314 1235 2378 hodic
1266 2316 1303 2378 in
1335 2337 1397 2379 usu
1432 2324 1517 2379 sunt.
1562 2316 1696 2398 Viperei
1725 2336 1803 2380 sane
1835 2321 1965 2398 partus,
1998 2315 2138 2397 quibus¹

106 2402 209 2484 igitur
229 2401 454 2465 remissionem
477 2399 694 2481 assequimur;
716 2399 850 2462 caritate
872 2399 995 2479 gratias
1016 2399 1085 2481 agi·
1137 2401 1338 2478 factumest,
1363 2407 1402 2464 ut
1423 2423 1465 2464 nc
1488 2403 1604 2466 umbra
1623 2400 1755 2482 quidem
1774 2400 1917 2465 melioris
1938 2401 2027 2465 illius
2049 2401 2114 2465 for·

107 2508 183 2551 mus
206 2495 239 2551 et
259 2486 395 2551 Domini
417 2484 666 2550 beneficentiam
687 2491 856 2548 testamur.
1137 2509 1210 2551 mae
1242 2487 1392 2569 supersit.
1448 2485 1524 2552 Scio
1556 2496 1683 2552 veteres
1722 2487 1887 2551 interdum
1926 2486 2115 2565 duriuscule

195 2576 244 2636 38.
288 2573 414 2637 Parum
441 2579 552 2635 autem
580 2583 802 2647 memorent,
830 2589 915 2651 quae
937 2568 973 2630 in
995 2578 1085 2633 vete-
1135 2571 1237 2655 loqui;
1264 2590 1339 2651 nec,
1367 2579 1405 2636 ut
1425 2595 1532 2656 nuper
1554 2573 1637 2651 dixi,
1666 2572 1777 2637 forsan
1798 2572 1906 2654 lapsos
1928 2594 1998 2638 esse
2020 2593 2112 2656 nego.

107 2681 182 2723 rum
205 2660 334 2741 scriptis
357 2657 397 2723 de
420 2657 640 2722 satisfactione
662 2657 784 2737 passim
804 2661 990 2720 occurrunt.
1024 2655 1085 2719 Vi·
1137 2656 1205 2723 Sed
1226 2680 1309 2741 quae
1330 2659 1479 2742 pauculis
1501 2660 1613 2723 naevis
1635 2679 1767 2740 aspersa
1785 2665 1889 2736 erant,
1914 2658 1992 2722 dum
2014 2658 2114 2723 illotis

107 2744 167 2809 dec
200 2745 331 2828 quidem
363 2766 476 2808 eorum
508 2741 685 2807 nonnullos
725 2740 857 2826 (dicam.
881 2739 1082 2821 simpliciter,
1136 2745 1274 2809 istorum
1291 2744 1443 2811 manibus
1461 2752 1653 2823 tractantur,
1673 2766 1805 2827 pmrsus
1816 2745 2039 2826 inquinantur.
2068 2745 2114 2809 Et

105 2852 218 2897 omnes
238 2832 307 2896 fere
329 2852 468 2913 quorum
491 2829 566 2894 libri
588 2830 734 2911 exstant)
762 2834 820 2891 aut
847 2826 908 2890 hac
935 2827 972 2890 in
992 2834 1085 2907 parte
1137 2831 1164 2894 si
1191 2838 1340 2895 veterum
1369 2833 1542 2896 autoritate
1570 2830 1785 2914 pugnandum
1806 2838 1872 2908 est,
1900 2852 1994 2912 quos,
2021 2830 2113 2896 Deus

105 2917 214 3000 lapsos
236 2938 315 2994 esse,
340 2924 397 2981 aut
418 2917 516 2980 nimis
539 2935 653 2997 aspere
675 2935 713 2978 ac
735 2913 817 2977 dure
838 2914 1005 2995 loquutos;
1027 2912 1085 2977 sed
1136 2915 1235 2995 bone,
1264 2922 1391 2981 veteres
1419 2918 1512 2982 nobis
1539 2916 1740 2981 obtrudunt?
1784 2917 1879 2981 Bona
1903 2937 1980 2997 pars
2001 2936 2114 2980 eorum

106 3025 174 3067 non
195 3002 370 3069 concedam
392 3025 446 3068 eos
467 3003 555 3084 ipsos
577 3000 658 3066 adeo
687 3000 787 3064 fuisse
808 2997 906 3064 rudes
928 3007 961 3062 et
981 2999 1084 3081 impe-
1135 3002 1481 3084 quibusLombardus‚
1505 3023 1618 3066 eorum
1630 3002 1841 3087 coryphaeus,
1865 3008 2019 3067 centones
2037 3021 2113 3066 suos

104 3091 198 3169 ritos,
227 3099 324 3155 uteo
347 3111 445 3154 sensu
467 3089 525 3152 illa
546 3087 737 3169 scripserint
764 3106 828 3168 quc
856 3106 875 3148 a
897 3085 990 3148 novis
1012 3085 1084 3149 istis
1136 3088 1317 3166 conteruit,
1347 3108 1389 3151 ex
1417 3088 1550 3154 insulsis
1572 3087 1776 3170 quorundam
1798 3087 2035 3153 monachorum
2057 3086 2114 3151 de·

103 3176 384 3242 satisfactionariis
416 3175 580 3257 leguntur.
637 3170 893 3256 Chrysostomus
925 3169 1046 3235 alicubi
1059 3171 1081 3252 ¹)
1135 3172 1232 3252 liriis,
1256 3195 1338 3256 quae
1358 3174 1418 3238 sub
1440 3175 1622 3253 Ambrosii,
1644 3174 1854 3258 Hieronymi,
1879 3173 2058 3256 Augustini
2081 3176 2114 3237 et

102 3261 151 3325 ita
170 3262 298 3327 scribit:
327 3262 383 3325 ubi
412 3256 635 3325 misericordia
655 3248 1082 3340 flagitaturfinterrogatic
1136 3258 1365 3344 Chrysostcmi
1387 3261 1518 3325 nomine
1540 3261 1706 3336 feruntur,
1731 3258 1883 3341 decerpta
1906 3266 1964 3323 est.
2008 3259 2056 3324 Ut
2077 3259 2125 3322 in'

103 3356 223 3426 ccssat;
257 3345 314 3409 ubi
346 3345 569 3411 misericordia
596 3343 797 3426 postulatur,
831 3341 989 3407 iudicium
1016 3363 1082 3406 non
1135 3346 1300 3427 praesenti
1328 3354 1521 3429 argumento
1546 3345 1744 3410 omniafere
1766 3345 1867 3409 sumit
1893 3367 1912 3409 c
1939 3343 2021 3407 libro
2042 3345 2113 3409 Au·

103 3434 226 3510 sacvit;
253 3432 310 3495 ubi
339 3430 562 3497 misericordia
582 3431 721 3515 petitur,
749 3449 874 3510 poenae
900 3427 990 3492 locus
1015 3449 1082 3492 non
1135 3432 1259 3513 gustini
1282 3430 1321 3495 de
1341 3433 1551 3514 poenitentia,
1574 3433 1630 3515 qui
1652 3430 1852 3513 arhapsodo
1874 3430 1982 3513 aliquo
2003 3431 2113 3511 inepte

103 3524 169 3596 est3
192 3517 249 3581 ubi
272 3516 501 3596 misericordia,
521 3517 668 3598 quaest-ic
690 3516 796 3594 nulla3
819 3515 876 3579 ubi
898 3515 1082 3578 misericor·
1135 3537 1177 3581 ex
1204 3515 1298 3582 bonis
1324 3519 1447 3599 pariter
1474 3540 1512 3583 ac
1538 3518 1634 3582 malis
1662 3518 1830 3582 autoribus
1857 3516 2112 3594 consarcinatus,

105 3603 168 3681 dia,
192 3602 373 3668 condonata
395 3603 562 3686 responsio
584 3610 642 3667 cst
677 3599 772 3681 Quae
793 3601 896 3667 verba
916 3607 1082 3682 utcunque
1134 3602 1313 3687 Augustini
1335 3603 1466 3684 quidem
1487 3625 1607 3669 nomen
1628 3603 1786 3685 praefert,
1809 3602 1866 3667 sod
1889 3623 1986 3684 quem
2007 3622 2112 3680 nemo,

104 3695 334 3772 torqueantur,
362 3709 438 3752 cum
462 3686 669 3772 dogmatibus
691 3686 894 3752 scholasticis
916 3686 1084 3751 conciliari
1135 3688 1188 3752 vel
1209 3687 1417 3754 mediocriter
1438 3689 1566 3769 doctus,
1590 3709 1766 3772 agnoscere
1786 3710 1845 3771 pro
1868 3709 1925 3752 suo
1948 3687 2111 3770 dignetur.

105 3795 274 3858 nunquam
303 3781 466 3857 poterunt.
511 3773 552 3837 ln
576 3773 659 3838 libro
681 3780 792 3838 autem
812 3772 852 3837 de
875 3771 1083 3855 dogmatibus
1139 3775 1227 3854 Quod
1253 3779 1356 3839 auam
1384 3777 1420 3839 ta
1446 3796 1552 3840 eoram
1578 3776 1715 3856 ineptias
1747 3795 1808 3838 noa
1836 3779 1901 3838 tom
1927 3778 2037 3854 argute
2062 3792 2113 3835 aa

105 3861 347 3939 ecclesiasticis,
370 3861 426 3942 qui
447 3859 634 3942 Augustino
653 3859 856 3937 inscribitur,
879 3859 925 3923 sic
947 3857 1082 3943 legis22)
1134 3861 1241 3940 qairo,
1274 3861 1435 3943 macerant
1461 3860 1597 3941 lectores,
1629 3880 1706 3941 quos
1733 3860 1799 3924 colo
1827 3859 1968 3923 molestia
2001 3859 2110 3922 ovare.

105 3949 323 4029 poenitentiae
352 3946 528 4011 satisfactio
557 3953 621 4022 est,
651 3966 765 4011 causas
792 3951 1000 4028 peccatorum
1025 3967 1082 4011 ex·
1136 3945 1223 4010 Meas
1248 3952 1324 4011 certe
1345 3967 1399 4011 acc
1420 3948 1509 4013 valde
1530 3947 1732 4023 laboriosum,
1760 3950 1789 4008 ct
1814 3951 1917 4008 tomen
1939 3942 2112 4025 plausibile

105 4033 226 4112 cidere,
249 4055 309 4098 nec
331 4053 444 4097 eorum
466 4031 730 4114 suggestionibus
752 4030 879 4096 aditum
900 4029 1081 4115 indulgere.
1134 4038 1211 4097 esset
1231 4033 1390 4098 hedmere
1417 4053 1486 4097 erm
1512 4034 1652 4096 maximo
1666 4031 1781 4112 probro
1803 4051 1882 4111 quae
1903 4029 2033 4094 antehac
2049 4049 2112 4110 pro

106 4117 179 4199 Quo
207 4126 356 4203 apparet,
390 4118 455 4182 illis
482 4138 610 4200 quoque
637 4117 774 4183 saeculis
801 4118 931 4182 irrisam
982 4118 1082 4182 assim
1135 4119 1291 4201 mysteriis
1312 4120 1484 4197 iadorae&
1505 4118 1558 4182 sed
1579 4118 1655 4197 quic
1670 4117 1827 4197 fructuose
1847 4117 1952 4181 docere
1967 4117 2112 4197 proposi·

104 4205 204 4270 trisse
236 4205 464 4271 satisfactionis
495 4202 692 4280 doctrinam,
725 4224 808 4288 quae
840 4224 899 4285 pro
932 4223 952 4266 a
1010 4203 1082 4268 'ssis
1135 4208 1198 4268 tam
1221 4210 1273 4283 est,
1295 4205 1483 4287 supersedeo.

105 4289 232 4356 delictis
254 4291 388 4373 rependi
411 4290 589 4368 diceretur;
616 4309 716 4370 quum
737 4308 868 4353 omnem
890 4289 1082 4354 satisfactio·
1133 4342 1136 4347 ,

104 4399 181 4441 uem
203 4376 245 4442 ad
265 4379 450 4443 cautionem
472 4376 593 4441 referat
621 4395 656 4438 se
683 4375 718 4437 in
739 4381 906 4456 posterum
927 4395 947 4437 a
968 4395 1081 4456 pecca·

105 4463 146 4527 tis
168 4462 359 4528 abstinendi.
393 4463 477 4528 Nolo
495 4461 602 4528 citare
620 4460 706 4542 quod
719 4459 821 4524 tradit
836 4460 924 4524 idem
936 4458 1081 4544 Chryso·
1492 4458 1646 4525 CAPUT
1669 4459 1710 4524 V.
1720 4459 1750 4542 ²)

105 4556 238 4628 stemus,
250 4553 278 4635 ⁸)
300 4548 406 4633 euw)
428 4548 513 4612 nihil
535 4569 555 4611 a
577 4546 673 4610 nobis
693 4545 783 4609 ultra
803 4546 970 4627 requirere
982 4566 1082 4627 quam
1488 4604 1496 4620 ,
1782 4601 1790 4618 ,
1906 4600 1914 4616 ,
2077 4567 2080 4572 ·

105 4641 143 4698 ut
160 4634 278 4701 delicta
294 4644 408 4700 nostra
429 4656 504 4700 cum
521 4633 676 4717 lacrymis
697 4628 784 4713 apud
800 4653 835 4696 se
852 4631 1080 4712 confiteamur;
1133 4602 1201 4686 De
1214 4603 1638 4715 supplemenblsquae
1652 4601 2018 4686 adsahlsfactlones
2035 4599 2109 4680 ad·
2126 4688 2133 4703 ἢ

106 4721 233 4802 quando
252 4721 414 4821 ,1111111111
436 4720 619 4786 sententiae
641 4716 783 4816 ,1111111118
801 4717 836 4813 in
857 4716 926 4779 11111
948 4723 981 4814 st
1002 4716 1082 4816 auo-
1133 4723 1299 4829 iiciunt,
1318 4753 1470 4837 nempe
1487 4708 1765 4835 indulgentiis
1783 4734 1828 4804 et
1848 4720 2108 4833 purgatorio.
2196 4790 2201 4800 .

105 4827 180 4869 rum
198 4815 325 4889 scriptrs
342 4814 523 4871 recurrunt.
551 4807 759 4889 Augustinus
776 4798 908 4885 qmdcm
925 4800 1081 4886 ahcubie)

105 4911 205 4973 opera
215 4891 453 4958 misericordiae
464 4891 610 4957 remedia
619 4897 790 4973 nuncupat
801 4886 996 4955 obtinendae
1007 4910 1082 4971 pcc·
1222 4895 1249 4955 1.
1271 4891 1326 4955 Ex
1336 4890 1398 4957 hac
1410 4912 1508 4974 porro
1525 4890 1752 4957 satisfactionis
1764 4889 1912 4955 doctrina
1928 4888 2112 4954 scaturiunt

1203 5113 1232 5180 1)
1251 5114 1490 5183 captabantur
1508 5115 1536 5167 in
1553 5115 1660 5166 Dccrot.
1679 5131 1700 5166 c.
1720 5115 1747 5166 in
1766 5121 1817 5166 act.
1833 5114 1867 5166 de
1905 5113 1986 5164 ocnit.
2006 5112 2067 5163 dist.
2085 5110 2108 5163 1.

175 5183 204 5250 1)
223 5184 323 5236 Hcmil.
340 5183 365 5235 2.
384 5184 412 5236 in
430 5185 501 5236 Psal.
520 5183 561 5236 50.
631 5182 662 5248 2)
680 5183 743 5251 (lap.
762 5181 797 5236 bd
814 5181 883 5250 (24).
953 5182 983 5244 3)
1000 5183 1081 5235 Hom.
1133 5182 1164 5241 21
1191 5183 1280 5236 Sumit
1307 5184 1450 5238 materiam
1477 5200 1556 5237 suam
1588 5199 1622 5236 ex
1648 5183 1739 5237 eodem
1771 5183 1836 5252 (lap.
1866 5180 1882 5233 l
1913 5222 1919 5233 .
1945 5196 2038 5248 praec.
2068 5178 2109 5232 ed.

108 5253 147 5307 10.
166 5255 194 5306 iu
213 5252 310 5305 Genea.
362 5250 392 5314 4)
413 5251 523 5306 Decea?
577 5250 734 5316 b)1lnchir.
753 5252 789 5304 ad
806 5253 933 5305 horrent.
952 5249 988 5305 48
1004 5268 1081 5321 seqq.
1135 5253 1158 5318 ξ.
1177 5250 1289 5304 38-43.
1308 5261 1332 5307 et
1349 5254 1372 5320 §-
1390 5250 1501 5305 tl-so.
1536 5252 1583 5307 Aa
1606 5254 1714 5306 initium
1732 5252 1766 5318 cs.
1785 5250 1904 5305 eiusdem
1923 5247 1948 5318 ξ.
1966 5247 2000 5302 59
2017 5250 2064 5316 fis.
