4672 5842
516 280 606 345 LIB.
629 279 656 345 Ι.
701 281 765 345 ΒΕ
789 279 1083 349 OOGNITIONE·
1098 283 1182 350 DEI
1204 283 1477 352 aRaAroms.
1523 283 1621 350 CAP.
1645 287 1704 351 VI.
2071 295 2113 356 54

452 466 603 533 CAPUT
625 468 685 532 VI.
700 467 724 553 ¹)
1133 473 1227 538 etiam
1243 472 1415 553 redemptor
1431 473 1466 536 in
1479 473 1665 571 'mediatoris
1679 495 1823 554 persona.
1856 474 2022 577 Caeterum
2035 480 2112 560 quia
2178 468 2181 475 ¹

106 608 173 695 Ut
202 610 256 692 aa
287 610 429 708 Deum
460 623 692 693 creatorem
724 611 817 720 quis
848 613 1079 723 perveniat,
1132 559 2112 728 ῗὲῗῖῗῖἴωῗίᾱέηἴέῗῖἓαῖἷῖἓῖῗᾶῗη66766ἴῖιῖρέἶῖἷὲἪῖ

130 760 237 842 opus
270 759 362 814 9553
395 730 604 841 scriptura
634 731 740 814 duee
773 744 817 814 et
847 734 1064 843 magistra,
1132 732 1280 794 min-erint
1302 729 1521 827 crpolectores,
1545 751 1592 793 me
1613 733 1753 828 umidum
1774 733 1811 796 de
1831 733 1952 834 foedere
1973 735 2027 800 illo
2044 736 2110 802 dis·

1132 835 1246 895 serere,
1275 837 1334 895 quo
1356 815 1418 878 srbr
1440 814 1530 879 Deus
1551 816 1712 895 adoptauit
1732 817 1883 882 Abrabae
1901 819 1999 898 frtros,
2021 826 2050 885 et
2070 823 2109 887 de

196 902 222 961 1.
279 896 366 979 Erpa
403 916 585 978 quanquam
622 898 784 962 bominum
823 899 1081 981 inpratitudiuem
1132 902 1190 966 itta
1209 901 1365 965 doctrinae
1380 905 1473 979 parte
1496 922 1559 981 qrra
1574 903 1706 980 proprie
1731 905 1882 985 seprepati
1904 924 2023 985 sempm
2041 908 2109 987 fue·

105 984 187 1049 satis
207 1003 360 1063 superque
380 984 465 1047 curui
488 984 664 1065 patrocinio
686 985 800 1064 spoliat
825 985 930 1067 fulpor
952 986 1004 1050 illc
1026 987 1081 1066 qui
1131 991 1206 1051 runt
1224 986 1331 1066 fideles
1351 1007 1372 1048 a
1389 987 1536 1066 profanis
1561 987 1715 1067 pentibus,
1739 990 1816 1069 qaia
1834 991 1868 1051 in
1893 987 2015 1056 Christo
2034 992 2109 1073 fun·

106 1070 140 1134 in·
166 1069 245 1135 coelo
272 1073 300 1133 et
326 1070 360 1132 in
388 1074 472 1133 terra
499 1071 637 1133 omrrium
666 1070 763 1133 oculis
794 1072 961 1153 inperitior,
989 1073 1080 1135 sicuti
1132 1075 1207 1138 data
1233 1072 1310 1152 fuit,·
1339 1072 1393 1135 sed
1415 1077 1536 1135 tautum
1562 1076 1710 1152 quomodo
1742 1075 1964 1156 inscriptura
1991 1078 2109 1143 discere

106 1154 204 1232 Deus,
228 1159 262 1218 ut
280 1175 378 1237 peuces
399 1154 571 1218 trumauum
592 1156 727 1218 incolent
747 1157 849 1220 eodem
872 1162 968 1234 reatu,
993 1177 1081 1220 cnnc-
1131 1156 1429 1235 666666666166666,
1452 1158 1507 1237 qui
1523 1157 1634 1221 mundi
1653 1166 1770 1223 mentor
1788 1165 1839 1233 est,
1864 1163 1954 1224 certis
1973 1165 2051 1227 uotis
2069 1164 2108 1228 ab

106 1243 147 1306 tis
168 1243 235 1306 siue
256 1243 428 1320 exceptione
446 1260 559 1303 rr-rrmeu
579 1262 673 1304 suum
696 1241 882 1305 delineatum
909 1243 943 1305 iu
965 1249 1080 1307 ereatu-
1131 1247 1213 1309 omni
1240 1244 1444 1307 commentitia
1472 1244 1598 1307 deorum
1624 1245 1715 1307 turba
1737 1246 1881 1310 discerni.
1930 1246 2109 1328 Opportune

104 1329 153 1392 ris
168 1328 326 1408 proponit,
349 1326 439 1390 aliud
457 1331 558 1389 tamen
580 1332 608 1390 66
628 1327 740 1390 arelius
757 1328 983 1392 adminiculum
1001 1350 1080 1392 acre-
1131 1331 1240 1395 deinde
1257 1330 1352 1393 series
1370 1330 1440 1409 ipsa
1457 1330 1500 1392 ad
1518 1331 1753 1409 redemptionom
1772 1352 1828 1395 nos
1845 1332 1976 1396 deducet.
2003 1334 2108 1413 66666-

104 1415 176 1480 dere
199 1433 316 1477 necesse
338 1412 482 1492 estquod
499 1424 555 1475 uos
569 1411 667 1491 probe
687 1413 729 1476 od
748 1414 851 1493 ipsum
870 1414 979 1478 muudi
998 1436 1080 1479 crea·
1130 1436 1227 1497 quom
1248 1419 1351 1478 autem
1371 1414 1470 1478 multa
1491 1436 1529 1478 ec
1549 1436 1627 1479 rrorro
1648 1421 1825 1480 testamento
1852 1419 2029 1483 testimonia
2051 1422 2107 1485 ad

103 1506 198 1564 torem
230 1499 355 1581 diripat.
408 1497 519 1577 ltaque
551 1519 612 1560 nou
639 1499 761 1577 frustra
788 1500 871 1563 uerbi
899 1501 951 1563 sui
978 1501 1079 1564 lerureu
1131 1501 1314 1578 tribebimus,
1350 1501 1416 1564 otia
1449 1501 1543 1563 etiam
1571 1521 1608 1564 er
1636 1501 1699 1583 lepe
1726 1508 1754 1564 et
1777 1502 1951 1582 prophetis,
1981 1504 2034 1567 ubi
2056 1526 2108 1569 ea·

103 1586 237 1661 addidit,
260 1604 321 1665 quo
341 1584 536 1648 innotesceret
556 1584 590 1646 in
610 1585 748 1648 salute-m.
789 1585 893 1666 Atque
913 1585 970 1649 trac
986 1607 1080 1666 prae·
1125 1607 1239 1669 pressa
1259 1587 1296 1667 fit
1317 1583 1435 1649 0166666-
1457 1588 1585 1663 mentio,
1607 1587 1642 1649 iu
1661 1587 1741 1649 truria
1760 1593 1862 1650 tonreu
1878 1587 1973 1666 finem
1990 1592 2110 1655 tendent

102 1673 246 1755 ropatioa
268 1670 416 1752 dipnotus
438 1674 482 1731 est
502 1690 577 1749 quos
599 1670 695 1734 coluit
714 1672 846 1752 propius
869 1673 1015 1754 etmapis
1030 1673 1080 1751 fa-
1130 1674 1244 1750 orurriu,
1264 1671 1367 1734 Deum
1389 1672 1499 1733 rrrundi
1521 1672 1659 1752 opificem
1681 1673 1769 1737 uobis
1791 1673 1935 1753 patefieri
1957 1677 1991 1737 iu
2011 1678 2113 1758 scrip*

102 1757 273 1822 miliar-iter
299 1756 342 1820 ad
370 1777 402 1820 se
428 1755 574 1837 collipere.
621 1755 707 1819 Nam
735 1758 811 1836 quia
832 1779 912 1839 rapa
934 1763 962 1820 66
983 1759 1080 1821 insto·
1130 1765 1212 1834 tura,
1236 1762 1262 1821 et
1279 1758 1356 1838 quid
1381 1758 1419 1820 de
1441 1778 1474 1821 eo
1496 1759 1687 1822 septinarium
1708 1761 1750 1823 sit
1767 1760 1887 1837 erponi,
1911 1780 1949 1822 ne
1964 1781 2026 1840 per
2042 1782 2110 1825 am

103 1843 160 1908 bili
191 1842 361 1926 opilatione
391 1843 585 1921 circumferri
620 1842 741 1906 uidebat
779 1844 917 1906 ouruinru
948 1845 1078 1922 aninros,
1130 1846 1221 1926 bapes
1244 1844 1390 1906 incertum
1412 1843 1541 1922 aliquod
1562 1864 1676 1907 rrunreu
1698 1864 1892 1925 quaeramus.

97 1934 267 2013 postquam
301 1927 438 1993 Iudaeos
469 1927 529 1990 sibi
558 1928 645 2010 clepit
672 1929 705 1991 iu
733 1950 854 2011 prepcm
876 1930 1077 2010 peculiarem,
1219 1933 1246 1992 2.
1295 1927 1366 1999 Siue
1390 1932 1491 1992 666666
1519 1950 1579 2008 per
1601 1931 1727 1992 oraerrla
1755 1935 1782 1992 et
1801 1931 1935 1995 visiones
1958 1933 2109 2009 patribus

101 2014 253 2082 mucellos
274 2013 339 2076 illis
360 2014 574 2092 circumdedit,
604 2035 640 2076 ue
662 2014 794 2077 aliorum
821 2035 903 2078 neore
926 2036 1080 2079 66666366-
1130 2015 1262 2079 innotuit
1284 2014 1382 2085 Deus,
1405 2015 1469 2077 sice
1491 2013 1649 2077 bominum
1677 2036 1770 2096 opero
1792 2021 1820 2078 et
1841 2017 2016 2081 ministerio
2037 2038 2107 2101 sup-

101 2107 179 2166 rent.
227 2100 292 2163 Nec
321 2100 446 2180 frustra
477 2099 579 2163 eodem
610 2100 743 2165 reuredio
770 2120 826 2163 uos
853 2102 888 2162 iu
913 2122 1001 2180 pura
1027 2103 1079 2164 sui
1129 2103 1225 2183 pessit
1252 2102 1334 2180 qaod
1355 2099 1466 2163 deiude
1488 2119 1549 2180 per
1570 2121 1684 2165 urarrus
1706 2102 1845 2180 posteris
1872 2102 2035 2178 traderent,
2058 2104 2107 2167 in·

100 2188 214 2252 notitia
246 2186 392 2263 coritinet,·
425 2186 502 2266 quio
533 2205 605 2249 mou
633 2185 752 2266 alioqui
780 2187 956 2267 diffluerent
983 2188 1080 2250 etiam
1130 2187 1259 2251 dubium
1286 2192 1386 2249 tamen
1413 2191 1458 2249 est
1484 2186 1671 2266 insculptam
1703 2187 1805 2267 fuisse
1831 2208 1936 2250 eorum
1964 2189 2109 2253 cordibus

101 2274 161 2356 qui
191 2272 338 2336 ridentur
364 2291 446 2352 prae
473 2271 550 2334 aliis
581 2271 669 2350 firmi
697 2276 787 2335 stare.
840 2272 959 2352 Nempe
987 2273 1080 2336 sicuti
1129 2273 1257 2353 firmam
1278 2272 1434 2336 doctrinae
1456 2273 1683 2349 certitudinem,
1705 2278 1741 2335 ut
1762 2274 1915 2354 persuasi
1937 2279 2035 2337 esseut
2062 2280 2108 2338 66

103 2378 206 2435 serres,
238 2357 286 2421 cel
311 2357 406 2438 lippi,
435 2357 656 2437 etquicunque
684 2357 781 2422 ocutis
803 2358 952 2440 catipaut,
981 2360 1011 2421 si
1032 2358 1080 2422 ud
1132 2380 1190 2440 que
1210 2357 1427 2439 iutellipereut,
1458 2377 1480 2420 6
1502 2357 1569 2420 Deo
1593 2358 1767 2438 profectum
1796 2380 1859 2422 asse
1888 2359 1970 2438 quod
1995 2360 2109 2424 didice-

97 2444 348 2529 putcbermmum
364 2443 503 2506 uolumen
520 2442 587 2506 illis
603 2442 740 2520 obiicias,
759 2444 1081 2526 quamoisopnoscant
1131 2450 1211 2508 roret.
1259 2443 1384 2525 Semper
1414 2444 1496 2507 enim
1527 2443 1615 2506 Deus
1644 2445 1807 2508 irudubiam
1836 2444 1908 2524 fecit
1936 2444 2024 2508 aerbo
2051 2465 2108 2509 suo

102 2551 169 2596 esse
190 2531 314 2612 aliquid
335 2530 496 2608 scriptum,
519 2529 573 2591 cic
594 2531 694 2591 tarum
716 2529 797 2592 (tuus
818 2548 902 2593 uoces
923 2535 1078 2594 conterere
1129 2531 1229 2611 fidem,
1252 2551 1330 2610 quoe
1352 2530 1436 2591 onrui
1458 2529 1602 2609 opinione
1623 2532 1766 2611 superior
1786 2535 1870 2593 esset.
1912 2530 2052 2594 Tandem
2073 2535 2108 2594 ut

97 2622 261 2699 poterunt,
293 2615 431 2697 specillis
458 2620 561 2678 autem
590 2615 779 2695 interpositis
806 2614 910 2678 adiuti
940 2616 1080 2680 distincte
1131 2617 1275 2682 coertinuo
1296 2634 1465 2696 propressu
1486 2615 1642 2679 doctrinae
1668 2617 1785 2679 ceritas
1813 2615 1946 2679 socculis
1967 2617 2109 2680 ominibus

101 2705 201 2786 tepere
228 2703 392 2786 incipient:
424 2701 471 2763 ito
498 2701 659 2780 scriptura
687 2700 849 2780 confusam
876 2701 993 2782 alioqui
1016 2701 1079 2765 Dei
1131 2708 1287 2784 superstes
1308 2706 1444 2764 nraumet
1466 2701 1501 2763 r'u
1522 2701 1653 2778 mundo,
1681 2701 1787 2765 eaderu
1808 2700 1936 2764 maculo
1957 2722 2037 2781 quoe
2058 2702 2108 2766 de·

100 2789 248 2854 notitiam
273 2789 309 2850 in
337 2785 488 2850 mentibus
517 2787 633 2850 nostris
654 2785 812 2868 cottipeus,
840 2787 984 2851 discusso
1006 2787 1080 2850 cali·
1125 2792 1276 2869 posuerat
1297 2787 1383 2867 apud
1398 2791 1515 2866 patres,
1539 2788 1631 2866 quasi
1645 2786 1780 2867 publicis
1797 2786 1911 2849 tabulis
1927 2789 2108 2869 coruipnata

98 2877 173 2960 pirre
199 2874 320 2955 liquido
345 2872 433 2937 nobis
453 2892 561 2936 oerum
584 2872 687 2936 Deum
713 2871 850 2936 ostendit.
893 2872 960 2937 Hoc
981 2873 1079 2954 ipitrrr
1130 2895 1195 2939 esse
1219 2873 1321 2937 coluit.
1367 2872 1434 2936 Hoc
1456 2873 1583 2936 consilio
1605 2872 1655 2936 tea
1669 2871 1872 2953 promulpata
1891 2872 1963 2952 fuit,
1986 2874 2037 2936 cui
2053 2893 2108 2952 po

99 2961 264 3044 stipulare
297 2960 413 3024 douram
444 2963 501 3037 est,
534 2959 587 3021 ubi
616 2958 658 3021 ad
685 2959 889 3023 erudiendam
921 2959 1079 3023 eules-iam
1131 2966 1197 3025 stea
1217 2960 1397 3038 interpretes
1419 2958 1521 3022 additi
1542 2964 1615 3022 suut
1630 2957 1805 3040 prophetae.
1840 2957 1912 3020 Etsi
1930 2959 2012 3021 cuim
2028 2958 2108 3022 mul·

98 3068 164 3112 nou
190 3046 289 3111 mutis
316 3047 470 3110 decertaret
501 3045 663 3126 mapistris
690 3042 780 3108 Deus
813 3046 927 3123 utitur,
959 3045 1013 3109 sed
1045 3064 1079 3108 os
1131 3046 1229 3126 tiplerc
1254 3045 1319 3126 fuit
1346 3044 1422 3126 lepis
1455 3065 1547 3120 usus,
1576 3049 1611 3106 ut
1639 3043 1751 3108 melius
1777 3042 1930 3106 6666666666
1955 3063 2014 3108 suo
2035 3044 2106 3122 6666,

81 3126 221 3215 'quoque
241 3136 471 3198 sacrosanctum
492 3135 627 3210 reserat;
648 3150 744 3212 neque
761 3135 883 3193 tantum
897 3130 1080 3212 promutpat
1125 3132 1314 3212 praesertim
1331 3150 1400 3194 oero
1418 3128 1505 3193 Masi
1527 3135 1555 3193 et
1574 3129 1716 3194 carnibus
1732 3129 1893 3210 proptretis
1907 3131 2108 3209 propositum

97 3219 263 3286 colondum
284 3239 348 3283 esse
368 3217 505 3298 aliquem
527 3215 646 3294 Deum,
675 3217 729 3281 sed
750 3236 821 3279 eum
842 3237 875 3280 se
897 3237 962 3282 esse
984 3215 1080 3281 simut
1129 3218 1208 3299 fuit,
1235 3216 1361 3280 ruodum
1393 3215 1652 3279 reconciliationis
1678 3215 1760 3279 inter
1781 3214 1887 3278 Deum
1916 3219 1944 3277 et
1970 3213 2109 3279 homiues

93 3301 284 3389 pronuntiat
305 3305 361 3384 qui
382 3303 524 3368 colurdus
544 3303 603 3382 sit,·
630 3322 684 3366 rrae
704 3302 808 3367 electos
830 3303 912 3367 daed
932 3302 1022 3366 ruodo
1045 3303 1079 3364 in
1131 3305 1249 3381 docere,
1277 3303 1359 3367 unde
1386 3303 1481 3365 etiam
1510 3300 1633 3364 Poulrrs
1661 3300 1770 3382 (Rom.
1800 3305 1852 3377 10,
1878 3300 1914 3383 4)
1946 3298 2109 3364 Christum

97 3390 211 3456 Deum
231 3391 388 3470 respicere,
411 3390 464 3455 sed
486 3409 519 3453 se
539 3409 658 3470 quoqne
680 3387 800 3453 eulribet
820 3390 855 3453 iu
873 3409 962 3470 quem
979 3388 1080 3469 respi
1130 3393 1217 3454 oocat
1237 3388 1331 3468 finem
1352 3386 1429 3471 lepis
1435 3411 1444 3464 ;
1466 3388 1580 3450 iterum
1601 3392 1703 3450 tamen
1725 3391 1835 3466 repeto,
1853 3390 1980 3465 praeter
1996 3386 2108 3449 doctri—

94 3477 196 3542 ciant.
242 3473 336 3538 Hunc
363 3475 503 3539 ordinem
529 3474 567 3537 ab
597 3476 688 3539 initio
710 3495 783 3557 erpa
810 3475 966 3540 ecetesiam
987 3493 1079 3540 nram
1131 3495 1205 3539 narn
1236 3473 1312 3553 fidei
1339 3479 1366 3537 et
1395 3473 1600 3554 poeniteutiae
1630 3473 1807 3553 propriam,
1834 3492 1913 3551 quac
1945 3469 2107 3535 Christum

95 3560 215 3636 tenuit,
242 3564 277 3622 ut
302 3565 428 3640 praeter
454 3562 629 3625 communia
658 3560 715 3625 illa
743 3561 923 3626 dommarta
954 3560 1079 3624 verbum
1131 3561 1330 3625 mediatorem
1355 3560 1517 3641 proponit,
1556 3559 1748 3637 scripturam
1780 3559 1907 3620 unicum
1939 3562 1968 3620 et
1999 3575 2108 3619 oerum

96 3666 225 3731 qnoque
243 3643 415 3722 adbiberet;
437 3666 514 3725 quae
534 3649 643 3713 rectior
665 3651 709 3710 est
731 3652 758 3710 et
781 3649 892 3712 certior
909 3647 1080 3727 adipsum
1132 3647 1238 3711 Deum
1265 3650 1417 3726 quotenus
1444 3645 1595 3709 mundum
1617 3646 1732 3708 crearit
1760 3648 1786 3707 et
1817 3643 1982 3724 preberent,
2017 3642 2108 3706 certis
2143 3715 2144 3719 Ἰ

96 3731 344 3816 dipnosceudnm
364 3735 443 3794 ruta.
464 3727 471 3805 t
483 3731 546 3795 Nec
562 3733 692 3797 dirmuru
708 3737 753 3796 est
769 3734 848 3813 quin
865 3733 981 3811 Adam,
1003 3733 1078 3810 Noe,
1132 3734 1214 3796 uotis
1247 3737 1275 3795 et
1306 3730 1482 3813 iusipnibus
1510 3751 1635 3807 errrore,
1666 3750 1703 3793 ue
1731 3730 1898 3793 innuatur
1926 3748 1995 3794 curu
2021 3727 2108 3807 falsa

98 3818 271 3885 Abrabam
301 3808 466 3895 etrdiqui
483 3822 589 3896 patres
610 3819 663 3885 boc
692 3817 883 3884 adminiculo
901 3825 1080 3900 penetrare·
1132 3819 1259 3883 deorum
1287 3817 1386 3881 turba.
1438 3816 1524 3899 Erpa
1551 3818 1696 3897 quamuis
1722 3815 1873 3879 bominem
1895 3815 1977 3878 serio
2006 3812 2108 3876 oeulos

97 3906 168 3970 rint
189 3905 232 3969 ad
257 3902 453 3984 familiarem
474 3903 626 3982 eutitium,
655 3926 734 3985 quae
755 3906 825 3969 illos
846 3904 885 3968 ab
906 3904 1079 3970 incredulis
1131 3904 1288 3968 intendere
1310 3903 1467 3967 conueniat
1488 3903 1531 3966 ad
1553 3901 1779 3966 consideranda
1799 3899 1862 3963 Dei
1884 3919 1987 3979 opero,
2010 3918 2109 3979 quau·

98 3991 239 4072 quodam
265 3988 355 4053 modo
382 3988 535 4052 discrerit.
582 3989 729 4055 Nondum
755 3991 863 4072 loquor
885 3991 922 4054 de
945 3991 1079 4071 propria
1132 3991 1170 4054 do
1192 3991 1227 4053 iu
1249 3988 1302 4052 troc
1323 3987 1576 4068 splendidissimo
1605 3987 1720 4052 ttreotro
1742 3987 1858 4050 locatus
1880 3991 1925 4048 est
1946 3989 1981 4047 ut
2003 4002 2109 4047 eorum

95 4076 177 4159 fidei
198 4075 341 4140 doctrino
362 4095 425 4154 quo
446 4075 574 4154 fuernrrt
594 4075 766 4140 illuminati
783 4079 818 4140 iu
835 4097 922 4158 spem
938 4083 1079 4140 aeternae
1132 4081 1209 4142 essct
1229 4080 1393 4156 spectator,
1416 4094 1510 4138 arr-res
1530 4079 1632 4137 tamen
1655 4073 1825 4154 praecipue
1846 4071 1985 4152 arripere
2007 4089 2109 4133 coure-

98 4163 191 4226 66666.
239 4161 325 4224 Nam
352 4166 385 4223 ut
412 4158 584 4223 transirent
610 4180 630 4222 6
658 4165 750 4226 ruorte
778 4164 813 4226 in
834 4164 946 4240 eitam,
974 4162 1080 4226 Deum
1131 4164 1178 4225 nit
1205 4161 1410 4235 adverbum,
1437 4165 1473 4223 ut
1500 4158 1787 4239 metiuspuoficiat.
1832 4156 1881 4220 Ac
1897 4156 2030 4235 quoinde
2051 4154 2109 4216 mi

98 4268 163 4325 nou
192 4248 281 4312 ruodo
306 4251 472 4312 creatorem
505 4265 664 4326 opnoscere
691 4267 808 4313 necesse
839 4249 917 4329 fuit,
946 4250 1000 4313 sed
1033 4268 1079 4311 re·
1130 4269 1204 4311 rum
1224 4267 1284 4311 nou
1306 4252 1358 4324 est,
1381 4247 1482 4328 mapis
1504 4265 1540 4308 ac
1562 4247 1664 4327 mapis
1685 4245 1717 4307 in
1740 4250 1864 4323 stupore
1885 4261 1942 4305 suo
1965 4240 2108 4304 obdures-

99 4335 290 4413 dcurptorem
311 4353 444 4413 quaqua·
473 4336 508 4394 ut
529 4336 607 4395 certe
633 4337 797 4415 utrumque
819 4335 923 4415 adepti
945 4340 1018 4400 suut
1039 4354 1078 4397 ea
1130 4355 1195 4398 cere
1216 4334 1271 4413 qui
1293 4332 1328 4394 in
1350 4332 1482 4396 tenebris
1504 4333 1571 4394 irati
1592 4335 1683 4408 suut,·
1712 4330 1789 4409 quia
1806 4327 1997 4409 paratissimi
2019 4330 2053 4387 ut
2074 4344 2108 4388 se

99 4421 201 4485 verbo.
259 4419 377 4485 Ordine
409 4418 491 4482 euim
516 4417 688 4497 praecessit
719 4418 778 4483 rua
805 4421 930 4485 notitiae
962 4421 1078 4500 species
1132 4421 1218 4482 iutra
1239 4422 1336 4482 metas
1357 4418 1545 4494 contineant,
1569 4416 1658 4480 verbo
1681 4415 1744 4478 Dei
1765 4435 1798 4477 se
1813 4412 1963 4494 66666666
1985 4408 2108 4485 dociles,

101 4528 167 4589 qua
193 4511 292 4570 tenue
319 4505 425 4568 datum
444 4504 521 4585 fuit,
550 4504 699 4584 quisnam
720 4505 762 4568 sit
783 4505 872 4569 Deus
898 4506 949 4569 itte
976 4528 996 4569 a
1018 4525 1078 4586 quo
1131 4506 1185 4569 sed
1204 4505 1309 4585 potius
1331 4503 1486 4568 exsultant
1514 4505 1546 4567 iu
1575 4524 1635 4567 sua
1657 4501 1801 4565 uanitate.
1849 4496 1902 4559 Sia
1922 4500 2024 4558 autem
2048 4493 2108 4591 'bae

100 4593 242 4656 merrrdus
268 4596 313 4655 est
338 4591 479 4655 corut-itus
497 4594 525 4653 et
542 4590 741 4672 puberratur.
786 4590 907 4654 Deirrde
929 4591 1079 4655 adiuncta
1131 4592 1262 4655 bendum
1290 4595 1347 4667 est,
1377 4594 1411 4652 ut
1432 4589 1520 4654 uobis
1541 4588 1687 4670 affalpeat
1709 4606 1784 4648 ocra
1805 4583 1921 4663 reliqu,
1945 4580 2109 4644 exordium

100 4677 165 4760 fuit
187 4677 285 4742 attera
307 4676 449 4751 irrterior,
477 4696 557 4756 quae
578 4677 646 4740 sola
672 4679 813 4740 urortuus
834 4677 959 4742 errimus
979 4676 1079 4757 uiuifi-
1131 4699 1152 4741 a
1172 4676 1289 4741 coelesti
1314 4676 1455 4740 doctriua
1479 4675 1550 4755 fieri
1578 4674 1778 4746 debe-ranae
1806 4686 1993 4763 quemquam
2016 4686 2110 4765 posse

103 4770 161 4841 cat,
184 4784 246 4843 qua
268 4762 357 4826 Deus
378 4783 440 4826 uon
462 4766 580 4825 tanturn
601 4762 712 4825 muudi
729 4762 874 4839 66666666,
897 4767 924 4825 66
941 4763 1079 4826 omnium
1131 4765 1178 4827 vel
1200 4764 1365 4826 minimum
1390 4766 1517 4843 pastum
1534 4765 1633 4825 rectae
1652 4775 1807 4836 sarraeque
1828 4754 1986 4817 doctrinae
2007 4771 2112 4833 percr-

104 4869 183 4930 quae
213 4848 294 4929 fiunt
326 4848 440 4912 uniens
465 4853 556 4913 autor
582 4854 609 4912 et
641 4847 757 4912 arbiter
788 4849 992 4930 coprroscitur,
1025 4849 1079 4912 sed
1127 4869 1210 4930 pere,
1233 4848 1298 4912 uisi
1321 4849 1376 4929 qui
1394 4848 1568 4927 scripturae
1583 4845 1682 4926 fuant
1699 4838 1883 4921 disciputus.
1913 4837 1999 4936 b'rrde
2017 4838 2111 4901 etiarn

170 4939 190 4965 ‘
796 4935 804 4944 ’
1132 4935 1258 5016 emerpit
1279 4954 1368 4998 cerae
1396 4932 1613 5014 iutellipeutiae
1631 4927 1843 5011 principium,
1866 4925 1920 4988 ubr
1942 4928 2111 4989 reamarter

1130 5021 1345 5102 amplectimur
1365 5020 1446 5099 quod
1468 5019 1506 5083 de
1526 5038 1558 5082 se
1580 5016 1646 5080 illic
1667 5014 1777 5080 testari
1798 5013 1888 5077 Deus
1908 5011 2013 5076 votuit.
2049 5008 2112 5072 Ne·

174 5141 202 5208 1)
229 5138 329 5206 Confer
348 5140 455 5208 prioris
477 5140 605 5193 editionis
631 5138 733 5262 (35ssss
758 5141 781 5206 §-
801 5138 834 5192 19
851 5147 877 5194 et
893 5139 929 5192 20
951 5156 1021 5210 quae
1039 5146 1079 5193 ta
1132 5127 1190 5186 (1¹⁴⁶
1217 5106 1298 5184 7777777
1319 5106 1457 5186 Meda
1486 5103 1600 5182 iduma
1628 5102 1674 5167 7787
1703 5101 1843 5165 7777777773
1871 5098 1942 5162 37773
1963 5095 2112 5177 cmm

106 5209 471 5280 aunuapuaeaparutr
490 5209 635 5263 laedar
688 5181 743 5262 irai
760 5215 831 5263 saur.
1130 5192 1217 5272 fidos,
1240 5192 1294 5256 sod
1315 5192 1416 5255 omnis
1437 5195 1519 5256 recta
1542 5188 1605 5254 Dei
1633 5188 1765 5273 capuitio
1787 5184 1826 5249 ab
1847 5182 2018 5311 obedientia
2039 5197 2114 5244 uas

1869 5283 1887 5336 4
