4672 5842
78 288 160 350 1013
398 287 489 354 LIB.
512 287 572 352 IV.
616 289 680 353 DE
702 288 939 355 EXTERNIS
961 288 1127 356 MEDIIS
1150 291 1214 356 AD
1237 289 1469 360 SALUTEM.
1513 291 1613 358 eAP.
1636 292 1750 359 XVII.
1999 303 2081 363 1014

75 470 228 538 habenda
256 495 327 538 esse
349 495 445 557 quarn
467 496 655 541 communes
678 476 781 556 cibos,
811 479 865 560 qui
889 476 1051 542 duntaxat
1106 482 1160 556 17,
1184 478 1228 564 6),
1280 478 1434 561 Exemplo
1462 480 1579 545 similis
1606 483 1793 546 sacramenti
1821 481 1875 547 hoc
1901 485 2014 551 nulius
2040 487 2081 551 li·

76 559 118 625 ad
140 559 340 643 pascendum
362 570 512 625 ventrem
534 571 613 627 sunt
634 561 799 628 destinati:
830 585 931 646 quum
951 564 988 628 in
1010 565 1050 628 iis
1102 564 1212 645 qnebit.
1261 564 1359 646 Aqua
1394 587 1410 629 e
1437 586 1515 647 rupe
1536 567 1699 646 mostuene
1727 569 1761 631 in
1792 569 1909 634 deserte
1942 572 2090 638 eiusdem·

74 647 169 711 nobis
191 645 386 729 exhibeatur
412 647 592 729 spiritualis
619 651 746 713 animae
770 650 862 715 cibus
884 672 921 714 ao
942 656 1048 734 potus.
1102 652 1150 715 rei
1172 655 1288 715 tessera
1310 656 1338 715 et
1359 652 1484 735 sipnum
1505 657 1573 716 erat
1588 652 1752 734 patribus,
1774 675 1870 735 quam
1894 655 1982 720 nobis
2001 656 2082 740 dpu-

74 732 115 795 Id
137 724 324 814 nequehos
346 753 512 816 negamus.
559 731 598 799 Si
619 735 788 800 conversio
810 742 875 815 est,
898 737 1051 818 inquiunt
1102 741 1154 799 rat
1175 737 1283 800 ninum
1304 737 1339 800 in
1361 756 1462 801 coena.
1506 736 1602 802 Docet
1623 739 1706 802 enim
1730 738 1853 804 Paulus
1873 739 1905 823 (1
1932 741 2006 806 Cor.
2030 748 2079 823 10,

74 819 145 895 isti,
175 838 307 882 neeesse
334 825 384 882 est
405 819 494 882 aliud
516 840 558 883 ex
580 820 643 885 alio
664 821 745 885 fieri.
792 819 831 886 Si
852 821 956 886 intelli
1003 828 1049 899 nt,
1103 822 1148 904 4),
1170 823 1300 886 eundem
1315 827 1425 903 potum
1449 823 1645 902 spiritualem
1674 845 1723 888 eos
1745 824 1864 890 bibisse,
1908 826 2011 908 Atque
2032 830 2082 894 iu·

74 904 147 968 fieri
170 903 294 986 aliquid
315 904 401 987 quod
423 907 515 988 prius
538 927 603 970 non
626 915 710 985 crat,
734 908 902 972 assentior.
948 844 1051 973 grand
1103 909 1213 972 mentis
1229 907 1342 988 populi
1364 909 1512 990 etpecori
1533 910 1704 973 eommunis
1725 917 1790 976 erat
1808 912 1942 993 aquatio.
1994 913 2081 981 Unde

74 1010 168 1054 suam
197 989 288 1053 illam
309 990 577 1075 imaginationem
606 992 737 1057 trahere
760 993 886 1072 volunt,
915 1016 968 1058 res
991 1016 1050 1057 on·
1101 993 1196 1075 facile
1220 994 1388 1076 collipitur,
1417 995 1453 1058 in
1474 995 1628 1059 elementis
1649 998 1794 1075 terrenis,
1822 998 1898 1060 dum
1920 998 1964 1062 ad
1984 1001 2080 1081 spiri-

40 1080 43 1085 '
74 1075 175 1141 deant
196 1076 278 1138 mihi
300 1097 398 1159 quam
419 1077 634 1142 mutationem
652 1080 725 1143 fieri
747 1079 892 1143 sentiant
913 1080 947 1142 in
969 1016 1050 1161 bap·
1103 1079 1217 1143 tnalem
1238 1100 1331 1143 usum
1352 1079 1545 1159 adhibentur,
1567 1102 1629 1144 non
1645 1081 1744 1145 aliam
1763 1081 1836 1162 [ieri
1854 1087 2079 1151 conuersienem

73 1164 181 1227 tismo.
226 1162 317 1245 Nam
340 1171 449 1244 patres
477 1163 531 1227 hic
558 1185 684 1247 qnoque
716 1165 888 1229 mirificam
915 1185 1050 1230 conver·
1103 1186 1199 1246 quam
1219 1165 1378 1230 hominum
1399 1172 1551 1248 respectu,
1574 1172 1726 1248 quatenus
1745 1167 1813 1231 illis
1828 1171 2080 1249 promissionum

74 1248 200 1312 sionem
231 1254 389 1322 statuunt,
420 1270 520 1331 quum
548 1249 660 1314 dicunt
689 1272 730 1315 ex
759 1251 963 1334 corruptibili
984 1250 1049 1316 ele-
1102 1257 1175 1316 sunt
1195 1251 1311 1335 sipillu.
1347 1252 1492 1317 Addam
1513 1273 1608 1333 quum
1629 1251 1694 1316 Dei
1711 1254 1874 1318 cormilium
1891 1257 1941 1334 sit,
1959 1262 1994 1321 ut
2012 1259 2079 1323 iam

73 1340 185 1398 mento
217 1334 290 1397 fieri
326 1334 494 1417 spirituale
528 1337 657 1401 animae
692 1337 868 1403 lavacrum.
918 1338 1050 1419 Aquam
1100 1337 1227 1418 saepius
1246 1338 1374 1416 inculco,
1396 1358 1452 1401 nes
1473 1339 1638 1403 commodis
1661 1337 1812 1403 uehmulis
1832 1360 1958 1406 sursum
1980 1344 2024 1407 ad
2045 1363 2078 1409 se

73 1428 185 1485 tamen
219 1441 353 1484 manere
385 1443 481 1485 nemo
516 1430 624 1505 negat.
675 1423 721 1486 At
755 1422 852 1500 nihil,
886 1424 1047 1505 inquiunt,
1099 1424 1211 1502 tollere,
1232 1423 1315 1487 illud
1336 1424 1433 1503 impie
1454 1444 1514 1488 sua
1530 1425 1709 1504 panteneia
1729 1425 1937 1506 frustrantur,
1957 1430 2013 1510 qui
2034 1430 2078 1494 ad

72 1506 139 1570 tale
168 1506 203 1571 in
230 1505 391 1588 baptismo
420 1507 559 1572 habetur
581 1508 676 1590 quale
698 1507 781 1572 illud
803 1516 854 1573 est
875 1509 910 1572 in
932 1529 1046 1573 coena:
1102 1506 1261 1573 Christum
1282 1510 1406 1590 quidem
1424 1530 1479 1574 nos
1500 1515 1622 1588 vocant,
1652 1511 1706 1574 sed
1726 1511 1782 1574 srnb
1799 1533 1884 1592 pane
1906 1514 2076 1580 inuisibili-

72 1592 135 1657 hoo
153 1598 204 1656 est
225 1611 341 1674 corpus
362 1613 481 1656 meum.
518 1591 622 1673 Quasi
639 1594 680 1659 de
703 1595 810 1660 verbis
831 1594 898 1658 illis
919 1601 1047 1678 agatur,
1099 1599 1145 1658 ter
1167 1595 1317 1659 latentem.
1363 1595 1471 1676 Neque
1497 1597 1580 1660 enim
1608 1596 1680 1675 heri
1696 1601 1795 1678 potest
1816 1602 1851 1661 ut
1871 1619 1958 1663 niens
1979 1599 2076 1664 homi·

72 1698 156 1761 quae
179 1678 259 1742 satis
280 1678 468 1760 expeditum
486 1699 620 1744 sensum
638 1679 770 1759 habent,
795 1702 832 1745 ac
854 1702 921 1744 non
939 1680 1048 1762 potius
1099 1701 1190 1759 num,
1220 1703 1241 1745 u
1268 1681 1402 1745 locorum
1428 1682 1633 1746 immmsitate
1660 1702 1693 1745 se
1712 1683 1892 1763 expediens,
1919 1683 1963 1748 ud
1986 1683 2075 1749 Chri-

73 1765 113 1828 ‹le
147 1763 204 1827 illa
237 1784 315 1828 voce
349 1767 584 1843 conversionis,
617 1787 701 1848 quae
728 1765 814 1830 nihil
843 1766 984 1848 amplius
1012 1767 1048 1829 in
1099 1772 1179 1830 dum
1198 1787 1296 1848 usque
1317 1787 1416 1848 supra
1447 1767 1542 1831 codes
1561 1772 1704 1847 pmeetret.
1743 1768 1838 1848 Quod
1859 1769 1925 1834 illis
1946 1770 2076 1854 nepabat

71 1870 173 1915 coena
194 1851 380 1932 siguificare
402 1849 499 1915 debet
516 1872 616 1933 quam
637 1853 673 1915 in
692 1852 861 1935 baptismo.
905 1852 1049 1915 Valeant
1099 1857 1224 1931 umaro,
1246 1854 1348 1937 nmpis
1369 1854 1462 1918 nonio
1478 1853 1650 1935 pharmaco
1672 1854 1822 1936 corripere
1842 1859 2015 1920 tmtarunt:
2041 1861 2076 1920 ut

70 1936 174 2018 igitur
202 1957 276 2001 cum
304 1936 374 2000 istis
397 1936 598 2019 syllabarum
627 1937 784 2021 aucupiis,
812 1937 931 2021 quibus
963 1936 1047 2001 nihil
1099 1939 1248 2003 manendo
1271 1940 1306 2002 in
1328 1939 1421 2002 terris
1447 1939 1537 2003 nulla
1564 1939 1680 2002 coelesti
1705 1938 1822 2003 Christi
1839 1941 2074 2021 propinquitate

71 2020 162 2085 aliud
190 2041 288 2104 quam
327 2042 421 2086 suam
447 2023 652 2087 ieiunitatem
680 2022 832 2105 produnt.
885 2022 950 2089 Nee
976 2044 1047 2087 nero
1099 2045 1249 2106 epeamus.
1293 2024 1346 2088 En
1374 2025 1541 2090 necessitas
1560 2045 1642 2105 <quae
1664 2026 1749 2106 ipsos
1775 2025 1879 2108 adepit
1905 2027 1948 2090 ad
1969 2031 2074 2093 trans·

70 2107 258 2191 sipnihcatio
293 2108 386 2172 aliter
418 2109 601 2190 quadraret,
634 2110 700 2173 nisi
729 2111 845 2174 ueritm
872 2130 952 2191 puae
980 2109 1047 2174 illie
1096 2109 1300 2192 hpurandum
1323 2108 1444 2175 Christi
1470 2130 1589 2190 corpus.
1633 2109 1797 2175 Bernardi
1823 2112 1947 2192 quidun
1968 2118 2073 2194 aetate

67 2194 240 2277 fipuratur,
272 2195 376 2257 ninam
409 2194 543 2277 effipiam
571 2194 693 2259 haberet
725 2197 761 2259 in
794 2199 917 2259 esterno
949 2196 1046 2277 sipna
1098 2197 1155 2260 etsi
1173 2196 1282 2263 durior
1299 2195 1476 2260 inealrierat
1497 2196 1640 2278 loquendi
1656 2198 1748 2274 ratio,
1766 2197 2075 2265 transsubstantiare

79 2279 182 2343 Voluit
205 2277 350 2344 Christus
372 2285 493 2344 externo
515 2280 648 2363 symbolo
669 2281 786 2361 testari,
808 2301 933 2346 carnem
954 2301 1047 2345 suam
1097 2286 1198 2346 tamen
1226 2283 1364 2346 medum
1392 2282 1501 2363 apnita
1528 2288 1602 2347 erat.
1654 2281 1703 2346 Ac
1731 2283 1873 2346 omnibns
1898 2288 1979 2347 retro
2003 2305 2073 2351 sae-

70 2385 135 2430 esse
162 2366 269 2429 cibum
316 2365 354 2430 Si
381 2367 475 2430 inane
496 2367 651 2432 duntaeat
666 2367 766 2448 punis
786 2371 954 2449 spectrum,
985 2387 1047 2431 nen
1098 2368 1177 2432 mdis
1196 2367 1369 2432 similitudo
1387 2367 1444 2431 illu
1465 2369 1500 2430 in
1527 2388 1578 2432 ore
1599 2369 1738 2432 munium
1759 2367 1918 2447 uolitabat,
1941 2372 2024 2451 pani
2045 2376 2080 2437 et,

63 2472 183 2533 panem
202 2472 309 2514 uerum
325 2457 518 2533 proponeret,
545 2452 599 2516 ubi
620 2453 775 2537 armlapia,
797 2452 844 2516 nel
863 2453 1044 2531 similitudo,
1097 2454 1167 2517 nino
1188 2473 1262 2517 rem.
1275 2454 1474 2536 spiritualem
1490 2454 1682 2519 coniunctam
1698 2473 1763 2518 esse
1784 2454 1819 2516 in
1840 2453 1894 2519 hoc
1916 2458 2071 2538 mpsterio.

70 2558 151 2618 puae
180 2537 325 2602 deducere
346 2558 403 2602 nes
424 2559 445 2601 a
466 2560 501 2603 re
522 2539 641 2603 visibili
664 2540 707 2604 ad
728 2538 918 2604 invisibilem
939 2538 1046 2604 debet?
1096 2538 1148 2603 De
1169 2539 1292 2604 uocibus
1312 2544 1407 2618 ambe,
1429 2544 1463 2602 ut
1484 2539 1546 2603 sibi
1566 2540 1720 2617 uidentur,
1742 2539 1931 2619 respondent,
1950 2542 2004 2607 sed
2025 2543 2073 2607 ni·

71 2623 159 2687 Nam
190 2628 225 2686 ut
250 2623 355 2688 murcia
382 2625 463 2687 inter
489 2646 522 2689 se
548 2627 741 2702 amoeniant,
775 2645 836 2688 nors
863 2625 987 2708 lampius
1013 2644 1046 2689 se
1096 2625 1145 2689 hil
1171 2627 1326 2705 abluendo
1352 2645 1465 2690 causac
1489 2626 1650 2705 praesenti
1671 2629 1912 2690 consmtaneum.
1956 2627 2070 2710 Virga,

68 2709 207 2774 eeteridet
234 2708 422 2792 sipnihcatie
454 2731 550 2790 quam
577 2731 634 2774 nos
665 2711 764 2793 specie
790 2712 898 2774 earnis
927 2709 1045 2775 Christi
1096 2711 1265 2793 inquiunt,
1294 2712 1397 2776 Masis
1430 2713 1465 2775 in
1498 2719 1683 2794 serpentem
1713 2731 1885 2788 conversa,
1922 2715 2071 2793 quamvis

62 2797 163 2876 pasci.
219 2796 481 2876 Qnmnadnmdnm
510 2797 540 2861 si
571 2797 606 2860 in
631 2795 784 2878 baptismo
809 2795 915 2879 fipura
944 2816 1046 2877 aquae
1097 2798 1234 2862 asciseat
1256 2818 1376 2862 nomen
1405 2797 1582 2879 serpentis,
1610 2796 1786 2878 pristinum
1808 2803 1918 2861 tamen
1940 2798 2070 2880 retinet,

67 2881 168 2944 acidos
195 2882 330 2961 foderet,
358 2882 446 2947 nobis
473 2888 590 2947 certum
617 2904 678 2947 non
706 2888 783 2947 esset
804 2882 971 2946 ablutionis
993 2904 1046 2945 no
1096 2884 1253 2966 virgaque
1282 2882 1402 2947 dicitur
1429 2882 1548 2966 (Exod.
1571 2888 1606 2960 4,
1631 2886 1648 2945 3
1670 2889 1704 2945 et
1725 2885 1758 2959 7,
1785 2882 1847 2967 10).
1894 2882 1946 2947 Ita
1968 2903 2073 2948 secun·

67 2971 152 3031 strae
168 2968 304 3049 pignus·
325 2970 387 3032 imo
406 2969 518 3050 fallaci
538 2969 592 3034 illo
609 2968 779 3049 spectaculo
802 2968 973 3032 vacillandi
994 2988 1046 3031 no-
1097 2971 1173 3035 dum
1199 2990 1248 3033 eos
1276 2989 1370 3050 aeque
1383 2967 1543 3049 probabile
1570 2973 1627 3046 est,
1650 2969 1794 3048 quamuis
1816 2970 1850 3031 in
1871 2989 1983 3033 nonum
2003 2971 2073 3035 sub·

68 3051 117 3116 bis
135 3054 251 3117 mensio
269 3054 406 3118 daretur.
442 3056 604 3120 Evertitur
622 3075 692 3136 erpo
709 3055 897 3119 sacramenti
919 3059 1044 3132 notura,
1096 3055 1245 3119 stantiam
1261 3059 1400 3119 transeat
1410 3053 1519 3134 panis,
1538 3055 1793 3137 καταχρηστικῶς,
1815 3055 1869 3119 sed
1886 3058 1988 3119 tamen
2010 3077 2073 3121 non
2106 3094 2114 3108 ·

72 3138 138 3202 nisi
158 3139 193 3201 in
213 3140 301 3203 modo
323 3140 523 3222 sipnificmdi
544 3147 700 3206 terrenum
717 3142 843 3223 sipnum
860 3141 907 3204 rei
928 3139 1046 3204 melesii
1096 3142 1211 3222 inepte,
1236 3142 1340 3207 uocari
1369 3141 1448 3220 quod
1468 3145 1599 3222 apparet
1625 3140 1730 3204 oculis.
1777 3139 1839 3204 Sed
1866 3141 1944 3219 quid
1967 3141 2073 3206 simile

73 3224 262 3304 respondeat.
305 3224 354 3289 Ac
381 3228 515 3306 proinde
540 3229 627 3309 perit
658 3226 747 3291 nobis
778 3227 919 3309 mysterii
950 3225 1047 3289 huius
1098 3232 1153 3291 aut
1175 3228 1312 3292 ominum
1333 3227 1493 3306 reperiunt
1521 3227 1602 3289 inter·
1623 3225 1744 3289 illustre
1765 3226 1953 3290 miraculum
1975 3233 2002 3291 et
2021 3226 2074 3307 sm

73 3311 196 3387 endas,
218 3311 283 3375 nisi
304 3330 397 3374 nemis
411 3313 513 3393 panis
533 3334 639 3378 unum
657 3312 776 3377 Christi
793 3333 905 3394 corpus
920 3308 1047 3394 reprae-
1097 3313 1200 3377 titiam
1227 3333 1333 3378 eorum
1359 3311 1535 3376 illusionem
1562 3313 1655 3375 cuius
1676 3311 1783 3375 nullus
1804 3312 1840 3374 in
1861 3317 1945 3375 terra
1967 3313 2073 3378 oculus

75 3399 177 3458 seruiet.
228 3395 347 3460 Iterum
381 3404 497 3478 repeto:
525 3419 621 3478 quum
647 3419 749 3464 coena
775 3398 856 3463 nihil
887 3398 977 3463 aliud
1005 3398 1047 3462 sit
1094 3399 1181 3463 testis
1207 3399 1274 3464 est?
1325 3397 1516 3479 Praestipiis
1543 3397 1682 3462 lusermrt
1708 3398 1810 3479 mapi,
1845 3402 1881 3461 ut
1908 3399 2074 3480 Aepyptiis

74 3501 169 3562 quam
203 3483 376 3563 conspicua
402 3484 472 3548 eius
501 3485 723 3566 promissionis
751 3484 934 3548 testificatio
964 3504 1046 3566 quae
1088 3504 1281 3566 persuasum
1299 3489 1384 3564 esset,
1407 3484 1517 3548 divina
1534 3484 1648 3547 uirtute
1665 3482 1708 3547 nd
1725 3483 1894 3548 mutandas
1912 3490 2074 3549 creaturas

73 3566 208 3631 Ioannis
230 3574 322 3632 sexto
341 3568 490 3648 habetur,
515 3572 630 3653 nempe
649 3569 820 3635 Christum
839 3590 910 3635 esse
927 3590 1047 3651 panem
1097 3591 1197 3651 supra
1218 3575 1351 3635 naturae
1368 3570 1508 3634 ordinem
1520 3567 1644 3650 pollere.
1682 3568 1794 3634 Prodit
1815 3567 1928 3649 Moses,
1951 3589 1989 3635 ac
1999 3592 2074 3652 pro·

71 3652 159 3716 vitae
182 3653 238 3736 qui
259 3673 276 3716 e
299 3654 386 3719 coelo
413 3655 595 3721 deseendit:
624 3677 744 3739 panem
770 3654 933 3721 risibilem
954 3657 1048 3719 inter-
1094 3658 1216 3740 tlipatis
1242 3677 1348 3721 eorum
1370 3657 1525 3737 fallaciis,
1556 3655 1797 3736 insuperabilem
1819 3654 1882 3718 Dei
1903 3658 2074 3735 potentiam

69 3739 173 3802 cedere
194 3746 405 3822 oportetque
427 3742 605 3823 spiritualis
627 3742 876 3825 illefiguretur3
899 3741 964 3806 nisi
986 3761 1046 3804 no·
1098 3765 1119 3807 a
1136 3763 1197 3806 sua
1212 3747 1306 3823 parte
1327 3747 1410 3807 stare
1428 3742 1567 3819 ostendit,
1589 3743 1665 3823 quia
1685 3762 1750 3805 una
1773 3741 1841 3803 eius
1861 3741 1951 3821 oirpa
1968 3760 2073 3805 omnes
2197 3746 2200 3751 ’

68 3825 119 3889 bis
155 3824 263 3906 perire
289 3825 439 3892 volumus
468 3848 598 3892 omnem
625 3828 770 3892 frustm
797 3847 895 3909 quem
921 3827 957 3891 iu
983 3826 1046 3890 bac
1098 3829 1235 3909 reliquas
1255 3829 1398 3892 absumit.
1446 3827 1506 3893 Sed
1527 3827 1604 3907 qnia
1631 3826 1767 3891 ocularis
1786 3825 1849 3904 fuit
1870 3825 1930 3888 illa
1951 3843 2072 3890 conam·

68 3917 162 3993 parte
190 3910 401 3976 sustinendae
429 3920 558 3977 nostrae
584 3913 801 3979 imbecillitati
822 3914 915 3978 Deus
937 3912 1045 3977 indul·
1096 3917 1158 3994 sio,
1185 3914 1268 3979 nihil
1289 3915 1332 3980 ad
1347 3919 1540 3996 praesentem
1557 3932 1699 3987 causare,
1720 3915 1755 3973 ut
1774 3910 1932 3989 dirimam
1952 3915 1986 3973 ut
2007 3912 2073 3976 eui·

68 4003 131 4080 get
176 3996 250 4060 Iam
272 4018 336 4079 qua
357 3999 485 4062 ratione
507 3998 674 4083 colligeret
693 4000 821 4066 Paulus
844 3998 876 4084 (l
898 3998 972 4064 Cor.
994 4003 1043 4078 10,
1094 4005 1243 4084 proposi
1264 4005 1396 4081 tempore
1416 3997 1582 4062 visibiliter
1602 3996 1697 4061 rediit
1725 3996 1814 4076 sirpo
1842 3995 1884 4060 ad
1900 4016 1994 4060 suam
2008 3997 2072 4078 for-

71 4083 134 4167 17),
153 4104 213 4147 nos
235 4104 350 4149 omnes
371 4104 489 4166 panem
517 4106 621 4148 unum
649 4106 686 4151 ac
706 4109 823 4169 corpus
846 4107 951 4150 unum
973 4106 1044 4151 esso
1096 4108 1189 4151 mam.
1239 4085 1331 4151 Adde
1357 4085 1438 4164 qued
1458 4083 1606 4160 nescitur,
1636 4081 1864 4145 substantiaene
1890 4081 1989 4162 fuerit
2012 4083 2072 4148 illa

69 4169 122 4250 qui
150 4189 271 4251 panem
292 4189 398 4235 unum
424 4169 523 4234 simul
550 4171 797 4254 participamus,
827 4172 855 4236 si
877 4180 1043 4254 spectrum
1096 4171 1311 4255 erimiporalis
1345 4169 1506 4234 mnnersio.
1557 4167 1734 4247 Spectanda
1762 4167 1856 4230 ctiam
1882 4173 1927 4233 est
1956 4168 2071 4233 adusi>

68 4254 162 4335 panis
196 4253 380 4337 duntaxat,
414 4276 451 4320 ao
484 4276 550 4319 non
581 4257 693 4339 potius
725 4257 886 4322 naturalis
919 4259 1043 4322 veritas
1097 4260 1139 4325 ad
1159 4260 1267 4340 nirpas
1284 4274 1460 4338 maporum5
1481 4273 1560 4333 guas
1578 4254 1646 4317 ileo
1668 4251 1817 4316 colubros
1840 4252 1947 4318 dicere
1965 4254 2071 4318 noluit

67 4339 237 4407 maneret?
1096 4366 1155 4428 pro
1179 4342 1272 4420 heta,
1299 4360 1341 4404 ne
1362 4339 1531 4405 rideretur
1558 4340 1697 4403 innuere
1719 4340 1965 4404 conversionem
1988 4359 2071 4422 quae

159 4433 205 4491 15.
252 4427 319 4493 Nec
345 4448 416 4492 nero
443 4432 572 4492 satanae
588 4429 774 4512 prmstipiis
793 4434 857 4493 tam
878 4429 966 4512 foede
987 4450 1044 4494 un-
1096 4454 1119 4495 n
1169 4436 1291 4493 aerat:
1314 4427 1391 4509 quia
1407 4425 1672 4509 praestigiatores
1688 4424 1738 4488 illi
1755 4425 1840 4491 nihil
1861 4425 1950 4489 aliud
1970 4446 2072 4508 quam

69 4534 164 4592 qnam
189 4514 293 4580 delusi
318 4513 466 4596 samsari,
494 4513 560 4576 uisi
587 4514 663 4594 quia
690 4515 757 4577 iam
782 4516 934 4595 fascinati
955 4519 1044 4579 erant
1095 4516 1248 4581 tenebras
1270 4513 1487 4596 spectantium
1505 4511 1607 4577 oculis
1625 4510 1818 4576 effuderant
1853 4509 1943 4590 Quid
1961 4517 2075 4575 autem

69 4598 124 4660 illo
145 4620 255 4680 errore,
277 4621 390 4683 corpus
413 4597 532 4664 Christi
553 4600 611 4663 sub
630 4620 712 4680 pane
731 4601 886 4665 inclusum
906 4620 958 4665 ore
979 4621 1044 4665 eor-
1096 4622 1171 4666 oum
1193 4623 1230 4666 eo
1253 4599 1359 4665 similo
1380 4598 1503 4663 habent
1519 4598 1601 4662 istae
1618 4597 1837 4680 loquutiones:
1860 4598 1955 4679 panis
1973 4617 2069 4680 quem

64 4683 160 4764 porco
181 4686 216 4747 in
236 4692 372 4752 amnem
392 4685 572 4750 transmitti.
619 4685 700 4749 Tam
721 4684 827 4751 brutae
846 4687 1045 4769 imaginatio-
1094 4688 1293 4771 frangimus,
1317 4685 1442 4769 quoties
1464 4682 1597 4748 ederitis
1618 4704 1738 4767 panem
1761 4683 1864 4762 hunc,
1887 4683 2070 4748 eommuni-

70 4768 123 4830 nis
150 4787 244 4833 causa
264 4773 342 4853 fuit,
371 4773 452 4853 puod
478 4772 665 4837 consecratio
686 4772 865 4837 tantundem
885 4773 973 4852 cpnrd
993 4792 1043 4836 eos
1095 4774 1214 4840 cabant
1233 4774 1270 4836 in
1292 4772 1450 4837 fractione
1470 4770 1575 4853 panis,
1597 4778 1630 4834 et
1651 4769 1715 4833 alia
1737 4767 1916 4832 eiusmodi?
1954 4768 2070 4833 Incan-

69 4851 192 4918 ualebot
208 4874 244 4918 ae
264 4859 386 4940 mapica
406 4860 585 4924 incantatio.
622 4857 825 4938 Principium
841 4861 944 4922 auten
964 4857 1044 4924 illud
1095 4861 1209 4924 tatione
1230 4859 1355 4941 quidem
1380 4876 1543 4940 maporum
1569 4856 1671 4921 oculos
1692 4859 1812 4918 tantrmr
1838 4853 1939 4936 fuisse
1966 4855 2069 4936 decep-

70 4958 121 5004 eos
144 4938 270 5019 latelmt,
292 4936 407 5022 panem
433 4965 493 5010 non
519 4937 780 5009 assimulatum
802 4944 844 5009 ad
865 4963 941 5024 quos
964 4943 1045 5009 diri·
1094 4951 1140 5010 tos
1167 4951 1282 5009 certum
1303 4948 1355 5008 est.
1403 4942 1490 5023 Quod
1510 4941 1553 5005 ad
1574 4939 1698 5019 Mosae,
1726 4941 1829 5023 mapis
1845 4939 1994 5021 ambipua
2017 4960 2069 5004 res

69 5026 157 5109 pitur
178 5044 276 5089 serum
304 5048 368 5092 esse
394 5036 638 5110 sacramentum,⁸
665 5029 756 5096 sicuti
785 5051 869 5110 aqua
895 5029 1043 5112 baptismi
1095 5036 1148 5112 est,
1170 5053 1231 5113 per
1258 5031 1347 5095 cuius
1375 5047 1503 5091 murrum
1527 5027 1594 5090 Deo
1615 5026 1713 5090 nihilo
1734 5026 1837 5108 mepis
1858 5024 1988 5106 difficile
2002 5025 2069 5107 fuit

70 5113 106 5175 in
128 5133 160 5177 se
181 5132 242 5176 non
263 5117 414 5193 mutatur,
442 5118 497 5183 sed
522 5119 610 5183 nobis
636 5136 701 5181 esse
722 5115 831 5197 incipit
850 5114 932 5194 qued
947 5117 1044 5197 prius
1095 5137 1133 5182 es
1154 5118 1245 5199 sirpe
1270 5116 1372 5197 facem
1392 5117 1575 5195 serpentem,
1604 5117 1632 5176 et
1657 5131 1771 5176 rursus
1798 5112 1922 5194 eirpam
1944 5132 1982 5176 ec
2001 5131 2067 5177 ser-

70 5219 133 5262 non
166 5203 240 5277 erat,
268 5198 364 5261 simul
391 5205 480 5283 mene
506 5224 630 5270 annena
657 5207 701 5268 est
722 5202 893 5283 prornissio
920 5200 1040 5285 (exoa
1085 5209 1189 5285 pente,
1221 5220 1316 5283 quam
1342 5199 1470 5263 induere
1503 5197 1627 5283 anpelos
1658 5198 1780 5263 carneis
1803 5197 2000 5278 corporibus,
2039 5201 2068 5261 et

1807 5297 1863 5354 64*
