4672 5842
166 309 230 370 941
503 306 594 371 ΙιΙΒ.
616 306 677 371 IV.
722 305 786 372 DE
808 305 1045 373 EXTERNIS
1067 309 1234 377 umens
1256 311 1322 378 AD
1345 309 1577 378 emeram
1622 312 1721 378 eAP.
1744 313 1841 380 XIV.
2109 320 2172 383 946

166 493 246 560 1515
274 502 457 578 nuncupat,
492 503 696 560 sacramenta
726 495 876 580 symbola
896 494 1078 574 foederum
1102 499 1142 564 ab
1194 504 1304 563 tamen
1338 498 1380 562 ab
1414 497 1565 562 omnibus
1598 500 1729 582 agnitus
1768 509 1987 584 exceptusque
2021 514 2078 569 551.
2132 506 2174 573 11

164 581 246 663 15515
284 581 453 645 hominurn
493 580 678 646 foederibus
723 581 830 646 simile
871 580 989 647 adduci
1025 589 1141 665 potest.
1194 605 1298 667 quum
1337 583 1456 649 alicubi
1493 582 1637 649 indicare
1677 586 1884 669 Augustinus
1922 587 2035 669 vellet,
2075 590 2170 672 dixit,

164 667 272 732 Pcrca
300 688 395 732 caesa
416 667 494 748 quid
524 667 644 733 efficiat
665 668 731 733 nisi
754 668 854 731 verba
879 666 1140 733 intercederent?
1194 671 1286 735 verbi
1313 670 1490 735 efficaciam
1518 670 1553 732 in
1582 679 1786 735 sacramento
1817 673 1971 755 preferri,
2000 697 2066 739 nen
2093 679 2170 759 quia

164 753 231 817 ime
259 753 321 816 nisi
349 752 536 835 praeirent?
586 754 673 818 Nam
701 775 818 835 porcae
847 755 977 837 saepius
999 750 1142 820 caedun·
1195 755 1329 834 dieitur,
1365 755 1421 820 sed
1450 755 1527 837 quia
1559 755 1713 822 ereditur.
1765 758 1909 822 Proinde
1931 760 2065 840 Paulus,
2089 762 2169 827 dum

164 848 221 903 tur
242 839 328 903 citra
349 839 455 903 ullum
482 840 621 904 interius
649 848 707 903 aut
733 839 907 904 sublimius
935 841 1140 924 mysterium.
1195 841 1280 923 apud
1310 840 1423 906 fideles
1446 839 1546 905 verba
1567 842 1660 919 facit,
1693 844 1739 907 sie
1767 843 1807 907 de
1831 847 2045 912 sacramentis
2067 847 2169 913 disse·

165 923 255 1005 11111
277 923 413 989 1511515
431 924 515 1004 1515,
538 947 640 1008 quum
661 946 780 989 munus
801 925 962 991 hostiliter
979 948 1047 991 nen
1067 947 1142 991 1515
1195 927 1239 991 rit
1260 935 1296 992 ut
1323 929 1358 991 in
1387 927 1452 991 illis
1480 926 1606 990 Christi
1634 929 1896 993 communionem
1923 931 2078 997 includat.
2122 935 2170 1000 Ut

165 1009 400 1077 conserantur?
447 1010 1142 1094 11111151155155151111,1511155515
1194 1035 1294 1095 quum
1321 1013 1401 1078 dicit
1430 1012 1519 1092 (Gal.
1541 1017 1568 1091 3,
1590 1014 1660 1096 27):
1690 1016 1874 1097 quicunque
1900 1015 2053 1098 baptizati
2080 1021 2168 1099 estis,

164 1096 323 1180 symbolis
344 1096 511 1161 foederum
532 1097 622 1180 leges
649 1098 855 1174 sanciuntur,
879 1100 1029 1179 quamvis
1050 1099 1142 1181 prius
1194 1097 1364 1164 Christum
1392 1096 1553 1163 induistis.
1604 1098 1690 1163 Item
1719 1100 1752 1182 (l
1779 1099 1852 1164 Cer.
1880 1105 1935 1180 12,
1965 1103 2032 1187 13):
2064 1126 2166 1169 unum

165 1180 273 1247 verbis
303 1189 494 1264 conceptae,
523 1181 688 1260 conditae,
718 1183 874 1248 decretae.
927 1181 1142 1249 Sacramenta
1194 1206 1311 1268 cerpus
1339 1192 1372 1248 et
1393 1206 1478 1248 unus
1501 1183 1635 1267 spiritus
1664 1206 1776 1250 sumus
1801 1207 1914 1251 omnes
1935 1189 1992 1270 qui
2014 1190 2047 1253 in
2071 1189 2169 1255 chri-

166 1269 266 1350 igitur
288 1268 445 1332 exercitia
462 1278 540 1333 sunt
557 1289 638 1351 quae
658 1270 829 1334 certiorem
847 1270 937 1335 verbi
956 1268 1021 1333 Dei
1042 1270 1141 1335 fidem
1193 1278 1244 1334 sto
1265 1269 1420 1353 baptizati
1441 1291 1564 1334 sumus.
1597 1268 1708 1350 Quum
1730 1293 1807 1336 vere
1829 1271 1869 1336 15
1890 1281 2098 1357 praepostere
2116 1299 2169 1342 sa·

163 1353 259 1418 nobis
285 1353 411 1418 faciunt
418 1377 426 1432 ;
460 1362 493 1417 51
521 1356 598 1436 quia
619 1355 766 1420 carnales
791 1376 920 1433 sumus,
954 1355 1015 1420 sub
1043 1356 1140 1421 rebus
1193 1364 1435 1420 crementorum
1462 1376 1524 1419 usu
1551 1355 1711 1437 loquitur,
1740 1357 1843 1420 nihilo
1872 1359 1946 1440 plus
1967 1361 2032 1426 illis
2054 1361 2169 1426 tribuit

164 1438 349 1508 carnalibus
372 1440 584 1505 exhihentur:
614 1449 652 1504 ut
672 1442 720 1505 ita
740 1462 800 1523 pro
822 1440 986 1505 tarditatis
1008 1452 1140 1506 nestrae
1192 1462 1291 1524 51511
1312 1441 1440 1525 frigidis
1463 1450 1497 1505 et
1517 1441 1671 1505 inanibus
1692 1443 1816 1525 figuris,
1840 1465 1903 1526 quo
1922 1445 2092 1527 significat,
2115 1457 2168 1512 ut

163 1535 263 1607 captu
284 1546 344 1590 nos
366 1525 528 1604 erudiant,
551 1536 585 1590 et
606 1526 741 1609 perinde
764 1546 801 1591 ae
817 1548 938 1609 pueros
959 1525 1140 1610 paedagogi
1192 1547 1319 1609 cunque
1340 1528 1433 1610 impii
1455 1548 1492 1592 ac
1515 1527 1704 1611 hypocritae
1722 1551 1782 1592 sua
1803 1532 2018 1612 perversitate
2037 1532 2167 1599 divinae

162 1631 263 1675 manu
286 1610 414 1676 ducant
438 1611 517 1677 Hac
539 1613 665 1676 ratione
687 1613 1139 1760 Augustinussssacrenren·
1191 1615 1316 1696 gratiae
1339 1613 1373 1676 in
1400 1614 1613 1678 sacramentis
1640 1614 1793 1678 effectum
1815 1615 1868 1679 vel
1890 1616 2090 1698 opprimant,
2113 1619 2167 1684 vel

162 1706 235 1761 tum
262 1697 401 1761 verbum
428 1697 553 1762 visibile
581 1699 762 1780 nuncu‘pat3
795 1697 880 1780 quod
942 1699 971 1762 ei
1000 1700 1138 1781 5151115-
1192 1698 1376 1776 obscurent,
1395 1698 1449 1763 vel
1471 1697 1659 1780 impediant,
1682 1699 1715 1763 id
1739 1707 1851 1764 tamen
1872 1702 2008 1766 minime
2025 1701 2165 1782 obstare,

162 1784 270 1847 sienes
291 1783 439 1848 velutin
462 1782 573 1847 tabula
595 1783 740 1866 depictas
762 1792 999 1866 repraesentet,
1023 1791 1056 1849 et
1078 1784 1139 1849 sub
1192 1786 1367 1934 5151111115
1396 1785 1452 1849 ubi
1479 1792 1511 1848 51
1540 1785 1665 1866 quotics
1687 1783 1759 1849 Dee
1780 1786 1902 1868 placet,
1931 1796 1964 1851 et
1986 1809 2103 1852 verum
2125 1788 2166 1853 dc

162 1877 331 1950 aspectum
352 1868 507 1951 graphice
529 1871 1137 1952 5151οεί1555151515555551511151.
1213 1870 1316 1934 *hristi
1353 1871 1645 1935 communicatione
1683 1872 1905 1936 testimenium
1945 1874 2099 1952 afferant,
2134 1883 2168 1938 ct

162 1954 259 2018 Aliae
285 1974 412 2036 quoquc
446 1953 675 2021 similitudines
708 1956 819 2020 afferri
852 1964 989 2039 possunt
1021 1956 1138 2043 quibus
1192 1955 1254 2021 hoe
1275 1956 1384 2037 ipsum
1405 1977 1530 2038 queque
1551 1956 1705 2020 exhibeat
1733 1965 1940 2040 praestetque
1963 1960 2167 2041 5511111515-

162 2053 368 2105 sacramenta
388 2040 519 2123 planius
541 2040 765 2124 designentur,
788 2049 827 2105 ut
844 2043 871 2106 si
890 2062 1042 2107 vocemus
1062 2042 1140 2107 fidei
1192 2043 1261 2107 sius
1288 2040 1353 2106 Dei
1380 2041 1465 2124 qued
1493 2043 1699 2124 premittunt.
1746 2041 1984 2109 Censtituimus
2006 2065 2084 2128 erge
2115 2066 2166 2110 sa·

162 2133 294 2190 nestrae
317 2126 495 2191 columnas.
541 2125 616 2208 Quo
638 2128 726 2192 enim
755 2126 851 2191 modo
874 2128 1058 2192 aedificium
1079 2150 1138 2193 sue
1190 2130 1358 2192 eramenta
1380 2150 1456 2193 vere
1482 2128 1644 2191 nominari
1672 2129 1858 2192 testimonia
1880 2130 2004 2212 gratiae
2025 2131 2105 2209 Dei,
2129 2153 2167 2196 ac

162 2211 295 2295 quidem
321 2211 534 2277 fundamento
564 2220 629 2276 stat
651 2221 684 2277 et
710 2213 886 2292 incumbit,
911 2214 1066 2278 subiectis
1088 2222 1138 2278 ta-
1190 2212 1293 2278 veluti
1320 2213 1480 2295 quaedam
1506 2212 1767 2291 benevolentiae,
1798 2236 1862 2297 qua
1885 2236 1964 2298 erga
1985 2236 2045 2281 155
2068 2218 2166 2282 affec-

161 2319 239 2362 men
266 2298 424 2362 columnis
451 2299 572 2363 certius
599 2298 778 2376 stabilitur,
807 2299 853 2361 ita
880 2299 960 2364 fides
982 2301 1017 2364 in
1038 2301 1138 2365 verbe
1191 2308 1327 2377 tuaest,
1351 2298 1470 2381 sigilla:
1494 2299 1704 2380 quaeipsam
1726 2300 1819 2364 nobis
1843 2301 2045 2384 obsignando
2066 2301 2166 2366 fidem

161 2384 242 2461 Dei,
269 2404 336 2447 nen
365 2406 457 2449 secus
479 2404 516 2450 ac
543 2384 756 2448 fundamento
783 2384 905 2449 residet
912 2409 920 2464 3
954 2386 1010 2450 sed
1037 2407 1138 2467 quum
1190 2392 1337 2449 nostram
1360 2384 1421 2449 hoc
1442 2384 1537 2448 medo
1559 2386 1730 2463 sustinent,
1754 2385 1856 2465 51111,
1880 2388 2084 2465 confirmant,
2109 2387 2166 2452 ad·

162 2469 322 2535 accedunt
343 2479 561 2547 sacramenta,
593 2471 673 2552 ipsis
695 2470 802 2535 adhuc
824 2492 884 2535 ceu
905 2470 1063 2536 columnis
1086 2492 1138 2535 55-
1191 2478 1320 2554 augent.
1366 2469 1558 2550 Quaerere
1586 2478 1700 2535 551115
1727 2471 1812 2536 hane
1840 2473 2038 2537 sententiam
2060 2472 2166 2538 obiec-

162 2555 261 2620 lidius
282 2556 443 2620 innititur.
488 2558 559 2620 Aut
585 2557 612 2620 51
635 2555 781 2621 dicamus
809 2556 940 2638 specula
962 2557 998 2619 in
1020 2558 1137 2639 quibus
1190 2557 1256 2620 tari
1278 2576 1297 2619 a
1319 2556 1487 2621 nonnullis
1510 2556 1616 2620 solent
1633 2557 1783 2635 rationes,
1802 2557 1902 2622 nimis
1919 2559 2054 2622 frivolae
2073 2580 2166 2624 ener-

162 2642 288 2725 gratiae
314 2642 378 2707 Dei
401 2641 548 2720 divitias,
572 2663 653 2724 quas
675 2643 776 2727 nobis
790 2642 964 2726 elargitur,
993 2651 1137 2708 contem·
1191 2662 1311 2723 vesque
1339 2650 1426 2706 sunt.
1473 2643 1579 2706 Aiunt
1606 2641 1773 2706 meliorem
1804 2643 1903 2708 fidem
1926 2652 2073 2708 nostram
2096 2646 2168 2709 fieri

161 2728 246 2810 plari
274 2727 380 2794 liceat.
425 2727 498 2792 Illic
526 2729 615 2792 enirn
643 2749 713 2792 5555
735 2729 828 2792 nobis
852 2729 904 2812 (ut
926 2728 992 2791 iam
1014 2727 1137 2793 dictum
1190 2750 1257 2792 nen
1277 2749 1386 2810 posse,
1417 2729 1445 2791 si
1474 2726 1560 2791 bona
1582 2736 1646 2806 est,
1672 2747 1740 2791 non
1769 2730 1856 2792 enim
1879 2751 1950 2794 esse
1977 2728 2076 2794 fidem
2104 2732 2169 2796 nisi

161 2815 225 2897 cst)
253 2814 443 2879 manifestat
465 2820 625 2897 quantum
646 2823 777 2878 nestrae
805 2813 996 2879 hebetudini
1019 2834 1138 2897 agnos·
1190 2835 1273 2896 quae
1294 2815 1494 2893 inconcusse,
1517 2813 1664 2891 firmiter,
1687 2813 1877 2879 indistracte
1897 2816 1961 2880 Dei
1982 2816 2167 2881 misericor·

160 2921 235 2964 cere
263 2899 376 2963 datum
400 2907 464 2978 551,
492 2921 642 2980 suamque
669 2921 742 2983 erqo
771 2921 826 2964 aes
853 2901 1140 2966 benevolentiam&
1191 2900 1263 2965 diae
1290 2898 1451 2963 innititur.
1497 2897 1627 2978 Quibus
1654 2901 1756 2965 satius
1783 2901 1890 2964 fuerat
1911 2922 1987 2966 cum
2014 2902 2168 2983 apostolis

161 3005 298 3049 cremera
317 2987 497 3067 expressius
516 3007 611 3066 quern
632 2985 719 3051 551115
741 2991 878 3051 testetur.
1191 3007 1284 3050 erare
1306 2992 1344 3049 ut
1364 2984 1527 3049 Dominus
1556 2985 1618 3049 sibi
1646 2993 1782 3068 augeret
1810 2986 1909 3050 fidem
1931 2986 2027 3071 (Luc.
2052 2992 2100 3065 17,
2122 2987 2167 3072 5),

250 3074 278 3132 7.
323 3071 392 3137 Nec
410 3071 490 3136 satis
513 3072 659 3155 apposite
676 3073 923 3150 ratiocinantur,
942 3071 1020 3136 dum
1041 3094 1082 3136 ex
1100 3093 1137 3136 55
1191 3093 1289 3154 quam
1321 3070 1421 3135 talem
1453 3070 1529 3134 fidei
1568 3071 1799 3153 perfectionem
1833 3093 1945 3136 secure
1979 3071 2187 3152 obtendere,

134 3199 137 3203 v
163 3154 366 3220 contendunt
393 3178 460 3220 non
491 3179 561 3222 csse
588 3158 776 3222 testimonia
807 3159 931 3240 gratiae
953 3158 1027 3237 Dei,
1062 3158 1139 3240 quia
1191 3179 1289 3240 quam
1315 3178 1412 3221 neme
1433 3177 1581 3239 unquam
1603 3178 1644 3221 ex
1672 3157 1749 3222 filiis
1776 3157 1948 3222 hominum
1971 3166 2166 3240 assequutus

161 3241 273 3322 impiis
301 3262 417 3323 queque
439 3245 660 3326 porrigeretur,
686 3245 742 3326 qui
768 3251 879 3308 tamen
892 3242 1010 3309 ‘Deum
1033 3244 1137 3309 nihile
1191 3251 1254 3321 est,
1287 3263 1383 3307 neme
1416 3251 1608 3325 assequetur
1638 3244 1674 3306 in
1708 3243 1770 3307 hae
1802 3244 1881 3310 vita.
1931 3244 2168 3326 Respondeant

163 3326 225 3390 sibi
254 3328 359 3410 magis
386 3330 564 3412 propitium
586 3328 662 3394 inde
685 3331 845 3407 sentiunt,
874 3329 932 3394 551
953 3330 1138 3413 graviorem
1191 3330 1321 3413 qualem
1343 3330 1372 3392 ei
1394 3329 1493 3394 fiiisse
1515 3328 1613 3392 fidem
1636 3329 1825 3394 existiment
1847 3330 1902 3411 qui
1925 3328 2066 3393 dicebat:
2096 3351 2167 3396 cre·

162 3413 271 3493 potius
304 3412 546 3480 damnationem
578 3416 786 3480 contrahunt.
831 3417 919 3480 Nam
948 3416 1137 3481 55151151-
1192 3415 1232 3480 do
1254 3415 1405 3493 Domine,
1429 3414 1549 3479 adiuva
1574 3414 1839 3479 incredulitatem
1867 3415 2166 3496 1115511(Μ515.9,

163 3506 319 3580 gumente
342 3521 401 3564 nec
423 3501 629 3583 evangelium
652 3510 738 3567 55551
765 3503 987 3567 testimonium
1012 3504 1138 3587 gratiae
1192 3502 1256 3584 24).
1306 3501 1392 3564 Nam
1418 3509 1451 3565 et
1482 3500 1555 3580 1115,
1584 3507 1750 3583 uteunque
1777 3501 1945 3578 inchoata,
1969 3501 2050 3566 fides
2082 3503 2168 3567 hona

161 3584 235 3660 Dei,
258 3584 345 3665 qued
366 3607 386 3649 a
404 3587 517 3651 multis
539 3587 671 3652 auditur
693 3608 731 3652 ae
753 3588 934 3670 spernitur;
957 3610 1017 3654 nec
1040 3588 1137 3653 Chri·
1191 3593 1276 3666 erat,
1306 3596 1340 3650 51
1366 3586 1482 3650 melior
1515 3586 1644 3652 sublata
1675 3586 1905 3651 incredulitate
1931 3588 2004 3651 fieri
2030 3594 2165 3669 peterat

161 3677 232 3733 5115
261 3670 392 3733 demum
421 3672 506 3754 ipse,
535 3675 633 3755 5115
660 3674 880 3756 compluribus
903 3675 994 3739 visus
1021 3681 1071 3743 est
1100 3695 1137 3740 ac
1190 3672 1257 3738 Sed
1290 3671 1381 3736 nulle
1414 3673 1550 3737 certiore
1576 3680 1770 3756 argumente
1798 3695 1898 3755 quam
1931 3694 1990 3735 sua
2021 3673 2166 3753 ipserum

160 3756 325 3838 cognituS,
354 3778 491 3838 quorum
519 3760 706 3840 paucissimi
731 3781 805 3823 eum
833 3767 1037 3843 receperunt.
1083 3758 1136 3824 Si·
1190 3759 1390 3824 conscientia
1405 3757 1611 3823 refelluntur.
1651 3759 1737 3822 Nam
1755 3759 1782 3822 si
1804 3764 1990 3840 peccatores
2008 3777 2042 3818 se
2060 3757 2166 3825 faten-

160 3841 239 3905 mile
261 3842 359 3904 etiam
381 3843 416 3906 in
436 3843 664 3925 diplomatibus
686 3853 831 3928 spectare
853 3846 937 3910 licet.
968 3843 1137 3928 Siquidem
1189 3854 1253 3923 tur,
1277 3843 1363 3927 quod
1385 3844 1488 3908 velint
1511 3845 1619 3908 nolint
1640 3844 1777 3908 infitiari
1802 3848 1976 3924 nequeunt,
1998 3839 2031 3903 id
2059 3841 2167 3922 ipsum

162 3928 249 3992 bena
269 3949 348 4008 5515
370 3928 590 3995 multitudinis
613 3929 788 3994 adtrnmdr
809 3931 892 3996 illud
910 3932 1063 4014 sigillum,
1082 3941 1136 3996 ut·
1190 3931 1265 3995 fidei
1288 3952 1366 3996 suae
1387 3930 1626 4012 imperfectioni
1647 3929 1813 4010 imputent
1834 3947 1965 3990 neccsse
1988 3935 2046 3990 est.

162 4035 290 4095 cunque
330 4033 349 4075 a
388 4015 534 4096 principe
573 4015 614 4079 ad
645 4018 898 4101 consignandam
932 4018 1137 4085 veluntatem
1263 4022 1305 4080 ·8.
1350 4017 1398 4079 At
1419 4015 1597 4096 respondit,
1620 4014 1781 4094 inquiunt,
1804 4012 1980 4094 Philippus
2002 4014 2164 4092 eunuche,

163 4120 255 4163 suam
284 4100 467 4182 prefectum
495 4120 565 4165 esse
595 4105 737 4181 neverit,
767 4104 883 4168 irridet
904 4110 1014 4168 tamen
1039 4112 1137 4188 atque
1189 4103 1347 4185 baptizari
1370 4123 1445 4165 eum
1465 4101 1563 4165 licere
1586 4100 1615 4164 si
1637 4121 1679 4163 ex
1702 4105 1769 4161 toto
1791 4096 1886 4163 55115
1908 4096 2056 4162 51515151
2074 4098 2162 4183 (Act.

113 4201 119 4212 ·
162 4185 280 4263 eludit;
310 4185 382 4264 alii,
411 4187 503 4250 velut
531 4208 600 4250 rem
625 4186 665 4251 ad
687 4211 722 4253 sc
749 4190 885 4254 minime
906 4192 1135 4273 pertinentem,
1190 4193 1219 4266 8,
1240 4188 1304 4270 37).
1350 4185 1458 4266 Quem
1480 4185 1534 4250 hic
1561 4185 1669 4249 lecum
1691 4184 1791 4248 habet
1817 4183 1969 4265 baptismi
1991 4186 2164 4249 confirma·

162 4292 281 4353 susque
316 4271 421 4353 deque
454 4271 588 4350 habent,
620 4273 675 4337 alii
709 4275 808 4338 etiarn
840 4284 1065 4354 exsecrantur,
1099 4284 1137 4341 ut
1190 4276 1244 4352 tie,
1268 4272 1326 4337 ubi
1346 4271 1427 4335 fides
1448 4278 1555 4334 tetum
1577 4292 1632 4335 cer
1653 4269 1789 4352 implet?
1833 4270 1982 4334 Rursum
2003 4271 2164 4352 1555511-

162 4365 335 4439 conspeeta
357 4358 419 4422 hae
441 4367 510 4422 tam
537 4358 609 4440 pari
638 4360 806 4424 amborum
826 4360 1009 4427 conditione
1031 4362 1137 4445 magis
1190 4368 1334 4443 terrogo,
1361 4377 1472 4420 annon
1501 4357 1621 4421 henam
1648 4355 1755 4421 551115
1785 4356 1836 4420 sui
1865 4365 1993 4438 partem
2019 4355 2084 4419 fide
2106 4376 2164 4420 va

163 4463 200 4506 55
221 4445 327 4527 magis
348 4444 407 4508 illa
425 4445 573 4526 superius
596 4465 616 4508 a
636 4466 688 4508 me
710 4454 868 4528 usurpata
890 4448 1066 4512 similitudo
1085 4469 1137 4511 ar·
1190 4467 1286 4513 cuam
1318 4443 1479 4522 sentiunt,
1519 4463 1628 4507 annon
1666 4464 1752 4507 nova
1784 4442 1928 4524 quetidie
1960 4441 2165 4507 incrementa

162 4526 268 4592 ridere
296 4529 420 4595 debeat.
465 4531 581 4613 Itaque
609 4538 733 4594 eertum
755 4538 806 4594 est
832 4530 925 4596 nobis
953 4556 973 4597 a
994 4532 1137 4598 Domine
1190 4528 1395 4616 agnoscunt?
1446 4529 1658 4594 Gloriabatur
1685 4528 1754 4605 1115,
1784 4548 1818 4593 55
1840 4525 1993 4594 discendo
2018 4528 2089 4591 fieri
2113 4548 2164 4590 se·

162 4614 434 4694 misericerdiam,
466 4638 502 4682 ae
536 4617 661 4700 gratiae
688 4638 767 4681 suae
798 4617 918 4700 pignus
945 4641 1019 4684 cum
1046 4640 1137 4685 sacro
1189 4640 1274 4683 nem.
1319 4617 1387 4681 Nes
1409 4616 1511 4699 igitur
1533 4622 1584 4680 ter
1601 4615 1713 4680 miseri
1732 4614 1924 4695 Christiani,
1940 4612 1971 4679 si
1986 4611 2071 4678 nihil
2090 4634 2166 4695 pro·

164 4718 223 4761 sue
257 4700 366 4780 verbe,
400 4709 471 4766 tum
504 4704 716 4768 sacramentis
750 4703 869 4767 efferri.
919 4704 1045 4769 Verum
1073 4726 1138 4770 nen
1189 4703 1326 4770 ficiendc
1349 4723 1442 4766 senes
1464 4703 1572 4779 fimus,
1596 4722 1735 4783 quorum
1757 4700 1838 4764 fides
1859 4720 1920 4783 551
1941 4719 2054 4764 omnes
2077 4706 2166 4763 5515-

164 4784 420 4864 apprehenditur
451 4789 516 4854 nisi
549 4789 589 4854 ab
622 4789 673 4854 his
705 4789 762 4872 qui
794 4787 932 4854 verbum
965 4797 998 4852 et
1030 4811 1137 4855 sacra-
1189 4799 1261 4855 tum
1282 4787 1404 4872 gradus
1431 4787 1585 4870 progredi
1606 4786 1716 4864 dehet,
1745 4786 1846 4851 donec
1869 4783 2032 4851 adolescat
2057 4785 2094 4848 in
2117 4785 2165 4849 vi-

164 4876 277 4931 menta
305 4879 392 4936 certa
417 4874 482 4938 fide
516 4875 688 4958 accipiunt.
740 4873 893 4955 Qualiter
926 4875 1076 4940 omnibus
1102 4877 1138 4940 in
1190 4898 1264 4940 rum
1290 4875 1474 4958 perfectum
1500 4873 1745 4957 (Ε511.4,13).,
1791 4872 1906 4953 Itaque
1937 4872 1973 4934 in
2006 4870 2067 4934 hee
2093 4870 2163 4935 loce

164 4953 305 5018 salutem
327 4957 454 5024 oblatus
473 4982 492 5024 5
513 4969 606 5044 55115
625 4983 662 5027 55
685 4960 869 5045 prepositus
887 4960 1049 5042 Christis,
1072 4983 1138 5027 nen
1190 4985 1233 5028 cx
1264 4968 1334 5026 1515
1364 4959 1460 5026 55115
1492 4958 1637 5039 5151515,
1677 4979 1745 5022 151
1778 4964 1828 5022 551
1860 4957 2002 5039 perfecte
2031 4956 2163 5021 (lhristo

1113 5116 1120 5131 ,
1191 5048 1339 5123 5151515,
1367 5044 1424 5109 551
1452 5066 1493 5108 51
1520 5044 1630 5108 anime
1660 5044 1823 5108 duntaxat
1849 5049 1882 5106 ct
1904 5044 2031 5108 sincera
2052 5049 2164 5106 mente
2266 5076 2272 5093 .

1190 5135 1285 5198 illum
1315 5130 1466 5212 amplecti
1473 5153 1481 5208 ;
1508 5151 1574 5193 nen
1601 5152 1638 5194 ee
1665 5136 1814 5194 saturum
1842 5149 1927 5207 esse,
1956 5127 2013 5193 scd
2035 5127 2165 5192 ardenti

235 5226 314 5295 1)1u
333 5230 533 5286 1511115111.
551 5233 632 5300 80,3.
652 5236 781 5291 111119.
800 5237 1043 5292 encaeniatum
1061 5234 1138 5291 cle.
1192 5221 1311 5286 affectu
1343 5216 1484 5293 esurire,
1520 5217 1611 5280 sitire
1640 5225 1674 5280 et
1701 5215 1743 5280 ad
1770 5237 1847 5281 eum
1874 5215 2048 5296 suspirare.
2097 5213 2166 5279 Hie

271 5311 488 5388 05111πό5555.
522 5320 579 5376 Vel.
597 5319 642 5377 11.
774 5316 776 5321 ’
1927 5315 1963 5370 60
