4672 5842
76 316 137 378 set
313 312 402 379 ΜΒ.
425 312 490 378 Πῑ
534 313 598 380 ΒΕ
620 313 756 381 MODO
780 313 1131 382 PEROIPIENDAE
1153 315 1344 383 offluffl
1365 313 1591 382 assulas.
1635 315 1735 381 OAP.
1756 315 1836 383 XX.
2022 323 2087 403 ⁶⁶²,

74 501 126 570 illi
147 506 318 582 aeoeptum
345 501 513 582 postulare
536 522 595 565 nos
620 501 848 585 intelligimus,
872 504 928 585 qui
950 523 1054 585 paene
1106 525 1202 569 suum
1228 505 1375 584 ipsorum
1401 503 1572 567 interitum
1598 509 1762 584 expetere,
1790 512 1827 567 ut
1854 504 1907 569 vel
1935 527 1996 571 suo
2018 506 2087 572 dis-

76 609 119 652 ex
139 589 210 653 eius
231 606 288 651 ora
309 607 472 670 rogamus.
506 587 613 661 Plato,
632 586 655 670 ¹)
677 608 780 670 quum
802 587 973 653 hominum
994 590 1053 652 im·
1106 589 1225 672 pendio
1242 588 1383 671 gloriam
1403 597 1438 652 et
1457 608 1599 672 ragnum
1619 589 1684 653 Dei
1712 599 1951 670 promoverent
1996 592 2086 657 Rur-

75 674 227 757 peritiam
250 670 377 737 videret
397 673 432 737 in
455 672 540 738 votis
560 671 603 737 ad
618 674 728 737 Deum
748 674 959 755 perferendis,
983 675 1055 757 qui·
1106 697 1162 740 sus
1189 695 1291 757 quum
1318 695 1436 756 panem
1463 681 1613 739 nostrum
1639 674 1866 756 quotidianum
1892 674 1985 741 nobis
2014 678 2087 743 dari

75 760 136 825 hus
158 758 319 825 eeneessis
340 758 481 841 pessime
502 758 578 834 illis
591 759 719 840 saepius
736 759 923 824 consultum
944 760 1054 839 suerit,
1104 763 1262 843 petimus,
1285 760 1417 824 tametsi
1439 768 1588 843 optemus
1611 759 1696 842 quod
1718 767 1769 825 est
1790 763 1892 826 nostri
1915 763 2085 842 eommodi,

76 847 234 928 optimam
261 843 415 925 preoandi
449 844 619 909 rationent
640 845 726 910 hano
754 866 825 910 esse
852 847 1052 927 pronuntiat,
1106 857 1217 912 tamur
1239 846 1293 911 hio
1313 866 1441 928 quoque
1463 846 1528 909 Dei
1548 846 1688 928 gloriam
1710 867 1869 927 quaerere
1890 851 2085 929 praesertim

77 931 221 996 eveteri
241 936 340 1013 poeta
361 940 540 1012 sumptam:
570 930 697 1012 Iupiter
718 951 792 1009 rex,
815 933 939 1014 optima
961 933 1054 997 nobis
1106 931 1274 1009 debemus,
1298 939 1337 996 ut
1357 953 1399 995 ne
1421 932 1556 1014 petituri
1578 931 1709 1013 quidem
1732 933 1849 1010 simus,
1873 932 1937 998 nisi
1958 935 1993 998 ιιι
2014 936 2084 1002 eiua

77 1024 112 1082 et
126 1015 323 1082 voventibus
345 1022 378 1079 et
399 1037 466 1080 non
481 1014 676 1081 voventibus
698 1016 819 1095 tribue;
842 1018 930 1080 mala
944 1024 1054 1082 autem
1106 1018 1245 1101 gloriam
1274 1025 1397 1099 vergat.
1442 1016 1540 1082 Nune
1568 1017 1609 1081 ad
1635 1017 1742 1098 ipsam
1769 1018 1924 1084 erationis
1949 1041 2084 1085 enarra·

76 1102 286 1186 poseantibus
307 1122 434 1183 quoque
462 1102 574 1168 abesse
599 1102 683 1166 iube.
733 1103 842 1184 Atque
864 1102 961 1166 homo
982 1103 1054 1184 qui·
1106 1105 1230 1168 tionem
1251 1102 1491 1186 aggrediamur.

76 1189 152 1253 dem
179 1188 331 1252 ethnicus
359 1187 393 1252 in
420 1207 459 1252 ee
487 1188 587 1269 sapit,
622 1186 707 1269 quod
736 1187 859 1252 iudieat
884 1209 983 1270 quam
1012 1189 1055 1252 sit
1549 1198 1561 1223 ⁴

76 1273 295 1358 perieulosum
317 1294 338 1337 a
354 1273 498 1338 Domino
524 1281 677 1355 expetere
698 1272 785 1355 quod
811 1272 973 1357 cupiditas
995 1294 1054 1338 no·
1629 1330 1637 1345 ,
1752 1330 1760 1345 ,
1919 1333 1927 1348 ,

76 1368 146 1424 sea
168 1359 354 1438 nouae,
383 1359 480 1425 simu
508 1367 655 1424 nostram
682 1359 908 1424 sustineam
935 1359 1053 1442 proni,
1226 1331 1360 1412 Pater
1391 1341 1535 1412 noster
1567 1360 1641 1439 qur
1673 1360 1718 1413 ee
1748 1362 1793 1412 m
1824 1331 1963 1414 coehs.

76 1447 132 1529 qni
154 1466 196 1509 ne
225 1445 352 1510 hisoere
379 1444 511 1528 quidem
538 1446 609 1510 sine
635 1444 823 1510 diserimine
850 1466 961 1511 eoram
982 1447 1054 1510 Deo

76 1533 254 1615 possimus,
282 1530 347 1594 nisi
374 1531 416 1595 ad
443 1539 567 1596 reetam
592 1529 706 1595 orandi
733 1552 882 1595 normam
904 1551 965 1596 nos
987 1533 1054 1613 spi·
1194 1536 1243 1595 36.
1287 1532 1439 1596 Primum
1467 1531 1595 1612 inipso
1622 1531 1736 1595 limine
1758 1532 1899 1596 ooeurrit
1918 1531 2004 1614 quod
2026 1553 2086 1596 an-

76 1619 161 1683 ritus
186 1617 348 1682 instituat.
397 1618 463 1698 Quo
489 1618 607 1682 maiore
634 1617 670 1680 ia
692 1618 796 1697 pretio
823 1618 941 1682 cameri
966 1617 1055 1698 apud
1106 1625 1160 1683 tea
1182 1618 1340 1694 diximus,
1368 1637 1500 1681 omnem
1523 1637 1543 1680 a
1563 1617 1658 1681 nobis
1678 1618 1858 1681 orationem
1879 1618 1991 1682 offerri
2012 1619 2086 1684 Deo

76 1724 134 1769 noe
148 1709 284 1769 meream
299 1702 353 1768 hoe
369 1703 581 1785 privilepa'am,
600 1703 676 1766 dam
690 1703 871 1785 sepositae
886 1702 951 1767 Dei
965 1702 1055 1783 filius
1106 1726 1173 1769 non
1195 1703 1291 1768 aliter
1312 1702 1429 1767 debere
1451 1723 1550 1784 quam
1571 1703 1606 1765 in
1624 1702 1749 1768 Christi
1771 1704 1912 1781 nomine,
1935 1710 1974 1768 ut
1994 1704 2086 1770 nulle

76 1790 170 1855 area
191 1788 280 1853 solis
300 1789 336 1852 ia
352 1809 387 1854 oe
406 1789 544 1871 eoeperit
563 1809 641 1869 quoe
661 1795 792 1853 matum
809 1794 949 1854 maram
970 1789 1054 1854 omni
1107 1791 1171 1855 alio
1199 1789 1328 1853 nomine
1355 1788 1404 1851 illi
1432 1787 1655 1853 commendari
1684 1798 1798 1870 potest
1845 1788 1930 1852 Nam
1957 1809 1999 1853 ex
2021 1810 2086 1871 quo

77 1874 282 1940 humilationis
302 1875 479 1957 aspediom.
1106 1883 1234 1958 patrem
1256 1894 1409 1940 vooamus
1430 1875 1554 1953 Deum,
1584 1894 1704 1939 nomen
1730 1885 1817 1939 eerte
1840 1873 1964 1939 Christi
1990 1897 2086 1957 prae-

166 1964 215 2024 35.
265 1959 358 2026 Haeo
390 1959 506 2024 orandi
533 1982 591 2025 seu
616 1961 736 2037 forma,
770 1981 828 2024 seu
854 1959 969 2042 regula
996 1982 1055 2025 sex
1106 1961 1280 2026 tendimus.
1325 1958 1400 2041 Qua
1427 1961 1515 2025 enim
1542 1959 1661 2024 fidueia
1680 1961 1790 2025 Deum
1819 1960 1936 2042 aliquis
1958 1968 2086 2043 patrem

78 2046 290 2130 petitionibus
307 2047 486 2112 eonstituta
505 2055 563 2110 est
599 2046 686 2110 Nam
707 2049 749 2110 rie
766 2045 808 2110 iis
829 2046 983 2111 aeeedam
998 2046 1055 2128 qui
1106 2045 1315 2119 nominaret?
1349 2046 1421 2128 quis
1451 2046 1516 2110 hue
1550 2047 1743 2110 temeritatis
1770 2053 2014 2128 prorumperet,
2047 2053 2088 2111 ut

76 2139 203 2216 septem
224 2132 385 2214 oapitibus
407 2130 626 2214 distinguunt,
648 2132 725 2196 feeit
741 2131 827 2212 quod
848 2129 1056 2197 adversativa
1107 2134 1169 2199 sibi
1202 2140 1376 2214 usurparet
1408 2131 1565 2196 honorem
1593 2131 1654 2195 filii
1680 2131 1761 2206 Dei,
1797 2132 1861 2195 nisi
1887 2133 1921 2196 in
1952 2131 2086 2197 Christe

76 2218 218 2284 diutione
239 2218 411 2283 interieota
428 2216 559 2283 videtur
576 2217 779 2300 evangelista
794 2217 859 2281 duo
876 2217 934 2281 illa
951 2239 1054 2282 mem·
1107 2220 1251 2300 adoptati
1273 2239 1418 2283 essemus
1438 2218 1474 2282 in
1491 2217 1575 2281 filios
1595 2217 1741 2299 gratiae?
1777 2215 1843 2297 Qui
1865 2239 1966 2299 quum
1987 2239 2086 2283 verus

75 2305 136 2369 bra
163 2303 306 2369 voluisse
332 2304 420 2369 inter
447 2325 482 2368 se
510 2304 677 2387 oolligere,
705 2324 743 2368 ae
769 2302 811 2367 si‘
825 2301 979 2381 dixisset,
1012 2324 1054 2368 ne
1107 2307 1150 2369 sit
1178 2304 1281 2381 iilius,
1314 2303 1407 2368 nobis
1433 2304 1469 2368 in
1494 2303 1630 2367 fratrem
1659 2302 1701 2367 ab
1727 2303 1797 2385 ipso
1826 2303 1922 2367 datus
1950 2313 2015 2381 est,
2045 2313 2085 2368 ιιι

76 2389 259 2454 tentatione
284 2389 426 2472 opprimi
452 2410 511 2454 nos
538 2389 641 2465 sinas,
675 2389 755 2470 quin
785 2389 893 2470 potius
921 2398 1054 2454 nostrae
1107 2389 1193 2473 qued
1215 2399 1335 2454 natura
1356 2390 1425 2470 ipse
1448 2389 1616 2473 proprium
1638 2387 1752 2466 habet,
1782 2387 1964 2471 adoptionis
1987 2390 2086 2454 bene-

76 2475 247 2624 hagilitati
268 2496 364 2558 opem
384 2476 485 2550 ieras,
508 2484 543 2540 et
562 2474 697 2549 liberes,
726 2496 769 2539 ne
795 2475 1053 2540 suooumbamus.
1106 2477 1180 2541 fieio
1213 2484 1363 2540 nostrum
1388 2476 1463 2552 fiat,
1496 2476 1525 2540 si
1553 2482 1683 2538 tantam
1715 2475 1964 2540 beneficentiam
1996 2484 2088 2541 eerta

77 2560 129 2626 No
151 2561 255 2626 ιωιιιιι
282 2562 381 2626 etiam
409 2561 558 2626 sentiunt
581 2570 709 2626 veteres
736 2560 891 2626 eoelesiae
918 2561 1054 2642 seripte·
1106 2561 1171 2626 fide
1192 2561 1428 2643 ampleetimur.
1474 2559 1761 2641 Quemadmodum
1782 2559 1924 2625 Ioannes
1943 2562 1990 2625 ait
2007 2561 2085 2646 (Ev.

77 2668 138 2722 res,
153 2646 183 2730 2)
210 2655 247 2712 ut
272 2647 339 2712 iam
365 2647 452 2730 qnod
478 2647 615 2730 septimo
644 2646 714 2711 loeo
737 2646 823 2728 apud
847 2646 1054 2711 Matthaeum
1110 2653 1142 2723 l,
1169 2650 1237 2731 12),
1273 2647 1383 2711 datam
1412 2669 1483 2712 esse
1510 2652 1704 2729 potestatem
1731 2646 1773 2711 iis
1801 2647 1857 2728 qui
1884 2646 2023 2711 eredunt
2049 2648 2087 2712 in

76 2731 223 2797 additum
248 2741 314 2812 est,
340 2733 508 2816 exegetiee
536 2732 578 2797 ad
605 2739 732 2797 sextam
754 2731 945 2814 petitionem
971 2733 1055 2797 refe-
1106 2753 1228 2798 nomen
1254 2733 1415 2815 unigeniti
1442 2733 1502 2797 filii
1524 2731 1601 2809 Dei,
1631 2738 1669 2795 ιιι
1694 2731 1754 2795 filii
1779 2732 1843 2796 Dei
1870 2731 1933 2813 ipsi
1958 2753 2087 2814 quoque

76 2818 215 2884 rendum
231 2819 283 2884 sit
319 2819 465 2884 Tametsi
482 2827 593 2883 autem
610 2817 769 2883 eiusmodi
787 2825 837 2883 eet
854 2826 924 2882 tota
941 2819 1053 2897 oratio,
1107 2820 1196 2884 fiant
1236 2818 1784 2901 Itaqueotpatremsenostrum
1807 2817 1958 2899 appellat,
1982 2818 2087 2884 etsie

76 2913 114 2969 ut
138 2904 258 2987 ubique
284 2904 408 2988 gloriae
430 2905 494 2970 Dei
520 2904 604 2969 ratio
629 2903 802 2986 inprimis
828 2903 1053 2982 habendasit,
1107 2927 1128 2970 a
1154 2904 1249 2970 nobis
1276 2904 1386 2970 vooari
1416 2905 1502 2970 vrdt:
1536 2904 1597 2968 hae
1624 2911 1718 2968 tanta
1749 2903 1891 2968 nominis
1924 2905 2087 2968 suavitate

75 2991 201 3071 priores
230 2999 344 3055 tamen
370 3000 438 3056 tres
464 2990 637 3073 petitiones
664 2989 729 3054 Dei
757 2989 880 3073 gloriae
912 2990 1055 3073 pedulia-
1107 2992 1197 3056 omni
1223 3011 1283 3055 nos
1311 2989 1493 3055 diffidentia
1519 2990 1683 3067 eximens,
1711 2988 1843 3072 quando
1870 2989 1980 3054 nullus
2008 2989 2087 3055 alibi

75 3077 157 3141 riter
182 3074 366 3142 destinatae
393 3083 484 3140 sunt:
519 3097 618 3160 quam
645 3076 749 3140 solam
776 3075 813 3140 in
839 3075 907 3140 illis
933 3077 1056 3140 intueri
1107 3078 1213 3142 maior
1234 3077 1355 3141 amoris
1377 3077 1513 3142 effeetus
1534 3096 1633 3159 quam
1650 3076 1686 3138 in
1703 3083 1798 3157 patre
1820 3075 1956 3156 reperiri
1973 3077 2084 3157 possit

75 3183 136 3227 nos
151 3170 289 3244 eportet,
307 3161 399 3226 nullo
414 3162 576 3228 eommodi
592 3162 706 3240 nostri,
722 3169 762 3225 ut
776 3163 877 3240 aiunt,
895 3171 1054 3244 respeotu
1107 3163 1224 3246 Itaque
1250 3161 1342 3227 nullo
1374 3163 1512 3228 oertiore
1541 3162 1736 3226 deoumento
1767 3161 1962 3226 immensam
1990 3182 2085 3226 suam

77 3248 160 3311 Tros
189 3247 332 3328 reliquae
357 3249 463 3312 nostri
491 3268 604 3314 euram
630 3255 767 3331 gemant,
795 3268 834 3313 ae
856 3248 989 3331 proprie
1015 3248 1056 3313 iis
1107 3270 1188 3332 erga
1212 3269 1273 3314 nos
1300 3249 1471 3313 ueritatem
1498 3247 1665 3313 testifioari
1692 3248 1816 3329 potuit,
1850 3266 1950 3328 quam
1977 3267 2019 3310 ex
2046 3266 2085 3312 eo

77 3352 161 3412 quas
178 3353 220 3396 ex
236 3354 298 3398 usu
313 3341 427 3398 nostro
448 3340 527 3398 sunt
543 3332 748 3415 postulandis
764 3342 843 3398 sunt
859 3334 1054 3417 assignatae.
1108 3333 1193 3417 qued
1211 3335 1272 3400 filii
1289 3333 1354 3399 Dei
1370 3335 1589 3399 nominamur.
1633 3333 1741 3415 Ipsius
1758 3352 1836 3397 vero
1854 3333 1973 3397 oaritas
1991 3340 2085 3398 tanto

77 3417 125 3481 Ut
145 3438 246 3499 quum
266 3438 387 3482 nomon
410 3417 474 3483 Dei
495 3419 693 3484 sanetifioari
714 3420 866 3502 petimus,
888 3421 967 3502 qaia
980 3441 1055 3500 pro·
1107 3442 1188 3504 erga
1204 3442 1264 3486 nos
1285 3422 1390 3486 maior
1417 3419 1697 3503 praestantiorque
1719 3427 1770 3483 est
1794 3419 1883 3483 omni
1909 3426 2086 3501 parentum

76 3504 151 3567 dore
182 3503 249 3568 vult
273 3503 350 3568 dena
380 3506 521 3587 qratiam
547 3525 591 3568 aa
615 3525 671 3586 spa
701 3506 851 3571 moedis
882 3511 1005 3571 omdar
1032 3527 1055 3570 a
1107 3515 1295 3571 nostrorum
1316 3507 1461 3586 earitate,
1484 3515 1606 3589 quante
1626 3506 1696 3587 ipse
1718 3525 1830 3568 omnes
1855 3503 2004 3568 homines
2026 3503 2085 3569 be-

75 3589 165 3653 nedis
184 3595 214 3654 et
234 3589 361 3666 salutm,
384 3590 469 3653 nihil
490 3601 562 3655 tum
583 3589 624 3655 de
643 3599 755 3655 nostro
777 3591 945 3657 eommodo
967 3592 1054 3675 eogi-
1106 3594 1210 3657 nitate
1238 3599 1273 3656 ot
1302 3592 1525 3658 miserioerdia
1556 3600 1703 3673 superat3
1737 3599 1776 3654 ut
1800 3591 1829 3654 si
1859 3598 2020 3672 quotquot
2047 3591 2084 3654 in

76 3674 216 3739 tandum
242 3682 305 3753 est;
333 3674 391 3739 sed
416 3676 487 3741 eius
514 3675 619 3759 gloria
638 3675 731 3741 nobis
755 3675 965 3760 proponenda
993 3685 1053 3756 est,
1106 3686 1195 3743 terra
1233 3686 1312 3743 sunt
1344 3687 1468 3760 patres,
1506 3679 1596 3742 omni
1628 3686 1783 3759 paternae
1816 3677 1947 3758 pietatis
1984 3697 2085 3740 sensu

76 3781 175 3843 quam
196 3760 333 3826 intentis
353 3761 454 3826 oeulis
477 3784 577 3827 unam
597 3763 800 3840 intueamur;
822 3784 884 3827 nee
901 3762 997 3827 aliter
1017 3764 1054 3826 in
1105 3766 1211 3842 exuti,
1239 3764 1325 3830 filios
1354 3764 1583 3841 destituerent,
1611 3764 1681 3845 ipse
1709 3760 1802 3826 nobis
1829 3781 1998 3842 nunquam
2028 3760 2084 3824 de-

77 3847 211 3928 reliquis
245 3846 431 3911 huiusmodi
463 3848 614 3929 precibus
650 3848 783 3913 affeetos
816 3869 887 3913 esse
914 3849 968 3930 foa
998 3853 1052 3915 est.
1104 3851 1237 3915 futurus
1264 3851 1321 3928 sit,
1354 3851 1510 3932 quoniam
1542 3871 1577 3915 se
1605 3850 1712 3930 ipsum
1743 3868 1865 3930 negare
1885 3866 1952 3909 non
1973 3853 2085 3927 potest

76 3934 186 4014 Atque
212 3932 274 3996 hoo
301 3931 432 4014 quidem
459 3934 567 4015 ipsum
593 3933 689 3998 nobis
714 3934 750 3998 in
778 3954 937 4018 magnum
964 3955 1053 4000 oom-
1104 3936 1567 4019 (lIoann.3,l;Psal.27,
1592 3933 1807 4011 10;Ies.63,
1831 3936 1884 4010 1ιι;
1909 3931 2029 3996 ouini
2052 3935 2081 4011 2,

76 4018 210 4083 modum
232 4017 333 4096 eadit,
360 4018 447 4100 quod
468 4018 547 4082 dum
568 4019 616 4083 ita
643 4028 681 4083 ut
701 4019 841 4102 petimus
870 4021 1053 4087 sanetifioa-
1109 4022 1171 4106 13).
1207 4022 1378 4088 Habemus
1396 4023 1484 4085 onim
1502 4022 1572 4084 eius
1590 4019 1788 4102 promissum
1805 4016 1940 4097 (Maian
1961 4021 1990 4097 7,
2012 4016 2083 4103 ll):

77 4112 141 4182 tur,
168 4107 208 4169 fit
228 4105 330 4169 etiam
350 4115 464 4169 nosua
484 4105 625 4169 oseam
650 4106 872 4172 sanotifioatio.
918 4104 986 4173 Sed
1010 4106 1053 4172 ad
1105 4110 1134 4173 si
1164 4128 1241 4186 ves,
1273 4129 1374 4192 quum
1406 4107 1485 4170 mali
1517 4106 1609 4182 sitis,
1641 4104 1744 4168 nostis
1776 4103 1862 4167 bona
1900 4101 1979 4168 dare
2008 4104 2086 4170 filiis

77 4187 263 4255 huiusmodi
297 4189 474 4255 utilitatem
500 4190 586 4255 eeuli
618 4192 736 4269 nostri,
769 4202 807 4256 ut
838 4191 965 4259 dietum
993 4202 1052 4272 est,
1106 4195 1237 4272 vestris,
1259 4207 1382 4276 quanto
1403 4192 1509 4275 magis
1530 4197 1625 4273 pater
1642 4199 1750 4254 vester
1767 4189 1824 4271 qui
1840 4189 1877 4253 in
1897 4190 1996 4255 eoolis
2013 4190 2084 4255 est?

76 4277 252 4340 eennivere
280 4297 319 4341 ao
344 4274 583 4357 quodammodo
610 4278 768 4342 aarum
791 4277 925 4357 debent,
953 4301 996 4344 ne
1018 4279 1054 4343 in
1106 4280 1192 4344 Item
1214 4279 1302 4362 apud
1323 4278 1517 4361 prophetam
1538 4276 1616 4359 (Ios.
1636 4280 1692 4352 49,
1715 4274 1783 4357 15):
1807 4283 1957 4358 potestne
1979 4281 2086 4338 mater

76 4360 182 4443 ipsam
201 4363 336 4426 omnino
358 4362 543 4443 respiciant
589 4361 635 4428 Ut
655 4364 684 4427 si
704 4364 810 4428 omnis
836 4385 910 4447 spes
931 4365 1053 4447 privati
1106 4366 1253 4431 oblivisei
1273 4364 1437 4430 filiorum?
1461 4372 1495 4428 et
1512 4364 1540 4426 si
1563 4361 1783 4439 oblivisoatur,
1807 4381 1867 4444 ege
1888 4370 1999 4424 tamen
2018 4381 2085 4424 non

76 4448 181 4512 nestri
201 4446 279 4512 boni
306 4448 453 4530 praecisa
474 4455 574 4526 esset,
597 4447 678 4513 haee
699 4456 809 4514 amen
830 4451 1054 4529 sanotifioatio,
1106 4451 1280 4516 oblivisoar
1300 4452 1357 4515 tui.
1395 4448 1540 4531 Quodsi
1562 4448 1621 4513 filii
1643 4449 1855 4524 eiussumus,
1879 4445 2027 4511 utfilius
2049 4446 2085 4511 in

76 4540 111 4596 et
128 4532 194 4598 alia
219 4553 303 4615 quae
330 4533 373 4598 ad
393 4534 456 4598 Dei
477 4534 616 4617 gloriam
642 4533 818 4616 pertinent,
840 4557 861 4601 a
882 4536 975 4602 nobis
996 4556 1054 4618 op-
1105 4537 1206 4602 fidem
1232 4539 1382 4602 extranei
1413 4536 1576 4618 alienique
1603 4533 1747 4599 hominis
1775 4555 1810 4598 se
1843 4531 1992 4597 oonierre
2018 4552 2086 4596 non

76 4619 140 4682 tari
158 4627 193 4683 et
213 4618 363 4701 preoibus
383 4619 542 4702 postulari
566 4640 634 4684 non
661 4617 821 4685 desinant
865 4621 913 4688 Ut
938 4622 974 4686 in
995 4642 1053 4686 ex·
1106 4630 1229 4707 potest,
1257 4623 1321 4688 nisi
1352 4622 1449 4687 simul
1472 4621 1512 4687 de
1538 4622 1641 4704 patris
1664 4620 1717 4685 vel
1739 4619 1877 4684 saevitia
1901 4617 1953 4682 rel
1976 4618 2087 4700 inopia
2154 4667 2162 4675 .

77 4704 193 4786 amplis
223 4705 327 4770 Mesia
360 4713 393 4770 et
419 4706 517 4771 Pauli
549 4712 718 4788 speetatur
748 4705 870 4790 (Exed
905 4710 963 4784 32,
996 4709 1052 4786 32;
1107 4717 1277 4793 queratur,
1304 4709 1353 4774 ita
1380 4707 1513 4774 aliunde
1539 4706 1684 4773 subsidia
1704 4726 1801 4788 quam
1830 4702 1872 4768 ab
1893 4704 1964 4786 ipso
1985 4723 2086 4786 quae-

77 4787 173 4854 Rem
198 4793 226 4868 9,
250 4790 300 4872 3),
324 4791 438 4874 quibus
456 4813 553 4875 move
574 4813 636 4858 aea
654 4791 720 4874 fuit
738 4803 868 4857 mentes
890 4801 924 4858 et
943 4793 1053 4859 oeulos
1105 4817 1178 4860 rere
1200 4816 1267 4860 non
1285 4816 1469 4879 possumus,
1492 4794 1555 4859 nisi
1577 4792 1775 4874 exprobrata
1795 4789 1845 4853 illi
1867 4795 2027 4873 egestate,
2048 4810 2087 4856 ae

78 4893 159 4940 ase
184 4875 264 4958 ipsis
292 4887 454 4957 avertere,
482 4898 519 4943 aa
545 4877 734 4943 vehementi
761 4877 958 4960 incensoque
984 4878 1053 4945 sele
1105 4880 1302 4948 serenitatum
1323 4881 1441 4963 inopia,
1463 4880 1516 4945 vel
1536 4879 1674 4945 saevius
1694 4877 1861 4959 nimiaque
1882 4876 2085 4942 austeritate

1193 4970 1243 5032 37.
1287 4966 1358 5033 Neo
1386 4986 1573 5044 oausemur,
1602 4984 1662 5029 nos
1689 4962 1807 5027 merite
1834 4960 1965 5026 timidos
1993 4959 2088 5027 reddi

1105 5059 1315 5135 peeoaterum
1335 5050 1551 5128 eonseientia,
1576 5070 1659 5132 quae
1682 5056 1825 5131 patrem,
1848 5046 1999 5132 quamvis
2020 5047 2087 5114 ele-

145 5165 175 5232 1)
192 5166 224 5220 n
242 5166 330 5220 areo.
350 5166 373 5218 a.
392 5168 436 5219 ve
453 5166 489 5220 os
511 5174 582 5220 voto.
681 5167 713 5235 a)
731 5171 844 5237 August.
869 5170 895 5221 a
918 5169 1053 5223 ιιιοιιιι.
1106 5146 1252 5238 ¹¹3⁰‚ssiffl11
1273 5159 1312 5204 ω
1332 5144 1558 5236 muneratum,
1586 5144 1698 5200 tamen
1718 5135 1813 5234 ¹¹9¹)ss
1836 5134 1997 5199 offensum
2014 5154 2089 5235 w

76 5235 112 5288 ιιι
128 5235 257 5288 huma.
275 5254 298 5288 e.
317 5235 374 5288 lla
403 5236 542 5302 eaquae.
563 5241 651 5290 sator
668 5238 761 5306 opas
780 5238 885 5307 imperf.
1107 5224 1183 5290 ade
1203 5224 1342 5291 reddeat.
1386 5222 1473 5289 Nam
1499 5244 1529 5288 ar
1550 5229 1637 5287 mter
1663 5221 1812 5287 hommes
1835 5219 1926 5285 nullo
1952 5219 2089 5286 melmre

1826 5321 1882 5375 42*

79 5050 108 5055 ‹--
115 5050 282 5060 ——·-——-.
