4672 5842
149 1464 250 1601 IN
253 1465 735 1605 STITUTION
737 1470 819 1605 Is
863 1472 1495 1608 CHRISTIANAE
1538 1473 2070 1612 RELIGIONIS

866 1734 1054 1816 LIBER
1085 1735 1361 1818 TERTIUS.

363 1934 456 2029 DE
484 1935 683 2033 MODO
710 1936 1212 2034 PEROIPIENDAE
1242 1937 1511 2036 CHRISTI
1540 1937 1857 2045 GRATIAR

160 2085 220 2149 na
242 2082 325 2164 aul
346 2085 460 2150 mon
483 2085 697 2152 annonas
717 2086 858 2155 nolas
881 2085 1203 2168 Pnovnnlann,
1226 2091 1286 2154 aa
1308 2088 1392 2171 QUI
1411 2089 1652 2157 arenosas
1676 2089 2061 2171 constantiana.

474 2300 627 2368 CAPUT
647 2302 673 2366 Ι.
688 2300 713 2385 ¹)
1137 2303 1184 2366 ita
1216 2304 1311 2367 etiam
1343 2308 1404 2368 tres
1431 2305 1466 2368 in
1495 2310 1595 2380 terra,
1629 2326 1727 2385 aqua,
1760 2307 1901 2403 sanquis
1923 2312 1951 2369 et
1982 2308 2116 2405 spiritus

107 2443 228 2550 Quae
260 2444 312 2525 de
342 2442 512 2535 Christo
545 2443 657 2526 diota
689 2454 801 2550 sunt,
832 2445 953 2527 nobis
985 2475 1084 2556 pro·
1137 2388 1357 2553 bertillis}
1378 2389 1475 2556 bib
1512 2390 2117 2561 billinc-frliblelipilbblpbdbi
2163 2448 2167 2455 ’

188 2566 330 2670 (lesse,
363 2594 514 2647 albana
544 2564 787 2674 Operatione
820 2566 1006 2675 Spjrjffus·
1101 2577 1106 2588 ·
1137 2562 1200 2624 uice
1223 2561 1412 2641 insanlptum
1433 2583 1506 2627 esse.
1554 2561 1639 2626 Unde
1658 2562 1696 2642 nc
1712 2567 1748 2625 ut
1768 2562 1954 2627 ablationem
1974 2566 2116 2629 etsoeri-

1135 2645 1243 2725 ficium
1267 2644 1385 2711 Christ-i
1412 2649 1553 2731 obsipnet.
1602 2648 1670 2728 Qua
1699 2649 1817 2711 ratione
1844 2651 1937 2712 etiam
1958 2650 2034 2713 dicit
2057 2649 2115 2716 Pe

194 2739 220 2797 1.
267 2731 362 2796 Nune
389 2731 558 2795 Manlum
584 2732 732 2811 quonmdo
760 2730 803 2795 acl
828 2752 885 2795 nos
899 2734 1085 2812 pervadant
1136 2736 1206 2796 trus
1227 2732 1456 2817 (1P0t1·.1,2)
1477 2734 1584 2814 fideles
1605 2734 1711 2798 eleetos
1732 2735 1853 2797 essein
1874 2736 2115 2816 sarcctificatione

105 2839 185 2898 quae
197 2823 290 2901 pater
308 2816 376 2898 filio
398 2818 556 2899 intimando
577 2817 703 2880 contulit
724 2817 818 2896 bona,
841 2839 902 2881 non
923 2818 958 2882 in
975 2820 1085 2900 pertua
1136 2820 1285 2899 spiritus,
1324 2819 1359 2882 in
1398 2819 1599 2884 obedientiam
1640 2824 1667 2883 cl
1705 2819 1914 2899 aspersionem
1946 2823 2115 2903 saripuinis
2159 2898 2163 2906 ι

104 2910 171 2968 tum
196 2926 305 2983 usum,
334 2904 390 2968 sed
418 2908 452 2967 ut
475 2903 583 2983 inopes
604 2923 769 2986 epanosque
790 2903 992 2985 locupletaret.
1035 2903 1085 2968 Ac
1139 2903 1265 2969 Christi.
1319 2904 1438 2985 Qccibas
1464 2905 1565 2970 uerbis
1592 2905 1745 2984 adornaret,
1772 2925 1809 2968 ue
1838 2907 1933 2969 irrita
1959 2908 2002 2969 sit
2028 2909 2114 2971 sacri

97 2991 205 3072 primo
225 2991 399 3055 babendum
421 2995 478 3067 est,
508 2990 661 3070 quamdiu
684 2994 772 3053 earo
794 3009 849 3053 nos
871 2995 915 3053 est
939 2989 1084 3055 Christus
1136 2989 1226 3054 illias
1257 2991 1425 3072 sonpuinis
1456 2992 1581 3072 effusio,
1615 3011 1733 3054 arcana
1765 2992 1898 3071 spiritus
1930 2992 2114 3074 irripatiane

104 3078 190 3141 etob
210 3098 242 3141 eo
264 3097 375 3142 summ
395 3076 543 3156 separati,
564 3075 720 3156 quidquid
741 3075 777 3138 in
798 3075 931 3140 salutem
952 3076 1084 3139 liarioani
1135 3077 1261 3140 autimas
1288 3082 1413 3140 nostras
1433 3098 1466 3142 eo
1481 3078 1629 3158 parpari.
1676 3077 1746 3157 Qua
1767 3077 1887 3140 ratione
1908 3078 2002 3140 eliam
2026 3077 2114 3143 Pau·

101 3164 223 3245 pencris
239 3183 361 3242 passus
382 3166 427 3224 est
447 3181 483 3226 ao
503 3161 590 3242 fecit,
618 3161 706 3225 nobis
732 3182 796 3226 esse
820 3162 930 3225 inatile
950 3161 1083 3225 nullius·
1135 3162 1199 3239 lus,
1222 3163 1259 3226 de
1275 3164 1462 3245 parpalione
1484 3168 1511 3227 et
1531 3163 1749 3243 iustificatione
1770 3164 1862 3227 nubo
1882 3163 2016 3243 faciens,
2039 3164 2115 3227 dicit
2198 3230 2206 3241 ,

102 3269 160 3329 que
182 3249 332 3312 nroonenti.
377 3247 463 3328 Erpa
484 3251 518 3309 ut
539 3246 694 3311 rtobiscum
716 3267 796 3327 quae
817 3269 838 3310 a
853 3253 948 3327 patre
969 3249 1084 3329 acdfiit
1135 3246 1167 3328 (l
1190 3246 1264 3311 Cor.
1285 3252 1313 3322 6,
1336 3248 1389 3331 11)
1416 3269 1472 3313 uos
1494 3249 1564 3318 deri
1585 3250 1750 3328 utriusque
1771 3253 1918 3328 compotes
1939 3249 1974 3311 in
1991 3250 2114 3314 nmnine

100 3336 308 3411 omninnunicet,
333 3338 473 3397 nostrum
492 3331 565 3411 fieri
587 3338 614 3396 et
635 3334 670 3396 in
691 3333 779 3397 nobis
798 3333 940 3398 babitare
960 3338 1081 3414 oportet.
1136 3333 1210 3398 Iesu
1236 3332 1354 3398 Christi
1381 3340 1409 3409 et
1436 3335 1554 3416 spiritu
1577 3333 1642 3397 Dei
1668 3335 1775 3398 nostri.
1820 3333 1893 3397 Hae
1920 3353 2045 3398 suumin
2066 3356 2113 3399 re

101 3420 181 3483 Ideo
209 3423 237 3481 et
257 3425 352 3499 capm
373 3423 513 3481 nostrum
533 3424 673 3497 uocatur,
701 3425 729 3484 et
750 3420 980 3502 primopenitus
1001 3421 1083 3484 inter
1133 3420 1189 3497 dit,
1212 3420 1360 3499 spiritum
1381 3426 1523 3484 sanctam
1544 3420 1702 3483 oinculnm
1723 3440 1802 3499 esse,
1831 3440 1891 3501 occo
1911 3440 1967 3484 nos
1988 3420 2049 3484 sibi
2071 3419 2114 3502 ef-

101 3504 217 3569 maltos
242 3504 359 3585 fratres
381 3503 535 3585 (sphi,
558 3505 728 3584 15;R01n.
751 3510 786 3583 8,
808 3508 881 3588 29);
907 3526 963 3569 nos
988 3507 1082 3570 etiam
1131 3505 1268 3586 ficaciter
1294 3505 1427 3570 devincit
1450 3505 1603 3570 Christus.
1651 3506 1716 3586 Quo
1745 3506 1839 3570 etiam
1851 3506 2008 3587 pertinent
2034 3527 2114 3587 quae

102 3590 244 3655 vicissim
277 3590 414 3654 dicinmr
446 3591 481 3652 in
515 3591 621 3671 ipsum
649 3592 763 3669 iniseri,
797 3595 824 3655 et
850 3611 920 3655 eum
952 3588 1082 3655 indicere
1127 3591 1276 3671 proximo
1298 3590 1376 3655 libro
1397 3592 1435 3656 de
1456 3594 1525 3656 eius
1545 3591 1686 3656 unctione
1707 3592 1878 3656 docuinms.

104 3678 215 3760 (Rom.
232 3681 279 3754 ll,
296 3680 349 3753 173
368 3675 442 3739 Gal.
458 3678 485 3752 3,
500 3677 572 3760 27).·
595 3678 671 3756 quia
693 3676 774 3741 riibil
795 3677 838 3741 ad
859 3698 922 3753 nos,
945 3682 980 3739 ut
1001 3678 1080 3755 diei,
1222 3679 1249 3739 2.
1275 3666 1433 3756 s'Verunt,
1461 3699 1521 3759 ouo
1546 3699 1598 3743 res
1626 3678 1769 3758 opprime
1790 3678 1888 3760 dipna
1908 3677 2029 3758 capuita
2052 3696 2113 3740 cer-

103 3783 313 3844 quaeeumque
329 3761 477 3843 possidet,
500 3761 591 3825 dorice
613 3783 683 3826 eant
704 3763 774 3844 ipso
795 3764 830 3826 in
852 3784 950 3826 unum
971 3762 1082 3827 coales-
1134 3763 1199 3826 tius
1225 3761 1355 3843 liqueat,
1388 3765 1552 3828 tenerrdum
1584 3768 1627 3828 est
1656 3762 1815 3827 Christum
1838 3762 1997 3842 peculiari
2024 3762 2113 3826 niodo

102 3850 210 3914 cintus.
256 3848 331 3912 Etsi
359 3852 461 3912 alitem
487 3867 595 3911 oerum
622 3852 666 3912 est
690 3849 744 3914 boc
768 3848 831 3928 fide
852 3869 909 3912 nos
930 3850 1081 3929 cumeani,
1133 3848 1251 3928 spiritu
1261 3854 1365 3914 sarlato
1376 3851 1495 3914 oeriisse
1506 3851 1704 3913 instructum:
1727 3868 1833 3927 nonme
1844 3852 1878 3910 at
1897 3846 2045 3910 arrnmdo
2056 3867 2113 3912 uos

103 3936 228 4015 quartae
250 3940 353 3998 tarrcen
373 3934 514 3997 ualemus
541 3953 602 3997 non
623 3954 726 3999 annes
742 3935 920 4016 promiscue
941 3935 1083 4016 amplecti
1133 3940 1319 4017 sepreparel,
1344 3955 1381 3999 ae
1400 3937 1443 3999 ·in
1463 3956 1550 4017 spem
1571 3935 1720 4016 colliperct
1740 3939 1882 3996 aeternae
1901 3932 2111 3997 baereditatis.

106 4019 223 4085 Obristi
245 4021 566 4096 commandationem,
595 4039 674 4099 onae
695 4041 756 4101 per
777 4021 970 4102 evaripeliam
991 4022 1082 4102 offer-
1135 4020 1221 4083 Hinc
1242 4022 1375 4102 spiritns
1395 4021 1650 4102 sanctificationis
1671 4020 1795 4096 dicitnr,
1818 4019 1895 4099 quia
1915 4039 1977 4082 non
1999 4020 2113 4084 uirtute

104 4111 168 4185 tur,
191 4107 289 4172 altius
309 4105 505 4170 coascendere
527 4106 600 4184 ipsa
620 4106 702 4169 rotio
721 4126 778 4170 nos
797 4107 892 4186 docet,
915 4127 953 4171 ac
974 4107 1012 4171 de
1031 4127 1083 4171 ar·
1134 4112 1255 4170 tarctnm
1280 4109 1419 4190 pancrati
1446 4128 1525 4189 quae
1552 4106 1739 4186 conspicitur
1765 4109 1829 4167 tarn
1849 4105 1885 4167 in
1905 4104 2042 4169 bumana
2062 4127 2111 4189 pe

104 4211 182 4256 cana
208 4194 342 4274 spiritus
368 4192 510 4273 efficacia
536 4191 711 4271 inaurirerc,
739 4212 803 4272 aaa
829 4191 867 4271 fit
895 4197 930 4256 ul
959 4191 1082 4258 Christo
1134 4213 1206 4256 nere
1239 4213 1334 4273 anam
1366 4193 1401 4256 iu
1433 4194 1563 4274 reliquis
1594 4190 1821 4268 adiuuantibus,
1853 4211 1908 4254 uos
1938 4196 2054 4273 repetat
2084 4195 2112 4253 et

103 4278 249 4360 bonisque
280 4280 349 4344 eius
382 4277 523 4342 moenibus
553 4277 711 4358 fruamur.
760 4277 912 4342 Disserui
943 4284 1013 4342 ante
1044 4279 1082 4343 de
1132 4279 1227 4360 fouet,
1254 4280 1309 4343 sed
1335 4280 1432 4344 radia
1452 4300 1489 4343 ao
1510 4298 1612 4342 semen
1638 4281 1682 4340 est
1701 4276 1837 4341 coelestis
1857 4277 1938 4340 ritae
1961 4277 1994 4337 in
2014 4276 2109 4338 nobis.
2124 4276 2148 4345 tt

104 4369 228 4429 aeterna
249 4365 383 4447 spiritus
404 4346 517 4429 deitate
539 4368 566 4427 et
587 4363 736 4442 essentia·
762 4383 844 4427 nunc
871 4365 1002 4443 speciali
1028 4363 1082 4428 boc
1135 4363 1248 4444 Itaque
1266 4364 1320 4428 boc
1340 4367 1477 4430 inanime
1498 4364 1593 4447 alapia
1613 4361 1731 4429 Obristi
1751 4382 1880 4444 reanum
1901 4361 2111 4425 comnmidant

104 4453 203 4530 capite
229 4453 357 4515 contenti
383 4450 498 4529 simus,
534 4447 696 4514 Christum
722 4449 768 4513 ita
795 4449 830 4511 in
856 4470 940 4529 aquo
961 4456 989 4514 et
1009 4470 1083 4513 sau·
1126 4449 1306 4530 propbetas,
1330 4451 1411 4531 quod
1427 4451 1550 4515 uberior
1566 4450 1700 4532 spiritus
1716 4448 1878 4529 attinentia
1895 4452 1967 4510 luno
1979 4445 2109 4524 floreret.

102 4538 197 4618 paiste
218 4538 349 4615 canusa,
378 4541 413 4600 ut
439 4536 476 4600 de
497 4556 529 4600 eo
551 4534 729 4614 testificetur
750 4534 899 4614 spiritus,
929 4556 966 4599 ne
991 4535 1082 4600 salus
1134 4535 1277 4617 Insipnis
1292 4558 1374 4619 prae
1403 4539 1479 4603 aliis
1501 4543 1545 4601 est
1567 4536 1664 4600 Ioelis
1692 4535 1776 4599 locas
1803 4533 1847 4617 (3,
1872 4531 1920 4616 l).·
1948 4531 2109 4611 effurtclam

98 4643 157 4703 per
190 4623 270 4687 tonna
294 4628 395 4703 parta
421 4621 509 4686 nobis
535 4623 651 4704 efflant.
705 4620 968 4702 Quemadmodum
998 4622 1082 4685 enim
1133 4623 1168 4686 in
1190 4622 1248 4687 illa
1268 4623 1319 4687 die
1340 4624 1377 4689 de
1397 4624 1514 4705 spiritu
1535 4643 1600 4686 mco
1621 4641 1715 4702 super
1732 4639 1850 4683 omnem
1871 4638 2002 4687 camum.
2036 4617 2110 4682 Etsi
2187 4693 2192 4705 ι

104 4713 166 4774 tres
187 4711 323 4774 citantur
344 4711 380 4774 iu
401 4708 478 4773 coelo
499 4713 602 4786 testes,
625 4711 734 4789 pater,
759 4727 859 4770 serum
886 4710 913 4771 et
938 4707 1080 4789 spiritus,
1132 4709 1215 4772 enon
1246 4709 1368 4774 indetur
1398 4712 1477 4774 dona
1510 4709 1642 4787 spirit-cas
1673 4706 1859 4787 restrinpere
1885 4702 2039 4786 propbeta
2066 4705 2110 4770 ad

1132 4815 1247 4859 munus
1257 4795 1476 4876 prophetandi,
1499 4793 1556 4858 sub
1571 4792 1677 4876 daura
1695 4797 1797 4855 tormen
1814 4790 1980 4873 sionificot,
2003 4789 2109 4856 Deum

108 4902 299 4908 -··-”-
965 4947 969 4957 ,
1131 4880 1336 4945 illustratione
1357 4881 1491 4962 spiritus
1512 4878 1565 4943 sui
1584 4878 1743 4958 facturum
1763 4876 1824 4941 sibi
1846 4876 2039 4976 discipulos,
2053 4877 2109 4958 oui

173 5018 201 5085 1)
222 5019 267 5072 De
283 5019 386 5085 spirita
403 5022 496 5071 sancto
514 5017 622 5071 memus
639 5022 731 5086 eperat
749 5017 879 5071 editionis
891 5017 1081 5084 praecedentis
1126 4987 1224 5047 Imus
1255 4971 1394 5044 expertes
1431 4970 1458 5029 et
1489 4964 1582 5029 vacui
1614 4962 1742 5044 fuerant
1774 4965 1911 5029 coelem
1943 4963 2107 5029 ‘immae‘

106 5087 171 5156 cap.
196 5087 263 5142 νη.
284 5088 307 5152 s.
324 5085 367 5139 se,
383 5086 426 5140 ss.
448 5085 521 5140 unce
537 5086 678 5140 mnan
695 5086 863 5154 oppressa,
883 5087 1013 5153 panno
1029 5085 1079 5139 aa·
1134 5050 1166 5114 P
1163 5070 1252 5130 arro,
1281 5051 1359 5131 qnia
1380 5050 1586 5134 1³⁶th
1601 5056 1731 5131 propter
1749 5049 1854 5130 fllium
1875 5070 1969 5115 anm
1991 5051 2108 5148 sptntn

104 5156 178 5225 ains,
195 5157 366 5225 pavuanma
382 5157 435 5209 nne
452 5155 594 5209 nouanda
610 5161 697 5209 anta.
1130 5141 1234 5201 sancto
1260 5155 1317 5200 uos
1343 5137 1450 5218 donat,
1478 5142 1505 5202 et
1530 5143 1633 5201 tomos
1660 5136 1746 5227 apud
1773 5158 1843 5202 eam
1863 5141 1956 5201 totam
1971 5136 2107 5217 planctu
