4672 5842
84 304 146 366 929
421 300 512 365 ΜΒ.
535 300 595 364 Ν.
640 301 703 364 DE
724 298 963 366 EXTERNIS
985 300 1151 367 MEDIIS
1173 301 1237 367 AD
1261 300 1491 369 SALUTEM.
1537 302 1639 369 CAP.
1655 303 1757 372 ΧΙΠ.

2028 313 2095 376 930

83 490 206 555 sanetis
234 488 304 552 eius
331 487 494 553 mandatis
523 486 727 567 obediamus,
750 510 816 552 non
835 496 945 554 autem
967 491 1059 556 obse-
1111 512 1277 569 exercerc,
1308 511 1346 553 eo
1375 491 1602 556 concedebant.
1649 490 1792 572 Qualem
1815 493 1904 557 enim
1934 495 1994 559 sub
2017 498 2089 582 Ly-

83 597 224 658 quamur
252 575 361 656 pravis
387 577 495 638 carnis
525 582 656 639 nostrae
684 574 862 641 desideriis.
906 575 980 642 Hoc
1000 597 1059 641 vo-
1111 577 1204 659 curgi
1230 577 1357 660 legibus
1383 577 1483 641 fuisse
1511 576 1850 642 Lacedaemoniorum
1879 578 2087 663 disciplinam
2144 581 2149 587 ’

82 673 155 725 tum
182 682 283 743 quum
310 681 330 723 a
356 661 518 742 scriptura
540 660 763 724 testimonium
789 660 921 740 habeat,
951 663 1059 727 imoa
1111 669 1261 738 narrant,
1293 671 1371 726 tunc
1399 663 1474 727 talis
1502 671 1573 727 erat
1600 664 1686 746 apud
1709 665 1900 743 monachos,
1925 687 1962 730 ac
1983 668 2087 735 multo

82 747 159 812 filiis
176 747 242 811 Dei
263 744 413 810 omnibus
435 747 594 829 exigatur,
618 746 696 827 quin
716 754 866 810 sanctum
887 748 930 811 sit
951 757 985 812 et
1007 769 1062 812 sa·-
1110 748 1209 811 etiam
1232 747 1376 831 rigidior.
1412 747 1518 812 Humi
1541 747 1762 828 dormiebant;
1785 757 1881 832 potus
1900 760 1972 815 erat·
1993 773 2085 834 aqua,

82 833 190 897 lutare
214 831 355 896 dubitari
376 851 443 894 non
466 831 570 896 debet.
607 831 677 895 Nec
697 832 805 896 obstat
826 832 911 914 quod
933 834 1058 916 perfec-
1110 833 1200 898 cibus
1219 833 1322 915 panis,
1342 833 1463 898 herbae
1481 855 1518 898 ao
1536 832 1706 912 radiculae,
1725 835 1920 919 praecipuae
1940 836 2086 904 lautitiae

82 927 154 983 tam
174 918 256 1000 legis
285 917 518 996 obedientiam,
547 937 644 999 quam
672 917 777 1000 exigit
799 918 891 983 Deus
913 940 933 982 a
955 920 1057 997 nobie,
1110 919 1146 981 in
1174 918 1244 983 oleo
1271 928 1304 982 et
1332 918 1499 984 eiceribus.
1545 919 1598 983 Ab
1620 922 1708 983 omni
1732 921 1919 985 delicatiore
1941 923 2031 987 rictu
2052 932 2087 989 et

82 1026 180 1069 nemo
212 1005 248 1067 in
281 1003 342 1067 hae
375 1003 443 1068 vita
474 1010 627 1085 praestat.
683 1001 824 1083 Quando
856 1005 944 1068 enim
971 1004 1059 1069 haec
1110 1006 1254 1087 corporis
1272 1006 1363 1068 cultu
1381 1004 1596 1069 abstinebant.
1632 1007 1725 1070 Haec
1747 1005 1959 1089 hyperbolica
1980 1008 2087 1074 videri

82 1090 249 1172 stipulatio
272 1091 306 1153 in
329 1088 457 1153 foedere
480 1090 603 1172 gratiae
626 1098 676 1153 est
697 1089 832 1167 inclusa,
855 1091 916 1155 sub
939 1112 1002 1172 quo
1024 1100 1059 1155 et
1109 1100 1242 1172 possent
1268 1091 1331 1154 nisi
1361 1091 1400 1155 ab
1431 1091 1568 1155 oculatis
1596 1101 1629 1155 et
1651 1095 1794 1174 expertis
1815 1091 1955 1157 testibus
1977 1093 2086 1159 trade-

81 1176 231 1240 remissio
253 1182 459 1258 peccatorum
482 1184 515 1239 et
536 1175 670 1256 spiritus
695 1175 959 1240 sanctificationis
981 1199 1056 1241 con·
1109 1185 1233 1255 rentur,
1253 1176 1414 1260 Gregorio
1426 1176 1642 1255 Nazianzeno,
1660 1178 1783 1241 Basilio
1796 1177 2084 1263 etChrysostomo.

82 1262 215 1337 tinetur,
234 1261 424 1342 pollicitatio
443 1282 541 1344 quam
558 1260 625 1325 illic
644 1261 779 1325 facimus
797 1267 923 1327 etcum
941 1263 1057 1326 veniae
1110 1261 1244 1326 Talibus
1261 1284 1339 1327 1111
1358 1261 1553 1327 rudimentis
1575 1284 1609 1326 se
1631 1262 1672 1326 ad
1694 1263 1818 1327 maiora
1835 1285 1973 1328 munera
1990 1287 2085 1346 prae-

82 1346 308 1430 deprecationc
337 1353 370 1410 et
396 1369 471 1411 curu
499 1346 613 1410 auxilii
639 1346 858 1428 postulatione
885 1348 1058 1412 coniuncta
1108 1349 1277 1430 parabant.
1323 1349 1506 1413 Monastioa
1528 1349 1614 1412 enim
1637 1348 1894 1431 collegiafuisse
1916 1352 2085 1417 111111111-

82 1443 141 1498 est.
178 1434 219 1496 In
241 1432 423 1497 iudicandis
445 1431 698 1514 particularibus
718 1433 802 1496 votis
820 1440 888 1496 tres
911 1434 1056 1516 superio-
1109 1433 1156 1497 uti
1190 1434 1365 1498 seminaria
1398 1433 1522 1498 ordinis
1555 1434 1778 1511 ecelesiastici,
1812 1456 1887 1498 cum
1920 1435 1969 1498 illi
2004 1458 2084 1518 quos

82 1540 136 1583 res
162 1519 293 1602 regulas
321 1518 479 1582 memoria
501 1526 614 1582 tenere
636 1539 767 1583 necesse
789 1528 853 1597 est;
875 1519 963 1582 unde
986 1527 1056 1583 tuto
1108 1540 1213 1600 nuper
1224 1520 1467 1584 nominavimus
1485 1521 1564 1584 satis
1583 1520 1671 1584 claro
1690 1519 1884 1583 documento
1896 1529 1974 1585 sunt
1991 1521 2084 1606 (nam

80 1604 207 1682 licebit,
241 1604 337 1686 quale
366 1605 408 1668 sit
434 1603 688 1686 unumquodque
717 1612 843 1682 votum,
872 1605 1054 1669 aestimare.
1108 1626 1220 1669 omnes
1248 1605 1284 1668 in
1313 1606 1521 1670 monasteriis
1550 1604 1692 1684 edueati,
1725 1606 1815 1669 illinc
1837 1605 1878 1668 ad
1902 1607 2083 1690 episcopale

81 1690 196 1773 Neque
214 1696 325 1754 tamen
348 1712 386 1754 ea
409 1690 480 1772 ipsa
502 1698 586 1768 vota,
610 1710 693 1772 quae
713 1697 825 1754 sancta
843 1711 913 1754 esse
936 1712 1054 1770 assero,

40 1846 44 1854 ,
82 1776 128 1840 111
150 1775 376 1843 commendare
399 1797 452 1839 me
470 1785 575 1857 putes,
598 1785 635 1839 ut
652 1774 841 1858 quotidiana
858 1797 928 1841 esse
945 1776 1053 1842 velim.

81 1861 169 1926 Nam
196 1862 259 1926 etsi
286 1862 368 1925 nihil
397 1861 582 1943 praecipere
611 1860 650 1926 de
672 1883 808 1925 numero
830 1871 888 1926 aut
910 1868 1055 1945 tempore

82 1946 201 2026 audeo,
225 1949 253 2012 si
275 1948 347 2030 quis
369 1954 478 2010 tamen
500 1946 633 2011 oonsilio
655 1968 728 2010 meo
750 1947 966 2030 obtemperet,
990 1970 1055 2012 non

81 2033 145 2096 nisi
178 2034 285 2098 sobria
317 2042 350 2097 et
382 2033 580 2114 temporaria
610 2033 771 2117 suscipiet.
823 2030 861 2097 Si
894 2035 981 2097 enim
1014 2033 1054 2098 ad

14 2133 16 2136 ’
80 2120 184 2183 multa
211 2127 289 2183 vota
317 2118 538 2201 nuncupanda
564 2118 701 2183 subinde
724 2139 889 2201 erumpas,
912 2125 1055 2183 111111-

80 2205 159 2289 ligio
189 2206 261 2288 ipsa
287 2204 478 2270 assiduitate
506 2205 655 2281 vilescet,
692 2212 725 2267 et
750 2204 903 2286 proclivis
930 2206 993 2269 erit
1019 2206 1054 2269 in

80 2291 346 2375 superstitionem
368 2290 487 2373 lapsus.
527 2288 566 2354 Si
582 2298 738 2372 perpetuo
761 2297 836 2355 roto
858 2299 891 2354 te
913 2290 1054 2356 obstrin-

79 2398 147 2460 gas,
171 2385 228 2440 aut
244 2398 365 2460 magna
380 2376 530 2440 molestia
549 2375 719 2457 taedioque
737 2376 852 2456 solves,
876 2385 934 2440 aut
955 2378 1054 2441 etiam

79 2462 296 2526 diuturnitate
319 2463 475 2545 fatigatus
498 2461 620 2525 violare
642 2458 816 2543 aliquando
840 2460 981 2527 audebis.

167 2553 194 2611 7.
239 2547 311 2612 Iam
331 2569 390 2612 nec
409 2547 583 2611 obscurum
606 2554 663 2626 est,
685 2553 808 2628 quanta
825 2549 1053 2630 superstitione

79 2635 114 2696 in
148 2634 209 2698 hac
236 2640 329 2717 parte
357 2632 555 2696 laboraverit
583 2630 726 2697 mundus
754 2632 878 2715 aliquot
905 2634 1050 2699 saeculis.

77 2720 174 2785 Alius
197 2741 231 2785 se
254 2719 450 2784 abstemium
470 2719 539 2782 fore
560 2718 716 2795 vovebat,
746 2719 838 2800 quasi
860 2719 931 2784 vini
952 2718 1052 2784 absti-

78 2808 192 2871 nentia
218 2806 327 2872 cultus
350 2813 436 2869 esset
455 2826 515 2887 per
536 2825 571 2868 se
593 2803 666 2868 Deo
686 2810 809 2888 gratus.
855 2804 950 2869 Alius
971 2807 1052 2870 ieiu-

78 2894 149 2970 1111,
187 2892 271 2955 alius
301 2891 409 2956 carnis
449 2889 667 2955 abstinentiae
706 2911 741 2954 se
776 2891 978 2973 astringebat
1010 2891 1051 2955 ad

79 2987 183 3041 certos
202 2976 279 3055 dies,
300 2976 417 3059 quibus
435 2977 636 3060 singularem
654 2975 795 3059 aliquam
812 2997 890 3059 prae
909 2976 1051 3041 1111111-

79 3062 234 3144 ligionem
252 3062 383 3128 subesse
402 3061 462 3126 sibi
482 3082 568 3126 vana
585 3062 739 3145 opinione
756 3063 905 3126 finxerat.
943 3061 1051 3142 Quae-

80 3146 155 3209 dam
193 3148 290 3211 etiam
328 3148 425 3231 longe
458 3149 563 3231 magis
594 3148 734 3233 puerilia
767 3147 1051 3231 nuncupabantur,

80 3232 142 3296 etsi
169 3254 237 3297 non
264 3254 283 3296 a
309 3233 427 3315 pueris.
472 3233 553 3297 Fuit
582 3235 671 3299 enim
693 3234 755 3298 hoo
776 3255 835 3316 111
856 3256 978 3318 magna
1000 3257 1052 3300 sa·

79 3318 204 3402 pientia
215 3317 373 3395 habitum,
392 3320 519 3384 votivas
536 3319 816 3403 peregrinationes
828 3318 875 3383 ad
888 3321 1053 3386 sanctiora

80 3404 152 3467 loca
179 3404 355 3486 suscipere,
384 3425 421 3470 ac
443 3405 611 3469 interdum
634 3405 685 3469 vel
708 3403 844 3488 pedibus
866 3405 931 3471 iter
952 3409 1052 3472 conli-

80 3510 163 3566 1111,
186 3489 239 3553 111
261 3510 393 3572 1111111
411 3490 590 3570 seminudo,
613 3512 677 3574 quo
694 3491 769 3574 plus
791 3493 901 3556 meriti
924 3515 965 3557 ex
987 3495 1051 3558 las·

80 3573 224 3638 situdine
248 3575 476 3657 acquireretur.
520 3577 613 3641 Haeo
635 3585 668 3641 et
689 3577 818 3654 similia,
841 3600 979 3660 quorum
1001 3579 1052 3643 in·

80 3659 227 3726 credibili
249 3659 356 3724 studio
374 3660 517 3726 mundus
536 3662 736 3760 aliquamdiu
753 3664 928 3743 aestuavit,
952 3665 980 3727 si
1002 3687 1052 3728 se-

1107 1711 1228 1756 munus
1250 1691 1356 1756 vocati
1378 1691 1485 1774 sunt),
1514 1699 1588 1771 tum
1610 1691 1666 1754 alii
1688 1691 1871 1773 complures
1893 1712 2008 1755 eorum
2029 1714 2083 1757 ae-

1107 1784 1175 1840 tate
1202 1776 1315 1859 magni
1343 1798 1381 1842 ae
1409 1784 1612 1858 praestantes
1642 1777 1713 1841 viri.
1763 1778 1809 1840 Et
1837 1777 2043 1860 Augustinus
2058 1779 2082 1860 ¹)

1107 1861 1189 1925 illud
1216 1884 1274 1927 suo
1302 1882 1430 1945 quoquo
1457 1869 1602 1945 tempore
1624 1863 1725 1927 fuisse
1748 1863 1907 1927 usitatum
1929 1862 2082 1942 ostendit,

1107 1955 1146 2010 ut
1173 1947 1327 2012 ecclesiae
1359 1948 1492 2013 clericos
1526 1949 1682 2013 coenobia
1709 1949 1944 2012 ministrarent.
1995 1949 2106 2013 Nam.

1107 2034 1284 2098 monachos
1296 2032 1472 2116 1111111111
1483 2034 1611 2098 insulae
1624 2034 1670 2098 111
1682 2034 1870 2115 alloquitur:
1895 2055 1953 2099 vos
1971 2042 2082 2099 autem
2146 2040 2159 2059 '

1107 2117 1224 2183 fratres
1236 2121 1448 2184 exhortamur
1459 2121 1494 2183 in
1505 2119 1658 2198 Domino,
1675 2128 1712 2183 ut
1722 2120 1924 2201 propositum
1936 2127 2083 2184 vestrum

1107 2205 1299 2270 custodiatis
1327 2214 1360 2270 et
1386 2206 1422 2268 in
1451 2208 1550 2270 finem
1581 2205 1810 2287 perseveretis;
1839 2225 1876 2267 ac
1904 2205 2082 2287 siquando

1107 2312 1240 2373 operam
1272 2299 1417 2357 vestram
1443 2298 1550 2355 mator
1576 2291 1712 2356 ecclesia
1737 2287 1986 2367 desideraverit,
2020 2311 2083 2355 nec
2161 2331 2174 2347 .

1107 2376 1247 2440 elatione
1266 2376 1361 2441 avida
1382 2377 1576 2459 suscipiatis,
1600 2397 1661 2440 neo
1678 2374 1867 2440 blandiente
1885 2375 2008 2441 desidia
2030 2398 2082 2440 11-

1107 2463 1240 2544 spuatis,
1253 2461 1311 2527 scd
1322 2462 1393 2526 miti
1405 2461 1502 2527 corde
1514 2463 1744 2544 obtemperetis
1758 2462 1846 2541 Deo;
1863 2481 1924 2525 nec
1934 2468 2082 2527 vestrum

1106 2549 1208 2611 otium
1230 2548 1479 2614 necessitatibus
1501 2548 1656 2613 ecclesiae
1678 2547 1901 2631 praeponatis;
1932 2548 1985 2612 cui
2006 2570 2082 2631 par-

1105 2633 1242 2697 turienti
1270 2635 1297 2698 si
1325 2634 1409 2698 nulli
1435 2633 1511 2698 boni
1541 2635 1728 2698 ministrare
1757 2633 1892 2710 vellent,
1922 2632 2081 2715 quomodo

1105 2720 1320 2784 nasceremini
1353 2741 1420 2783 non
1454 2720 1656 2784 inveniretis.
1703 2720 1865 2801 Loquitur
1898 2728 2008 2782 autem
2042 2719 2082 2785 de

1104 2805 1361 2888 ministerioque
1379 2804 1492 2870 fideles
1510 2805 1724 2888 spiritualiter
1742 2811 1965 2869 renascuntur.
1995 2806 2082 2869 Item

1104 2890 1147 2955 ad
1176 2891 1403 2976 Aureliumfl)
1433 2900 1466 2956 et
1492 2892 1573 2975 ipsis
1603 2891 1713 2973 lapsus
1742 2890 1882 2967 occasio,
1912 2896 1945 2953 et
1973 2889 2081 2955 ordini

1105 2977 1298 3042 clericorum
1330 2981 1369 3042 fit
1401 2976 1631 3062 indignissima
1662 2977 1800 3054 iniuria,
1835 2977 1863 3040 si
1897 2975 2081 3042 desertores

1104 3065 1375 3128 monasteriorum
1416 3061 1457 3127 ad
1495 3064 1646 3127 militiam
1687 3062 1857 3126 clericatus
1896 3060 2080 3145 eliguntur;

1105 3171 1205 3232 quum
1228 3172 1268 3214 ex
1291 3150 1332 3214 iis
1353 3150 1408 3232 qui
1430 3150 1467 3213 in
1483 3150 1680 3215 monasterio
1703 3153 1911 3232 permanent,
1940 3169 2008 3210 non
2029 3154 2081 3211 ta·

1104 3256 1181 3298 men
1194 3235 1259 3300 nisi
1276 3233 1479 3320 probatiores
1496 3256 1533 3301 ao
1551 3235 1701 3299 meliores
1719 3235 1754 3296 in
1772 3233 1895 3297 elerum
1914 3254 2080 3298 assumere

1105 3320 1279 3386 soleamus:
1302 3321 1366 3385 nisi
1389 3323 1488 3400 forte,
1511 3321 1597 3385 sicut
1616 3319 1736 3403 vulgus
1759 3317 1853 3395 dicit,
1876 3319 1982 3382 malus
2002 3319 2080 3383 cho·

1103 3407 1212 3471 raules
1239 3407 1343 3472 bonus
1365 3414 1416 3470 est
1437 3406 1706 3492 symphoniacus,
1729 3405 1776 3468 ita
1798 3403 1893 3469 etde
1916 3404 2008 3468 nobis
2030 3405 2078 3467 io·

1104 3492 1244 3556 cabitur:
1275 3492 1379 3557 malus
1401 3493 1582 3558 monachus
1601 3492 1706 3556 bonus
1728 3490 1865 3555 clericus
1888 3499 1953 3569 est;
1981 3490 2080 3555 nimis

1104 3576 1288 3654 dolendum,
1310 3578 1338 3642 si
1360 3577 1402 3642 ad
1421 3587 1490 3643 tarn
1508 3580 1677 3644 ruinosam
1694 3575 1883 3660 superbiam
1904 3576 2080 3641 monachos

1104 3664 1309 3748 surrigamus
1331 3671 1453 3728 ettam
1476 3665 1570 3748 gravi
1588 3663 1786 3729 contumelia
1808 3662 1940 3726 clericos
1964 3662 2080 3743 dignos

79 3746 225 3812 cundum
242 3767 297 3810 eas
314 3768 393 3828 quas
412 3755 507 3810 antea
524 3769 692 3830 posmmus
714 3749 843 3832 regulas
861 3751 1052 3813 examinen-
1104 3757 1273 3832 putemus:
1310 3772 1412 3832 quum
1439 3750 1611 3834 aliquando
1639 3749 1739 3814 otiam
1767 3749 1872 3811 bonus
1898 3745 2081 3810 monachus

79 3840 142 3911 tur,
162 3853 229 3896 non
246 3837 377 3896 tantum
395 3833 505 3896 inania
516 3832 803 3915 deprehendentur
821 3836 1051 3919 acnugatoria,
1105 3838 1162 3902 vix
1179 3835 1303 3900 bonum
1320 3837 1475 3902 clericum
1493 3838 1597 3913 faeiat,
1622 3835 1649 3899 si
1667 3832 1752 3897 adsit
1769 3833 1799 3896 ei
1818 3832 1981 3895 sufficiens
2005 3849 2080 3894 con-

79 3918 135 3984 sed
169 3918 267 4000 plena
296 3918 486 3982 manifestae
518 3920 703 4001 impietatis.
755 3920 930 4003 Utcunque
963 3923 1053 3986 enim
1105 3923 1254 4003 tinentia,
1277 3932 1311 3987 et
1331 3929 1441 3987 tamen
1460 3922 1544 3986 desit
1560 3918 1744 3984 necessaria
1761 3916 1916 3981 doctrina.
1952 3916 2006 3979 Ex
2028 3915 2080 3980 his

78 4004 201 4068 iudicet
233 4024 322 4080 caro,
352 4002 435 4066 nihil
463 4006 568 4087 magis
597 4006 803 4071 abominatur
829 4006 922 4072 Deus
956 4029 1053 4089 quam
1105 4008 1183 4073 locis
1202 4015 1346 4092 apparet,
1364 4008 1435 4089 pios
1454 4008 1601 4071 homines
1624 4024 1694 4069 sese
1722 4002 1762 4066 ad
1784 4000 1938 4066 ecclesiae
1961 4001 2080 4084 guber-

80 4091 186 4155 cultus
208 4089 348 4154 fictitios
394 4087 565 4154 Accedunt
593 4093 790 4173 perniciosae
810 4093 886 4157 illae
908 4103 941 4158 et
962 4093 1053 4158 dam·
1106 4096 1274 4159 nationem
1296 4093 1477 4157 monastiea
1498 4090 1669 4172 disciplina
1690 4087 1802 4152 solitos
1819 4086 1920 4150 fuisse
1942 4108 2080 4169 praepa-

79 4184 175 4240 natae
197 4175 381 4259 opiniones:
405 4172 490 4256 quod
510 4175 712 4260 hypocritae,
736 4179 791 4244 uhi
813 4180 934 4244 talibus
956 4181 1054 4263 nugis
1105 4201 1187 4258 rare,
1212 4200 1275 4261 quo
1298 4178 1440 4260 aptiores
1462 4185 1496 4240 et
1516 4177 1633 4240 melius
1654 4173 1785 4238 formati
1808 4181 1937 4236 tantum
1959 4195 2081 4237 munus

81 4260 224 4326 defuncti
254 4268 346 4338 sunt,
375 4258 512 4323 credunt
540 4282 575 4325 se
604 4284 670 4327 non
698 4264 867 4347 vulgarem
891 4265 1054 4330 iustitiam
1107 4265 1263 4332 subirent.
1309 4264 1385 4326 Non
1413 4262 1500 4345 quod
1527 4283 1639 4325 omnes
1669 4258 1819 4324 adhunc
1841 4260 1942 4323 finem
1964 4277 2081 4340 perve-

81 4347 142 4411 sibi
161 4368 378 4430 comparassem
397 4366 557 4410 summam
580 4348 710 4430 pietatis
728 4350 763 4413 in
781 4351 926 4416 externis
944 4351 1054 4417 obser·
1106 4352 1225 4429 nirent,
1249 4357 1307 4413 aut
1329 4348 1428 4412 etiam
1451 4346 1640 4424 tenderent,
1663 4366 1765 4428 quum
1786 4344 1902 4408 maiori
1925 4364 1967 4407 ex
1988 4349 2082 4425 parte

81 4433 266 4498 vat-ionibus
284 4439 462 4515 reponunt;
486 4431 565 4497 alios
583 4454 695 4499 omnes
713 4433 899 4519 despiciunt
919 4437 975 4520 qui
997 4457 1054 4519 ap-
1107 4444 1217 4502 essent
1239 4435 1389 4521 homines
1411 4433 1573 4513 illiterati;
1601 4431 1659 4497 sed
1686 4430 1743 4514 qui
1766 4430 1874 4494 idonei
1897 4437 2007 4507 erant,
2031 4448 2082 4492 se·

81 4528 198 4601 parent
219 4541 332 4584 earum
354 4539 464 4581 rerum
485 4517 595 4583 minus
617 4519 744 4584 curiosi.
1106 4522 1300 4606 ligabantur.

169 4609 198 4668 8.
242 4603 398 4689 Singulas
429 4605 551 4668 formas
583 4625 774 4671 enumerare
808 4607 894 4671 nihil
926 4607 1053 4672 attinet
1194 4614 1221 4672 9.
1267 4605 1404 4672 Duobus
1433 4613 1544 4670 tamen
1572 4605 1746 4689 praecipue
1768 4602 1847 4666 locis
1870 4599 1990 4664 1111111
2012 4619 2083 4662 mo-

84 4687 153 4753 Seu
172 4689 248 4770 quia
269 4699 346 4755 vota
366 4688 548 4754 monastica
570 4690 685 4754 maiori
704 4691 741 4754 in
762 4693 974 4757 veneratione
997 4692 1056 4756 ha·
1106 4694 1249 4760 nastices
1269 4694 1407 4757 formam
1429 4692 1521 4757 nobis
1544 4691 1643 4775 depin
1669 4692 1701 4754 't.
1746 4689 1848 4754 Libro
1876 4686 1915 4750 de
1937 4682 2083 4750 moribus

83 4775 205 4839 bentur
230 4776 313 4857 quod
340 4774 494 4842 videntur
520 4776 649 4859 publico
677 4776 831 4842 ecclesiae
858 4777 977 4843 iudicio
999 4799 1057 4861 ap-
1108 4780 1262 4845 ecclesiae
1298 4779 1494 4857 catholicae,
1528 4777 1584 4843 ubi
1618 4797 1775 4842 11111111
1809 4772 2084 4838 Manichaeorum

82 4858 228 4944 probata,
252 4860 291 4925 de
312 4863 352 4926 iis
373 4861 517 4926 breviter
539 4861 713 4928 dicendum
736 4872 794 4928 cst
831 4863 997 4946 Principio
1014 4885 1056 4928 ne
1107 4866 1287 4930 calumnias
1322 4866 1393 4930 eius
1420 4864 1630 4948 professionis
1660 4861 1911 4927 sanctimoniam
1934 4857 2082 4940 opponit,

83 4945 156 5030 quis
185 4945 275 5031 longi
301 4948 459 5030 temporis
480 4949 737 5039 praescriptione
764 4949 917 5014 defendat
943 4970 1056 5014 mona·
1109 4959 1141 5015 et
1162 4951 1265 5016 altero
1287 4953 1339 5016 cui
1367 4951 1501 5016 titulum
1523 4950 1612 5027 fecit,
1628 4947 1683 5012 de
1706 4967 1803 5030 opere
1830 4945 2085 5023 monachorum

83 5032 248 5098 chismum
265 5033 369 5116 qualis
386 5031 482 5097 hodie
500 5043 559 5114 est,
580 5035 761 5103 notandum
779 5044 839 5114 est,
860 5035 961 5101 fuisse
978 5036 1056 5101 olim

82 5120 121 5183 in
142 5120 347 5184 monasteriis
368 5119 465 5201 longe
486 5121 575 5186 aliud
596 5122 730 5187 vivendi
752 5122 949 5188 institutum.
990 5120 1057 5202 Qui
1109 5129 1208 5134 “““”“
1238 5128 1244 5133 ’
1288 5127 1312 5132 “

84 5225 120 5269 11
141 5203 183 5268 ad
205 5224 368 5269 summam
389 5206 612 5273 austeritatem
634 5217 668 5273 et
689 5209 883 5292 patientiam
903 5208 1058 5274 volebant
1179 5225 1208 5293 1)
1225 5226 1312 5295 1111.
1332 5222 1396 5290 81(
1431 5225 1450 5291 ).
1521 5223 1551 5292 2)
1570 5223 1657 5293 Epist.
1677 5221 1796 5292 7611)).

191 5305 301 5360 Caluini
314 5321 405 5374 opera.
445 5305 505 5362 Vol.
519 5307 563 5362 11.
1846 5305 1881 5361 59
