4672 5842
163 309 248 374 103³
496 305 588 374 LIB.
607 308 668 373 IV.
711 307 775 373 Du
796 302 1033 375 axuuRNIS
1055 304 1220 374 MEDIIS
1240 307 1305 373 AD
1328 304 1557 425 amaruan
1602 309 1701 376 CAP.
1723 309 1838 376 xm
2085 314 2168 376 1034

163 521 264 582 supra
285 518 417 562 omnem
443 498 560 562 mundi
582 497 802 562 conditionem
823 519 900 562 eum
921 497 1058 574 evehat3
1080 515 1141 560 nec
1194 501 1247 559 tar
1267 515 1305 561 oe
1325 497 1356 561 si
1375 497 1506 561 indusio
1536 496 1655 563 Christi
1676 497 1734 563 suh
1749 519 1851 580 poue,
1914 517 1972 563 ora
1992 499 2168 581 dpuppis,

163 587 274 650 minus
303 583 477 668 diligenter
498 585 534 647 in
557 583 703 647 humana
731 585 801 647 eius
828 590 948 649 natura
976 579 1141 649 commen·
1194 587 1230 645 ut
1251 585 1354 660 aiunt,
1372 585 1504 665 pietatis
1529 590 1613 649 essct.
1662 584 1817 665 Quonim
1891 583 1966 647 risti
1986 589 2112 664 corpus,
2135 589 2169 649 ut

164 672 230 750 dat,
256 691 339 754 quae
368 671 502 753 propria
534 676 613 734 sunt
634 688 732 733 verae
758 668 982 734 humanitatis.
1028 668 1141 750 Neque
1195 669 1287 734 senat
1302 688 1363 748 pro
1384 669 1472 732 nebu
1497 671 1649 734 tradition
1676 674 1735 749 est,
1763 675 1903 735 nostrum
1922 669 1994 751 fiat,
2022 670 2168 750 quomodo

163 758 227 823 hoo
255 756 308 823 vel
336 755 528 821 incredibile
556 754 610 820 vol
638 775 657 818 a
683 755 810 819 ratione
845 756 1003 820 absonum
1037 753 1142 819 videri
1194 756 1362 838 sanquinis
1383 756 1475 835 effusi
1490 756 1663 838 participes
1682 755 1807 836 rimans,
1828 757 1909 820 scire
1929 756 1966 818 in
1981 756 2102 836 primis
2122 776 2169 820 re·

163 843 274 908 debet:
297 843 375 925 quia
394 850 433 906 ut
454 840 623 924 spirituale
646 848 696 905 est
717 847 823 904 totum
846 840 971 906 Christi
992 860 1140 938 regnum,
1192 840 1319 922 suebat,
1342 842 1419 922 quio
1441 841 1477 905 id
1497 847 1542 906 est
1563 847 1660 906 totum
1683 841 1844 907 Christum
1865 839 2051 921 aurificum
2065 841 2169 923 possi·

163 931 224 1020 ita,
238 928 396 1012 quidquid
426 929 495 1010 agit
521 948 596 992 cum
623 947 684 991 sua
719 926 869 1006 cordesio,
906 927 949 992 ad
980 933 1141 990 rationem
1193 927 1522 1006 tueamurque
1538 928 1680 992 mmrihus
1699 928 1856 1010 furamur.
1898 926 1991 992 Nunc
2007 926 2059 991 his
2075 928 2168 992 mnis

163 1015 287 1081 saeculi
308 1015 406 1078 huius
428 1014 564 1077 minime
586 1011 785 1096 exigendum
806 1019 865 1076 est.
909 1012 989 1089 Vel,
1011 1019 1050 1075 ut
1071 1012 1141 1075 Au·
1194 1015 1255 1091 sis,
1278 1013 1390 1094 quihus
1418 1019 1539 1077 tontum
1566 1014 1669 1078 inerat
1696 1015 1857 1091 momenti,
1886 1014 1949 1076 uno
1976 1012 2169 1095 ueqlectiset

165 1100 292 1186 gustini
324 1099 433 1166 verbis
465 1108 557 1177 utar,
580 1119 639 1181 per
664 1099 833 1162 hominem
859 1098 921 1162 hoc
947 1098 1142 1182 mysterium
1191 1119 1291 1183 paene
1312 1100 1450 1179 sepultis,
1473 1097 1546 1164 liaeo
1567 1120 1633 1163 una
1654 1100 1783 1182 spinosa
1803 1100 1942 1180 quaestio
1967 1098 2034 1163 illis
2055 1099 2167 1180 placat,

164 1186 349 1271 peragitur,
379 1196 415 1249 ut
442 1185 582 1267 reliqua,
611 1183 669 1248 sed
691 1183 865 1263 divinitus;
895 1186 930 1248 in
951 1192 1054 1261 terra,
1084 1182 1142 1247 sed
1194 1186 1342 1267 qaourodo
1363 1185 1421 1250 suh
1437 1206 1533 1266 pone,
1554 1185 1602 1249 ael
1618 1185 1675 1250 suh
1696 1186 1796 1267 specie
1814 1186 1912 1265 panis
1933 1185 2026 1248 lateat
2049 1184 2168 1250 Christi

165 1273 311 1339 coelitus.
345 1272 405 1349 Ea,
429 1272 572 1353 inquam,
595 1284 645 1334 est
664 1271 807 1354 corporis
828 1271 1022 1352 praesentia,
1045 1275 1143 1350 quhm
1167 1236 1169 1343 l
1194 1291 1314 1352 corpus.
1369 1270 1463 1335 Falso
1490 1273 1620 1350 iactant,
1657 1271 1812 1352 quidquid
1840 1272 1982 1336 decanus
2008 1271 2045 1335 do
2071 1272 2168 1352 spiri·

165 1358 363 1424 sacramenti
393 1357 480 1421 ratio
501 1356 658 1438 postulat:
682 1376 781 1437 quam
803 1364 896 1420 tanta
924 1357 1046 1420 virtute
1069 1362 1142 1418 tan·
1193 1356 1275 1422 tuali
1296 1357 1549 1436 nraudueatione,
1572 1377 1662 1422 omae
1683 1362 1710 1422 et
1731 1356 1810 1421 reati
1833 1356 1882 1440 (ut
1904 1355 2088 1440 loquuntur)
2116 1376 2168 1437 op-

165 1454 263 1527 toque
292 1444 434 1507 efficacia
461 1442 516 1506 hic
544 1442 687 1506 eminere
715 1441 866 1520 dicimus,
895 1450 933 1506 ut
960 1461 1025 1504 non
1046 1439 1143 1503 modo
1191 1443 1284 1528 paui:
1310 1443 1559 1524 quandoquidem
1586 1464 1647 1511 non
1670 1443 1736 1506 nisi
1767 1443 1810 1507 ad
1830 1443 1956 1506 modum
1975 1442 2167 1522 respicimus.

164 1531 385 1595 indubitatam
409 1529 494 1593 vitae
524 1538 676 1592 aeternae
698 1528 852 1593 fiduciam
880 1529 999 1591 animis
1021 1526 1142 1590 nostris
1197 1529 1258 1609 Qui
1280 1530 1367 1609 apud
1387 1549 1436 1593 eos
1458 1530 1599 1594 carnalis
1620 1535 1672 1606 ost,
1695 1529 1771 1592 dum
1787 1527 1947 1593 Christum
1962 1547 2049 1608 pauc
2069 1528 2167 1592 inelu-

166 1616 301 1693 afferat,
325 1614 383 1679 sed
410 1614 449 1679 de
478 1615 585 1679 camis
613 1614 713 1678 etiam
741 1622 870 1678 nostrae
897 1612 1143 1677 immortalitate
1194 1616 1288 1692 dum,·
1310 1614 1398 1679 <rachis
1429 1615 1625 1696 spiritualia,
1648 1615 1725 1696 quia
1745 1616 1795 1679 uis
1816 1633 1935 1677 arcano
1960 1613 2094 1693 spriritus
2114 1633 2168 1677 no

166 1721 299 1768 securos
323 1721 383 1765 nos
410 1699 534 1764 reddat.
550 1699 573 1783 ¹)
601 1697 772 1781 Siquidem
800 1698 841 1762 ab
869 1698 1047 1762 immortali
1073 1698 1142 1761 eius
1194 1706 1278 1765 strae
1299 1720 1368 1764 cum
1391 1698 1514 1765 Christo
1540 1702 1765 1766 coniunctionis
1785 1699 1942 1763 vinculum
1963 1703 2014 1762 cst.
2056 1699 2168 1764 Nihilo

166 1808 265 1852 carne
286 1787 352 1851 iam
374 1786 575 1862 vivificatur,
598 1795 631 1850 et
651 1785 888 1868 quodammodo
916 1785 986 1849 eius
1008 1785 1142 1848 immor·
1194 1788 1295 1850 verim
1316 1792 1360 1850 est
1378 1787 1476 1850 altera
1498 1787 1629 1865 obiectio,
1647 1806 1705 1851 nos
1719 1786 1856 1868 trudam
1872 1784 1919 1848 uel
1936 1784 2073 1864 effectum
2090 1785 2168 1848 dun·
2297 1860 2300 1865 Ι

165 1873 287 1937 talitati
313 1872 541 1937 communicat.
592 1869 659 1951 Qui
689 1892 789 1953 supra
818 1872 899 1936 haec
927 1872 994 1935 suis
1021 1869 1143 1953 hyper·
1167 1870 1170 1895 ¹
1194 1876 1282 1936 taaid
1303 1892 1391 1952 quem
1412 1893 1451 1936 or
1467 1893 1522 1936 esu
1538 1874 1645 1938 carnis
1667 1871 1785 1936 Christi
1801 1872 1930 1953 copiunt
1944 1870 2058 1951 fideles
2076 1871 2168 1935 attin

164 1959 247 2025 bolis
270 1959 465 2034 evehuntur,
488 1957 571 2021 nihil
593 1957 681 2021 aliud
704 1979 802 2038 quam
825 1957 944 2021 talibus
966 1956 1143 2020 involucris
1192 1979 1271 2041 pere.
1320 1957 1476 2022 Dicimus
1503 1959 1586 2023 enim
1613 1963 1706 2022 autea
1741 1956 1900 2023 Christum
1928 1957 2032 2037 ipsum
2060 1976 2168 2022 macae

166 2044 346 2126 simplicem
375 2053 408 2106 et
437 2042 570 2125 planam
598 2043 771 2107 veritatem
800 2044 984 2108 obscurant.
1014 2040 1069 2106 ssi
1091 2040 1143 2106 cui
1168 2090 1170 2127 3
1195 2063 1260 2108 esso
1286 2045 1468 2124 amieriam·
1494 2046 1567 2109 iudo
1586 2065 1657 2108 aero
1682 2045 1769 2123 sequi
1801 2044 1950 2124 affectum,
1973 2042 2055 2123 quod
2070 2043 2168 2107 sacri-

164 2129 313 2206 nopdum
335 2129 537 2193 satisfactum
558 2129 666 2205 fuerit,
691 2128 744 2192 hic
765 2128 865 2193 velim
886 2128 1053 2211 paulisper
1074 2148 1143 2190 rne-
1168 2130 1170 2227 l
1193 2130 1265 2211 ficio
1286 2130 1396 2194 mortis
1417 2131 1485 2194 eins
1506 2131 1675 2213 capiamur
1693 2131 1871 2211 aperiatis,
1893 2128 2047 2212 sanquine
2067 2128 2169 2194 ahim-

166 2237 242 2282 oum
260 2223 398 2297 reputet,
423 2213 462 2278 de
481 2222 685 2279 sacramento
706 2235 795 2278 nunc
813 2214 926 2279 haberi
950 2233 1142 2290 sermonem,
1168 2242 1170 2300 j
1195 2236 1281 2294 urar,
1309 2218 1531 2281 resurrectione
1559 2217 1712 2300 emqimm
1740 2217 1775 2279 iu
1801 2235 1887 2296 spem
1914 2214 2050 2280 coelestis
2076 2216 2167 2280 vitoe.

166 2303 261 2367 cuius
283 2302 393 2365 omnia
415 2298 456 2364 ad
477 2299 576 2364 fidem
598 2299 770 2364 referenda
794 2309 879 2364 suut.
924 2298 1042 2363 Fidem
1064 2317 1142 2362 voro
1168 2318 1170 2365 ι
1198 2302 1259 2366 Sed
1285 2301 1380 2365 stulta
1407 2302 1606 2385 inrapinatio,
1634 2303 1725 2365 cuius
1753 2307 1844 2365 autor
1868 2301 1933 2383 sirit
1961 2299 2168 2380 Lomhardua

165 2408 228 2452 nos
249 2389 313 2451 ista
340 2407 438 2468 quam
466 2386 692 2451 enarravimus
725 2387 869 2468 corporis
895 2385 1146 2467 participatione
1167 2392 1170 2475 t
1190 2389 1338 2469 pervertit
1359 2407 1464 2450 eorum
1485 2393 1613 2465 mentes,
1636 2388 1711 2451 dum
1739 2407 1826 2450 uum
1844 2387 1952 2451 carnis
1976 2384 2094 2450 Christi
2116 2406 2168 2450 sa-

166 2494 233 2537 non
254 2474 363 2536 minus
386 2473 475 2536 laute
497 2473 734 2554 affluenterque
762 2472 939 2553 pascimus,
969 2492 1066 2552 quam
1087 2470 1143 2551 qui
1167 2502 1170 2613 p
1193 2477 1383 2538 momentum
1405 2493 1470 2537 esse
1484 2480 1610 2553 putant.
1641 2472 1695 2537 Sic
1714 2473 1797 2536 enim
1813 2473 1881 2537 ille:
1894 2473 1918 2555 ¹)
1939 2477 2168 2537 sacramentum

165 2559 276 2642 ipsum
301 2557 473 2623 Christum
496 2579 513 2621 c
536 2558 624 2623 coelo
653 2557 839 2622 detrahunt.
891 2557 1028 2639 Iupeunc
1048 2557 1143 2619 inter·
1194 2565 1304 2624 atrion
1325 2578 1391 2637 res,
1419 2564 1492 2623 suut
1520 2561 1638 2639 specics
1656 2559 1755 2640 panis
1776 2563 1803 2622 et
1824 2559 1890 2623 cini
1902 2582 1912 2637 ;
1939 2562 2169 2623 sacramentum

166 2667 204 2709 ea
226 2644 381 2724 confiteor,
405 2645 576 2707 mutorum
598 2645 705 2707 carnis
729 2641 846 2708 Christi
867 2662 937 2706 cum
960 2642 1069 2706 areima
1090 2661 1143 2705 no-
1193 2650 1222 2710 et
1242 2665 1308 2722 res,
1330 2664 1402 2709 caro
1423 2650 1451 2709 et
1472 2647 1604 2727 sanquis
1633 2642 1767 2725 Christi·
1788 2665 1838 2709 res
1860 2649 1888 2709 ct
1908 2664 1968 2707 nort
1990 2663 2167 2709 squameu-

164 2737 243 2809 stra,
265 2731 312 2797 vd
334 2730 577 2809 transfusionem
599 2729 704 2809 qualis
726 2728 765 2792 ab
786 2729 868 2809 ipsis
889 2729 1012 2792 ilocdnr
1032 2748 1080 2792 me
1096 2747 1143 2790 re·
1193 2736 1273 2807 tum,
1292 2731 1422 2811 mystica
1439 2731 1508 2794 eius
1528 2751 1608 2795 oaro.
1654 2730 1735 2794 Item
1749 2730 1850 2811 paulo
1866 2735 1954 2813 post:
1975 2750 2027 2794 res
2047 2729 2167 2812 siqnid-

158 2819 314 2898 pudure?
342 2817 418 2896 quia
447 2815 535 2879 nohis
560 2815 678 2896 sufficit
705 2813 864 2879 Christum
892 2835 907 2877 e
934 2814 1142 2878 comisator
1194 2823 1262 2882 enta
1285 2821 1311 2879 ct
1333 2821 1470 2880 muteuta
1496 2823 1540 2880 est
1561 2817 1698 2898 propria
1724 2836 1798 2881 caro
1827 2815 1944 2881 Christi
1951 2839 1961 2894 ;
1988 2816 2167 2898 siqnificata

164 2904 338 2967 meantia
360 2906 458 2967 eitam
479 2902 515 2964 in
536 2902 663 2965 animas
685 2906 807 2965 rushas
828 2901 968 2982 spirare,
989 2900 1052 2964 imo
1067 2918 1142 2980 pro
1193 2909 1302 2969 utnon
1324 2907 1462 2967 curcua
1483 2905 1646 2984 urqsticum
1667 2921 1785 2983 corpus.
1833 2902 1922 2983 Quod
1943 2903 2023 2966 inter
2042 2921 2167 2965 carnem

139 2989 272 3068 ,priam
293 2989 328 3051 iu
341 3008 399 3052 nos
419 2989 515 3051 odoro
532 2988 875 3068 diffunderaquamois
891 2987 927 3049 in
943 3005 1000 3050 nos
1016 3006 1078 3049 iton
1095 2985 1141 3049 in·
1195 2988 1313 3061 Christi
1340 2989 1506 3072 distinquit
1533 2993 1560 3052 et
1587 2988 1691 3053 atcudi
1719 2989 1892 3070 efficaciam
1922 3009 1987 3069 qua
2017 2988 2168 3068 praecido

162 3075 326 3157 prediatur
347 3075 420 3153 ipsa
443 3071 560 3137 Christi
582 3093 663 3137 caro.
706 3071 801 3137 Adde
822 3072 910 3155 quod
930 3071 1007 3136 fidei
1030 3072 1141 3136 analo·
1193 3079 1245 3154 ast,
1265 3075 1432 3152 assentior;
1452 3075 1535 3156 quod
1551 3079 1654 3138 numm
1674 3079 1903 3139 sacramentum
1931 3093 1996 3138 csse
2016 3073 2168 3156 hopitet

165 3160 263 3242 giam,
287 3158 446 3240 adquam
469 3180 600 3224 ornnem
623 3160 803 3242 scripturae
836 3159 1140 3241 interpretationem
1193 3161 1317 3242 quidem
1351 3160 1409 3224 suh
1431 3181 1519 3240 punc
1551 3164 1735 3239 amentum,
1758 3180 1845 3224 error
1866 3165 1910 3225 est
1930 3180 1992 3223 nou
2010 3159 2166 3241 ferendus.

164 3242 714 3413 {tittdtlttpttttthh
734 3245 871 3397 litii
893 3244 1141 3410 {ilidii
1192 3246 1985 3412 dCeCi-“hdwhiii‘h'lhwhhhhi
2006 3245 2168 3396 lidii

164 3417 254 3480 ritati
289 3416 369 3481 adeo
401 3416 591 3498 perspicuae
625 3417 822 3496 reclamant,
858 3416 899 3480 ud
933 3436 1031 3500 quam
1064 3415 1141 3480 fidei
1193 3419 1279 3485 edere
1302 3353 1423 3482 annui
1441 3353 1561 3498 corppuh,
1584 3353 1760 3499 quamlihdl
1769 3418 1832 3482 sint
1853 3419 1891 3482 ah
1913 3437 1946 3481 eo
1967 3417 2073 3482 alicui.
2109 3417 2168 3481 Aa

165 3503 322 3567 amussim
345 3523 379 3566 se
401 3503 557 3580 torment,
581 3502 733 3568 viderint.
783 3501 849 3583 Qui
876 3523 944 3566 non
967 3503 1141 3566 confitetur
1192 3506 1247 3586 qui
1274 3503 1348 3583 ipsa
1377 3502 1498 3568 Christi
1526 3524 1598 3569 caro
1615 3505 1651 3567 iu
1672 3505 1818 3585 mysterio
1845 3524 1954 3568 coenae
1979 3524 2040 3568 uon
2060 3504 2167 3567 minus

163 3587 275 3652 Iesum
304 3586 476 3652 Christum
496 3589 648 3653 incarne
670 3588 814 3668 venisse,
836 3610 878 3652 ex
899 3588 972 3653 Deo
997 3608 1063 3652 non
1091 3594 1141 3651 cst
1192 3588 1372 3670 spiritualis
1392 3609 1443 3654 res
1463 3594 1515 3670 est,
1537 3610 1632 3671 quam
1653 3595 1779 3654 aeterua
1800 3591 1898 3655 salus.
1943 3588 2030 3655 Uudo
2051 3590 2167 3670 mlliqi·

164 3673 197 3757 (l
212 3673 326 3737 Ioann.
339 3678 368 3751 4,
383 3673 426 3757 3).
459 3673 530 3752 Isti,
552 3674 629 3739 licet
650 3674 865 3754 dissimrdent,
888 3674 934 3738 vei
951 3695 1013 3738 non
1033 3674 1141 3739 odou-
1191 3696 1277 3753 mus,
1306 3676 1480 3756 quicunque
1512 3677 1604 3740 uacui
1630 3680 1704 3740 suut
1732 3674 1851 3740 Christi
1883 3676 2013 3755 spiritu,
2042 3693 2166 3737 carnem

163 3763 239 3839 tant,
260 3759 370 3842 ipsum
392 3767 499 3823 oarne‘
513 3780 574 3824 sua
595 3760 744 3843 spoliant.
1048 3821 1057 3833 ,
1194 3760 1311 3826 Christi
1339 3761 1439 3826 uihdo
1465 3763 1569 3844 maqis
1585 3782 1679 3843 posse
1700 3761 1787 3825 edere
1808 3780 1903 3841 quam
1935 3760 2044 3821 mnam
2065 3757 2165 3822 hidae

252 3847 301 3908 33.
345 3844 397 3910 De
418 3847 691 3911 communicatione
719 3848 801 3912 idem
829 3845 1035 3910 sortiendum:
1062 3865 1140 3926 quae
1191 3848 1243 3913 cui
1264 3866 1326 3910 nou
1348 3847 1391 3912 sit
1410 3848 1589 3913 coniunctus
1608 3866 1711 3928 sapor.
1753 3844 1838 3909 Certe
1859 3845 1956 3908 nimis
1975 3843 2103 3925 indique
2120 3844 2165 3908 ta·

161 3931 252 3995 nulla
273 3930 312 3994 ah
329 3931 410 4011 ipsis
432 3931 608 4013 aquosoitnr
624 3933 689 3997 uisi
709 3930 827 3998 Christi
844 3951 969 3996 carrum
986 3930 1043 3995 suh
1054 3951 1139 4012 pane
1190 3938 1315 3998 cantur
1345 3931 1504 4012 Christus,
1527 3953 1624 4014 quum
1639 3932 1843 4010 prostituitur
1869 3927 2041 3994 incredulis
2069 3948 2165 3994 emor·

161 4017 341 4116 deqlntiaut.
385 4015 486 4096 Atqui
506 4017 636 4098 spiritui
656 4024 760 4083 sancto
780 4039 841 4082 non
862 4017 938 4083 teris
952 4017 990 4098 dt
1005 4018 1138 4095 inimic,
1179 4024 1277 4083 tuum
1295 4025 1323 4083 et
1339 4019 1459 4083 nullius
1474 4019 1592 4100 viperis
1609 4018 1677 4082 eins
1689 4035 1814 4097 empns;
1831 4020 2043 4096 etrepuquant
2055 4020 2164 4097 aperta

161 4105 228 4169 nisu
257 4103 413 4167 credimus
438 4100 510 4181 heri
537 4103 837 4185 incomprehensibili
864 4105 932 4168 eius
963 4105 1074 4168 mitum
1104 4109 1139 4168 nt
1190 4108 1258 4171 eius
1285 4104 1376 4168 uerba
1413 4102 1541 4187 (Ioann.
1566 4109 1600 4181 6,
1628 4101 1701 4185 56):
1733 4101 1879 4182 quisquis
1918 4100 2016 4165 ederit
2041 4121 2164 4166 caruem
2274 4158 2280 4166 .

162 4208 232 4254 oum
259 4209 352 4254 carne
374 4192 403 4252 et
425 4190 578 4270 sanquine
608 4187 726 4254 Christi
752 4191 1017 4256 communicemus.
1067 4186 1137 4255 Ima
1188 4212 1290 4256 meam
1317 4196 1344 4253 et
1375 4189 1483 4252 hahuit
1509 4189 1692 4271 sanquinem
1720 4206 1838 4266 meum,
1866 4188 1901 4250 in
1929 4205 1978 4250 mc
2005 4193 2109 4251 manet
2135 4192 2164 4251 et

162 4277 193 4339 si
213 4278 262 4340 eis
279 4273 430 4356 mpsterii,
453 4274 559 4355 qualis
576 4295 598 4337 a
615 4275 704 4339 uode
724 4277 869 4355 traditur,
891 4282 920 4342 et
936 4278 1055 4360 coquito
1075 4275 1138 4356 fnit
1189 4299 1242 4361 epo
1263 4278 1299 4339 iu
1320 4296 1361 4338 eo.
1411 4273 1598 4355 Excipiunt,
1621 4273 1686 4338 illic
1713 4293 1774 4337 uon
1801 4273 1915 4356 apide
1942 4272 2164 4336 sacramentali

162 4363 255 4426 aeteri
282 4360 428 4426 eulesioc
450 4359 489 4422 ab
511 4360 606 4423 annis
632 4361 881 4445 quadriuqeutis,
897 4384 959 4445 pro
988 4362 1138 4445 diquitate
1189 4384 1259 4429 esu:
1288 4361 1371 4442 quod
1392 4379 1444 4443 eqo
1464 4360 1580 4442 samm,
1608 4360 1698 4425 niodo
1718 4379 1757 4423 ue
1777 4359 1820 4424 ad
1849 4358 1978 4424 eundem
2004 4358 2164 4439 scopulum

162 4467 295 4530 expensa
321 4451 412 4525 essa,
442 4446 522 4511 satis
549 4465 702 4526 superque
730 4453 796 4512 erat
821 4448 903 4512 unde
931 4447 1020 4512 nohis
1046 4447 1138 4513 sotis-
1188 4447 1317 4513 snhirrde
1339 4447 1527 4529 impiupant,
1553 4447 1670 4511 mmedi
1697 4465 1820 4509 carnem
1839 4447 1943 4527 ipsam
1965 4443 2079 4525 absque
2098 4442 2163 4508 udo

160 4532 263 4613 fieret,
284 4533 394 4599 doaso
414 4531 528 4614 fuisset
547 4532 657 4596 multis
674 4533 774 4615 soniis
791 4532 951 4599 erroribus
972 4536 1080 4611 ianua,
1098 4554 1136 4597 en
1186 4535 1300 4616 fructu,
1325 4532 1412 4597 Scire
1433 4536 1536 4596 aman
1552 4533 1689 4612 seipsis
1709 4532 1801 4595 velim
1822 4530 1973 4612 quamdiu
1989 4550 2058 4595 eam
2070 4530 2162 4594 conti·

162 4619 275 4699 quihus
301 4638 446 4684 acmnsm
472 4623 548 4682 suut
574 4617 746 4684 lrorrcudae
776 4620 997 4696 dissensiones,
1025 4618 1137 4699 quihus
1187 4626 1281 4685 neunt
1308 4620 1363 4684 uhi
1390 4620 1628 4684 manducarunt.
1678 4618 1757 4696 Hic,
1785 4638 1851 4681 meo
1882 4617 2015 4695 iudicio,
2043 4617 2162 4680 exitum

162 4709 229 4768 tum
252 4705 334 4784 otim,
355 4710 422 4769 tum
442 4710 551 4785 nostra
572 4705 666 4768 etiam
687 4709 786 4768 aetate
807 4704 935 4769 eoduma
955 4705 1068 4768 mnae
1087 4725 1135 4768 oe-
1186 4727 1249 4770 uon
1264 4705 1426 4785 reperient.
1473 4704 1535 4770 Sed
1556 4704 1722 4782 obiiciunt,
1743 4724 1804 4768 uon
1819 4722 1913 4785 posse
1934 4701 2094 4767 leontinum
2113 4701 2161 4764 iu-

161 4794 240 4855 rata
260 4794 318 4868 est,
340 4791 415 4854 dum
443 4789 669 4872 hyperbolicum
692 4790 888 4872 praesentiae
919 4791 1045 4855 modum
1072 4791 1136 4854 cri
1184 4791 1378 4875 pratitudiue
1404 4791 1575 4872 quidquam
1601 4791 1725 4855 deiram
1753 4789 1801 4853 od
1829 4788 2012 4854 intercidere
2041 4787 2079 4852 de
2097 4786 2161 4868 tide

159 4879 238 4958 punt
258 4875 374 4938 curiosi
390 4876 535 4955 mures,
553 4875 1134 4958 quemsurpturanmrquamosteudit.
1184 4877 1428 4960 promissionum
1449 4876 1537 4942 Dei..
1566 4875 1681 4941 Fateor
1702 4896 1796 4954 saue,
1818 4880 1846 4940 et
1865 4876 1930 4939 aim
1951 4874 2094 4957 mysterii
2111 4874 2159 4938 in·

161 4961 212 5025 Ac
234 4960 272 5025 cle
292 4979 325 5023 re
346 4960 435 5025 datie
457 4967 485 5026 et
504 4967 615 5028 urnae
635 4965 776 5043 concepta
791 4959 925 5042 perinde
946 4962 1134 5027 tuundtaan-
1186 4962 1450 5046 toqramfmanero
1470 4961 1549 5040 dico,
1570 4963 1770 5043 quamamois
1791 4962 1884 5042 inpii
1904 4979 1981 5039 eam,
2001 4959 2103 5042 quoad
2123 4960 2160 5023 iu

159 5136 365 5146 ———-—-——
1187 5138 1389 5146 ——..-—---

230 5234 259 5300 1)
276 5233 405 5285 Irenaeus
422 5233 467 5284 lib.
486 5231 511 5285 4„
529 5249 587 5303 cap.
605 5233 641 5289 34
659 5235 714 5305 (18,
733 5235 770 5305 5).
1256 5236 1283 5304 l)
1302 5235 1375 5288 Libr.
1394 5231 1418 5287 4.
1438 5235 1506 5288 Dist.
1525 5233 1549 5289 8.
