4672 5842
232 300 297 365 att
877 292 1145 361 lssmrorlo
1165 290 1272 360 Rau.
1294 290 1476 358 CHRIST.
1502 295 1593 359 1559.
2181 291 2248 356 aet

233 495 287 553 est
307 485 481 552 discedere.
535 483 706 566 Siquidem
742 505 808 548 non
835 483 961 565 plures,
991 482 1047 547 sed
1075 504 1143 546 una
1168 489 1219 547 est
1270 482 1468 564 omnesqui
1496 490 1574 546 sunt
1598 503 1639 544 ex
1661 479 1814 563 operibus
1836 479 1918 562 legis
1940 501 2010 544 esse
2033 477 2248 544 exsecrationi

234 584 393 658 perpetua
417 584 449 636 ct
471 572 660 636 inflexibilis
683 569 815 635 urendi
838 569 961 652 regula.
986 568 1217 648 Quamobrem,
1270 569 1442 644 obnoxios,
1469 567 1545 648 quia
1567 567 1727 650 seriptmn
1749 568 1807 631 sit:
1834 565 2044 632 exsecrabilis
2064 566 2170 631 omnis
2191 564 2249 648 qui

236 661 323 744 quod
346 660 424 722 iusti
447 658 590 721 heminis
619 659 719 720 vitam
750 657 784 719 in
805 656 888 738 legis
909 653 1120 718 meditatione
1143 677 1218 720 con·
1270 675 1337 718 non
1359 653 1499 735 complet
1521 653 1640 716 omnus.
1685 653 1752 717 Eos
1778 660 1887 717 autem
1909 653 1970 717 sub
1992 652 2144 735 operibus
2164 652 2251 735 legis

235 748 362 810 tinuam
385 746 463 809 facit
484 744 595 808 David
618 743 720 826 (Psal.
745 747 775 818 l,
796 741 846 822 2),
870 740 904 804 id
925 763 966 805 ne
989 741 1029 804 ad
1052 741 1219 806 saeculum
1271 740 1357 817 dicit,
1390 741 1446 822 qui
1480 739 1515 802 in
1537 739 1729 804 remissione
1757 747 1965 821 peccatorum
1993 739 2155 802 iustitiam
2180 759 2250 802 non

235 852 341 896 unum
377 832 571 905 referamus,
611 830 688 910 quia
727 827 864 910 singulis
897 825 939 890 ad
971 829 1071 891 finem
1103 825 1219 890 mundi
1271 834 1436 903 statuunt,
1465 847 1524 907 per
1547 845 1647 906 quam
1669 825 1792 907 elegis
1815 826 1922 906 rigore
1944 823 2111 888 solvimur.
2156 822 2251 889 Solvi

236 916 398 982 aetatibus
427 916 773 980 convenientissimum
796 923 859 991 est;
887 933 947 976 nec
975 913 1219 977 absterreamur
1272 933 1350 995 ergo
1373 932 1433 975 nos
1455 911 1576 994 elegis
1598 912 1737 976 vinculis
1758 924 1908 993 oportere
1930 909 2039 987 docet,
2069 911 2133 976 nisi
2159 910 2250 976 voln-

236 1003 324 1077 ideo,
366 1011 423 1066 aut
456 1003 656 1081 refugiamus
689 999 729 1062 ab
768 1000 838 1063 eius
871 999 1091 1077 institutione,
1132 997 1218 1080 quod
1244 1038 1248 1095 Ι
1271 1018 1347 1062 mus
1374 995 1436 1061 sub
1462 996 1528 1061 illis
1556 998 1674 1060 misere
1696 998 1812 1079 perire.
1858 995 1925 1060 Sed
1952 995 2067 1078 quibus
2086 994 2250 1062 vincrrlis?

238 1089 438 1153 exactiorem
457 1078 561 1151 multe
580 1086 786 1150 sanctitatem
798 1084 999 1166 praescribat
1015 1105 1114 1166 quam
1125 1105 1219 1167 prae·
1271 1083 1361 1147 illius
1379 1092 1529 1148 austerae
1551 1088 1585 1147 et
1605 1083 1742 1148 infestae
1764 1083 1943 1148 exactionis
1964 1103 2046 1163 quae
2064 1104 2105 1147 ex
2124 1103 2252 1147 summo

238 1175 359 1239 staturi
382 1196 510 1247 sumus,
536 1172 613 1235 dum
635 1171 901 1236 circumferemus
921 1192 1084 1236 carcerem
1107 1191 1218 1252 corpo·
1272 1171 1343 1234 iure
1366 1168 1448 1233 nihil
1470 1169 1623 1245 remittit,
1653 1189 1714 1232 nec
1741 1169 2036 1251 transgressionem
2062 1168 2165 1233 ullam
2188 1169 2251 1232 im·

238 1262 286 1325 ris
319 1261 429 1324 nostri.
474 1260 549 1322 Non
583 1257 672 1320 enim
706 1258 771 1321 iam
800 1256 896 1339 rigidi
925 1257 1086 1322 exactoris
1114 1257 1219 1321 ricem
1245 1255 1423 1338 ,punitam
1451 1255 1537 1318 sinit.
1582 1255 1635 1318 Ab
1663 1254 1739 1331 hac,
1774 1255 1922 1336 iuquam,
1954 1252 2183 1320 maledictione
2214 1262 2254 1319 ut

239 1368 319 1429 erga
342 1367 401 1410 nos
421 1345 579 1427 fungitur,
602 1343 655 1408 eui
677 1364 745 1406 non
768 1344 906 1407 satisfiat
927 1343 992 1406 nisi
1012 1342 1118 1407 soluto
1140 1363 1220 1424 pen·
1274 1363 1335 1405 nos
1357 1340 1533 1405 redimeret
1554 1339 1717 1418 Christus,
1747 1341 1853 1405 faetus
1882 1350 1931 1405 est
1953 1361 2011 1422 pro
2034 1339 2126 1405 nobis
2149 1340 2252 1405 male-

240 1454 293 1511 so;
316 1432 372 1496 sed
396 1434 431 1494 in
453 1432 515 1494 hac
538 1427 578 1492 ad
601 1449 699 1510 quam
721 1449 781 1492 nos
800 1428 994 1493 adhortatur
1012 1428 1219 1512 perfectione,
1274 1427 1372 1492 dictio
1395 1425 1535 1510 (ibide,
1558 1431 1595 1488 13
1619 1427 1763 1509 etta).
1797 1424 1964 1509 Scriptum
1986 1434 2037 1491 est
2058 1429 2160 1491 enim:
2183 1447 2253 1490 ma·

239 1528 363 1583 metam
386 1517 588 1581 demonstrat
610 1513 650 1578 ad
674 1536 772 1594 quam
795 1515 889 1578 nobis
911 1524 981 1578 tot-a
1003 1516 1071 1579 rita
1088 1523 1221 1579 conten·
1273 1513 1412 1578 ledietus
1434 1513 1539 1576 omnis
1562 1513 1617 1594 qui
1639 1511 1760 1594 pendet
1780 1513 1817 1576 in
1837 1512 1936 1595 ligno.
1982 1511 2098 1595 Capite
2119 1512 2254 1595 quidem

240 1606 313 1670 dere
338 1623 398 1666 non
424 1604 530 1666 urinas
557 1601 634 1664 utile
659 1606 702 1664 est
729 1621 825 1681 quarn
853 1600 955 1682 estleia
978 1607 1079 1665 nostro
1100 1620 1222 1664 cursen·
1274 1599 1422 1682 sequenti
1445 1597 1561 1675 tradit,
1590 1597 1763 1663 Christum
1790 1598 1856 1682 legi
1883 1599 1983 1664 fuisse
2010 1598 2192 1664 subiectum
2215 1608 2254 1664 ut

240 1696 373 1754 tarrennr.
418 1689 459 1752 In
482 1709 546 1769 qua
568 1687 776 1752 contentione
799 1686 825 1750 si
848 1708 915 1750 nen
938 1686 1116 1763 deficimus,
1139 1686 1222 1751 bene
1274 1706 1329 1749 eos
1353 1686 1408 1767 qui
1432 1684 1584 1766 sublege
1607 1694 1702 1748 erant
1723 1684 1913 1760 redimeret;
1937 1684 2125 1749 sedeodem
2144 1707 2251 1751 sensu.

240 1783 298 1840 est.
344 1774 497 1838 Stadium
519 1793 661 1853 natuque
683 1782 732 1836 est
754 1779 823 1836 teta
844 1773 925 1837 haec
947 1773 1025 1849 rita,
1050 1772 1143 1837 ouius
1166 1771 1221 1835 dc·
1275 1770 1396 1835 Subdit
1418 1771 1505 1834 enim
1528 1771 1697 1834 continuo:
1726 1792 1789 1853 quo
1818 1772 1870 1834 ius
1897 1771 2041 1835 filiorum
2079 1770 2252 1854 adoptione

241 1881 337 1926 curso
371 1861 474 1942 spatio
508 1857 597 1922 dabit
627 1858 791 1922 Dominus
824 1868 860 1922 ut
889 1866 1012 1922 metam
1040 1857 1146 1931 illam,
1181 1856 1222 1921 ad
1274 1858 1501 1939 reciperemus.
1559 1854 1648 1935 Quid
1675 1857 1759 1921 istuc
1787 1856 1857 1920 est?
1893 1878 1934 1920 ne
1961 1865 2121 1939 perpetua
2149 1859 2253 1923 servi·

241 1969 339 2030 quam
357 1969 445 2011 nunc
462 1946 592 2009 eminus
607 1945 759 2008 nituntur
776 1954 888 2008 nostra
905 1944 1021 2021 studia,
1041 1954 1220 2007 teneamus.
1274 1952 1346 2006 tute
1368 1963 1607 2024 premeremur,
1638 1964 1721 2024 quae
1749 1943 1964 2008 conscientias
1987 1953 2117 2008 nostras
2139 1944 2253 2009 anxie-

333 2039 379 2095 14.
425 2032 523 2095 Nunc
564 2052 651 2113 ergo,
692 2029 848 2110 quoniam
883 2031 951 2095 viru
984 2030 1222 2093 exhortationis
1274 2036 1341 2092 tate
1373 2029 1488 2092 mortis
1522 2048 1724 2109 compressas
1763 2038 1899 2092 teneret.
1959 2029 2099 2092 interim
2141 2040 2254 2095 manet

241 2140 320 2201 erga
342 2118 456 2182 fideles
478 2116 577 2180 habet
598 2116 660 2187 lex,
684 2137 748 2179 non
766 2138 849 2198 quac
871 2137 985 2180 eorum
1008 2116 1222 2180 censcientias
1274 2115 1355 2178 illud
1378 2135 1505 2195 semper
1526 2115 1774 2191 inconcussum,
1803 2136 1845 2177 ex
1867 2115 1949 2196 legis
1972 2116 2150 2180 autoritate
2170 2116 2253 2181 nihil

241 2203 471 2269 maledictione
499 2202 595 2284 liget,
625 2201 683 2266 sed
710 2222 793 2283 quae
815 2202 983 2285 pigritiam
1006 2199 1143 2266 subinde
1171 2201 1222 2264 in-
1275 2200 1450 2266 deeessisse
1477 2200 1556 2282 quin
1583 2200 1697 2264 eadem
1720 2221 1848 2283 semper
1868 2201 2078 2266 veneratione
2101 2200 2253 2267 obedien·

241 2289 360 2354 stande
393 2289 538 2353 excutiat
571 2294 604 2351 et
632 2288 911 2369 impert'eetionem
938 2287 1083 2365 vellicet,
1116 2286 1222 2364 multi,
1275 2288 1385 2369 tiaque
1407 2287 1512 2368 ipsam
1536 2286 1656 2367 suscipi
1678 2307 1697 2349 a
1719 2285 1814 2349 uobis
1836 2288 2017 2351 conveniat.

243 2374 321 2439 dum
345 2375 463 2439 volunt
489 2374 673 2456 significare
702 2373 788 2439 hanc
816 2372 857 2438 ab
883 2373 972 2437 illius
993 2372 1223 2438 maledictione
1365 2376 1412 2434 lt.
1457 2372 1537 2436 Alia
1558 2373 2036 2453 numerumnunerum
2058 2376 2252 2456 intellectu,

242 2456 478 2536 liberationem,
501 2458 616 2524 dicunt
638 2459 829 2542 abrogatam
852 2480 923 2524 esse
945 2459 1051 2543 legem
1072 2456 1223 2523 fidelibus
1275 2458 1328 2523 sed
1359 2479 1421 2522 usn
1452 2458 1514 2523 solo
1544 2458 1672 2539 fuentrrt
1703 2457 1876 2540 αινοφαιαε.
1930 2459 2018 2539 Quod
2050 2465 2154 2524 aman
2187 2461 2254 2525 illis

243 2545 296 2630 (de
313 2547 428 2611 morab
445 2545 545 2609 adbuc
561 2544 694 2627 lopun),
716 2566 782 2608 non
805 2544 891 2627 quod
909 2545 1050 2626 amplius
1072 2544 1138 2608 illis
1155 2565 1223 2608 non
1272 2545 1367 2625 finem
1387 2543 1520 2609 adveatu
1536 2564 1593 2608 stro
1607 2542 1751 2608 Gloriatur
1772 2544 1930 2625 imposte-it.
1953 2545 2029 2610 adeo
2047 2546 2129 2612 nitu
2144 2567 2254 2611 earum

240 2631 354 2696 iubeat
380 2631 467 2713 quod
494 2639 621 2695 rectum
648 2638 711 2709 est,
741 2631 798 2695 sed
826 2630 990 2695 duntaxat
1018 2653 1059 2695 ne
1087 2632 1130 2696 sit
1158 2630 1223 2699 illis
1275 2631 1434 2695 sanctitat
1451 2630 1583 2711 sternat
1603 2635 1637 2692 ut
1654 2651 1723 2694 earn
1741 2633 1842 2712 napis
1859 2631 2044 2695 comittendet
2060 2653 2097 2697 ae
2113 2633 2252 2697 idratret.

241 2717 327 2801 quod
355 2726 453 2782 antea
479 2732 565 2796 erat;
599 2717 660 2782 hoc
687 2723 753 2796 est,
788 2739 831 2781 ne
863 2738 976 2781 eorum
1009 2716 1223 2781 censcientias
1277 2716 1364 2780 Nam
1384 2717 1478 2779 sicuti
1496 2717 1589 2779 ederi
1604 2717 1723 2796 popule
1749 2716 1845 2781 irione
1859 2716 2083 2796 praebuissent
2102 2724 2254 2800 spadone

241 2804 455 2888 perterrendo
481 2812 515 2868 et
542 2802 770 2867 cenfirndendo
793 2802 927 2868 damnet
949 2825 987 2868 ae
1008 2801 1132 2886 perdat.
1178 2803 1224 2866 Et
1275 2803 1349 2880 lum,
1375 2802 1441 2866 uisi
1462 2801 1621 2865 mortiset
1647 2804 1882 2868 resurrectionis
1911 2800 2033 2871 Chresti
2061 2805 2161 2870 ainus
2188 2805 2255 2869 illie

240 2912 320 2957 sane
350 2891 449 2954 talem
476 2890 560 2972 legis
588 2889 834 2972 abrogationem
861 2911 927 2953 non
961 2890 1098 2954 obscure
1131 2887 1225 2954 docet
1273 2892 1446 2953 mnata
1471 2892 1560 2965 esset,
1593 2887 1639 2951 ito
1665 2889 1730 2953 uisi
1757 2894 1939 2966 cessassent,
1966 2893 2139 2969 decernere
2164 2890 2256 2957 leodic

241 2976 377 3042 Paulus.
423 2977 455 3039 A
481 2975 626 3039 Domino
652 2996 780 3056 quoque
808 2975 907 3039 lmsse
934 2975 1154 3057 praedicatam
1182 2997 1223 3039 ex
1274 2995 1336 3040 reon
1356 2974 1459 3040 liceret
1478 2993 1629 3055 quorsum
1654 2975 1788 3056 fecissent
1812 2976 1977 3041 irntitutae.
2019 2976 2095 3041 Ideo
2120 2975 2254 3056 Paulae,

183 3088 185 3092 ’
243 3083 281 3126 eo
305 3070 449 3143 apparet,
472 3060 558 3142 quod
582 3062 769 3142 opinionem
791 3060 883 3124 illam
904 3061 944 3126 de
965 3062 1038 3145 lege
1059 3084 1078 3125 a
1100 3084 1134 3125 se
1157 3060 1223 3124 dis-
1274 3065 1308 3124 ut
1335 3081 1445 3125 earum
1472 3059 1712 3124 observatiorem
1739 3081 1800 3125 rent
1822 3081 2046 3142 separantem
2066 3062 2169 3139 modo,
2198 3064 2255 3127 sed

241 3147 379 3228 sipanda
399 3168 465 3210 non
483 3148 657 3211 refutasset
674 3147 738 3210 nisi
755 3146 950 3212 invaluisset
966 3149 1054 3212 inter
1073 3146 1222 3211 ludaeos.
1274 3149 1402 3211 inuiam
1423 3166 1541 3227 quoque
1561 3166 1625 3210 esse
1640 3145 1761 3227 probet,
1790 3147 1919 3211 eman
1935 3147 2036 3228 suase
2055 3149 2154 3225 dna,
2177 3169 2256 3229 qna

242 3231 356 3313 Quum
384 3242 493 3297 autem
522 3253 588 3296 non
611 3232 756 3315 potuerit
777 3241 915 3312 temere,
945 3235 1016 3298 sine
1040 3233 1107 3297 ullo
1129 3254 1223 3316 prae-
1275 3254 1347 3297 rurn
1384 3233 1470 3297 nobis
1508 3237 1608 3296 exstat
1640 3234 1677 3297 iu
1718 3230 1841 3297 Olor-isto
1873 3253 1986 3316 capno
2018 3233 2101 3317 (eol.
2128 3238 2161 3311 2,
2190 3236 2253 3317 17).

241 3327 352 3395 textu,
386 3339 569 3401 emergere,
603 3317 757 3383 credibile
786 3327 850 3397 est,
885 3320 925 3385 ab
958 3321 1028 3384 eius
1056 3319 1223 3383 doetrinae
1284 3319 1433 3384 Videmus
1453 3338 1524 3401 eree
1544 3324 1581 3382 ut
1601 3320 1637 3382 in
1658 3339 1768 3383 earnm
1788 3318 1952 3386 abolitione
1972 3321 2083 3389 melita
2103 3320 2256 3403 relulqeat

241 3405 324 3468 falsa
353 3405 624 3486 interpretatione
653 3405 753 3468 luisse
780 3414 906 3485 natam3
939 3405 1081 3488 qualiter
1113 3406 1223 3470 cuncti
1274 3407 1404 3483 omns,
1436 3425 1531 3486 errant
1562 3405 1592 3469 si
1620 3404 1721 3469 addere
1743 3406 1857 3486 nonu
1881 3411 1909 3469 et
1935 3412 2029 3489 pean
2050 3408 2164 3473 obtento
2191 3407 2254 3471 uelo

241 3491 310 3553 fere
338 3511 464 3554 errores
493 3491 694 3554 occasionem
724 3511 742 3553 a
771 3492 910 3556 veritate
935 3514 1065 3556 sumere
1087 3513 1223 3556 eonsue-
1278 3490 1452 3569 Cleristurn,
1487 3491 1543 3571 qui
1568 3490 1681 3571 palam
1709 3493 1869 3572 apparuit,
1886 3493 2070 3575 figurarent.
2116 3492 2193 3557 ideo
2225 3498 2253 3557 et

242 3583 372 3640 verunt.
434 3576 502 3639 Nos
542 3597 634 3653 vero,
675 3598 717 3641 ne
750 3575 791 3640 ad
824 3577 964 3642 eundem
1002 3578 1223 3660 impingamus
1277 3576 1395 3642 Carnu
1426 3581 1521 3640 morte
1552 3578 1652 3641 velurn
1683 3577 1789 3658 templi
1815 3579 1850 3641 in
1877 3578 1960 3644 daras
1981 3586 2093 3662 partes
2119 3579 2253 3643 casana

242 3660 400 3743 lapidem,
442 3670 590 3725 accurate
624 3662 865 3746 distinguamus
895 3662 974 3745 quid
1006 3665 1040 3727 in
1067 3664 1140 3747 lego
1180 3664 1224 3729 sit
1275 3663 1384 3728 cecidit
1411 3663 1546 3746 (Matth.
1569 3666 1625 3740 27,
1652 3666 1725 3745 51),·
1756 3664 1832 3743 quia
1860 3664 1927 3728 iarn·
1954 3668 2028 3733 u-iua
2054 3673 2082 3730 et
2107 3684 2252 3745 cupresso

242 3746 445 3830 abrogatum,
469 3747 546 3829 quid
569 3749 703 3811 firmum
726 3749 835 3814 adhuc
853 3759 993 3814 maneat.
1040 3748 1151 3830 Quum
1175 3758 1223 3814 tc·
1274 3750 1449 3814 eoekstiurn
1477 3748 1623 3812 buterum
1651 3750 1754 3831 imane
1782 3751 1817 3812 in
1842 3750 1942 3814 lucau
1964 3752 2144 3834 prodierat,
2173 3770 2253 3831 quere

240 3841 349 3898 statur
377 3834 541 3898 Dominus
571 3835 706 3916 (Matth.
727 3841 760 3912 ξι,
784 3836 838 3918 17)
868 3856 902 3899 se
930 3858 996 3900 non
1024 3838 1153 3901 venisse
1182 3835 1223 3900 ad
1275 3835 1414 3900 obscuris
1434 3840 1555 3899 tautum
1576 3835 1771 3899 lineamentis
1783 3836 1933 3919 xinclteetu
1952 3839 2073 3919 benet,
2097 3838 2189 3903 sicuti
2210 3836 2254 3900 lo

239 3919 347 4001 legem
370 3919 578 3995 abolendum,
602 3920 660 3984 scd
682 3919 724 3984 ad
746 3921 961 4003 implendam;
984 3943 1043 3986 nee
1064 3923 1223 4006 praeteri·
1275 3923 1383 4003 quitur
1403 3927 1495 3986 autor
1516 3920 1661 4002 epistolae
1680 3922 1723 3985 ad
1745 3920 1903 3987 Hebraeos
1922 3923 2005 4007 (cap.
2029 3930 2076 4003 10,
2101 3925 2141 4007 l).
2181 3922 2255 3986 Huc

239 4010 361 4083 turum,
386 4005 487 4069 denec
511 4006 699 4071 coelumne
722 4013 811 4071 terra
829 4019 1009 4087 transeant,
1034 4010 1157 4091 apicem
1181 4029 1223 4071 ex
1269 4008 1404 4088 pertinet
1424 4008 1540 4071 dietum
1556 4005 1676 4071 Cleristi
1689 4007 1785 4090 (Luc.
1809 4009 1943 4092 16,1o).·
1964 4011 2058 4095 lepern
2080 4018 2106 4074 et
2122 4009 2256 4092 prsplre-

239 4090 312 4173 lege
342 4092 422 4170 quin
451 4093 560 4155 omnia
587 4094 683 4156 fiant:
719 4093 802 4157 nihil
836 4094 876 4158 dc
904 4094 1112 4160 obseruantia
1140 4094 1223 4177 legis
1274 4100 1324 4158 tas
1344 4095 1444 4174 fuisse
1464 4114 1563 4175 usque
1584 4093 1627 4157 ad
1650 4092 1814 4174 tanmem
1840 4114 1879 4157 ea
1905 4117 1939 4159 ee
1960 4118 2090 4180 regnunt
2109 4097 2173 4162 Dei
2193 4116 2257 4161 eoe-

239 4198 298 4258 per
327 4198 424 4240 suum
452 4177 646 4249 adventum.
660 4178 845 4244 detractum
874 4181 915 4244 iri
938 4182 1017 4246 satis
1040 4183 1221 4245 confirmat.
1269 4181 1358 4261 pisse
1375 4179 1593 4263 wanpelieari.
1629 4179 1702 4244 Non
1719 4181 1801 4260 pued
1813 4181 2054 4261 nuntiatione,
2073 4205 2152 4264 perae
2168 4201 2256 4262 spern

239 4263 286 4327 Et
307 4264 440 4341 merito;
469 4263 600 4344 quando
628 4265 664 4327 in
694 4265 781 4330 hunc
807 4267 909 4330 finem
936 4268 1045 4349 potius
1066 4267 1159 4332 venit
1185 4276 1224 4329 ut
1274 4265 1389 4330 salutis
1409 4271 1437 4330 et
1457 4266 1538 4330 uitae
1559 4271 1701 4330 edernae
1717 4267 1855 4343 eorrtirtet,
1872 4269 1995 4347 prienti
2014 4271 2133 4351 suerirel
2154 4268 2256 4333 serrati

239 4349 309 4413 eius
332 4348 646 4432 transgressionibus
664 4351 860 4415 moderetur.
892 4353 1021 4417 ‘Manet
1042 4353 1144 4435 igitur
1164 4373 1223 4434 per
1270 4357 1395 4435 patres,
1417 4353 1470 4417 sed
1489 4352 1567 4433 puio
1582 4353 1695 4433 proctrl
1715 4358 1745 4416 et
1765 4353 1824 4417 sub
1842 4352 2033 4419 statunculis
2053 4356 2161 4418 intuiti
2181 4357 2255 4417 suat

239 4433 411 4500 Christum
439 4435 636 4500 inviolabilis
664 4436 746 4520 legis
774 4438 936 4515 doctrina,
968 4460 1050 4520 quae
1080 4458 1140 4502 nos
1166 4437 1222 4502 do·
1274 4439 1437 4519 duntaxat,
1460 4439 1540 4519 quod
1560 4437 1649 4503 leodic
1670 4440 1705 4503 in
1721 4438 1819 4520 plena
1841 4439 1907 4503 luce
1927 4443 2141 4522 mansimus.
2188 4438 2254 4504 Cirr

238 4520 350 4597 cende,
375 4521 590 4600 admonendo,
609 4522 819 4606 obnegando,
839 4523 1042 4607 corrigendo,
1065 4524 1107 4589 ad
1125 4545 1222 4590 omno
1274 4528 1377 4589 autern
1397 4525 1556 4590 centenam
1577 4523 1642 4590 Dei
1669 4525 1707 4590 ab
1734 4526 1801 4589 iltis
1828 4525 2013 4591 rudimnrtis
2033 4527 2131 4591 altius
2151 4533 2253 4590 trans-

239 4627 321 4689 opus
344 4609 466 4672 bonum
490 4610 609 4672 formet
630 4630 667 4673 ac
690 4618 866 4692 comparet.
1273 4611 1415 4676 scendere
1436 4608 1611 4693 armarit,
1636 4612 1770 4693 etplirat
1794 4609 1928 4676 Ioarenes
1949 4612 2098 4696 Baptista
2121 4613 2250 4694 (Ioann.

330 4700 376 4756 15.
423 4693 517 4773 Quae
558 4716 636 4758 vero
670 4694 710 4758 de
750 4694 980 4761 maledictione
1015 4696 1169 4761 dicuntur
1202 4719 1222 4761 a
1277 4697 1398 4779 1,17),·
1423 4699 1575 4780 quodleu
1590 4718 1652 4778 per
1675 4695 1785 4761 Mosen
1806 4698 1880 4761 data
1902 4698 1952 4777 stt,
1973 4701 2081 4781 pratia
2101 4703 2203 4762 aaut
2224 4700 2252 4758 et

238 4778 360 4854 Paulo,
391 4801 458 4842 non
492 4779 532 4843 ad
556 4781 797 4845 institutionem
823 4782 929 4864 ipsam
953 4784 1133 4864 pertinere,
1164 4782 1222 4847 sed
1273 4784 1388 4849 veritos
1405 4806 1467 4866 per
1488 4784 1596 4848 Iesum
1621 4784 1715 4862 faeta
1765 4784 1857 4863 Quia,
1885 4786 1943 4848 etsi
1964 4808 2033 4850 uere
2055 4783 2187 4866 eupriatio
2215 4783 2252 4844 iu

240 4864 347 4927 solum
369 4864 412 4927 ad
434 4866 707 4947 constringendae
729 4869 945 4934 eonscientiae
962 4870 996 4934 vi
1020 4890 1119 4948 orem,
1143 4889 1221 4933 eon·
1273 4871 1424 4935 odardus
1445 4869 1612 4950 sarificiis
1627 4868 1791 4949 prnnnsa
1805 4869 1877 4948 fuit,
1897 4876 1926 4934 et
1946 4892 2023 4937 area
2039 4870 2170 4954 foedent
2188 4888 2252 4932 cer-

240 4955 313 5045 stat.
359 4948 435 5012 Non
468 4950 554 5012 euim
588 4951 694 5015 solum
727 4951 820 5018 docet
852 4955 923 5034 lex,
959 4891 1020 5020 sed
1048 4956 1221 5038 imperiose
1273 4962 1339 5021 tum
1353 4957 1418 5038 suit
1432 4956 1560 5038 paterni
1577 4953 1641 5018 Dei
1659 4954 1780 5033 faunu
1794 4955 1923 5038 pignus,
1944 4956 2000 5022 luc
2016 4963 2111 5023 toturn
2128 4954 2252 5021 umba-

240 5035 344 5131 exrgit
377 5033 465 5115 quod
498 5035 639 5100 mandat.
693 5037 825 5105 Sinon
852 5040 1061 5120 exhibeatur,
1094 5044 1160 5108 imo
1192 5042 1221 5107 si
1273 5043 1326 5108 tite
1344 5043 1465 5124 tunsa,
1487 5039 1551 5103 nisi
1573 5040 1608 5101 iu
1628 5036 1873 5122 christigratia
1892 5041 2069 5124 fuaddurn,
2091 5043 2146 5108 ubi
2166 5062 2252 5124 repe·

240 5138 305 5202 qua
326 5142 361 5183 ιιι
379 5127 472 5200 parte
495 5119 535 5184 ab
550 5120 655 5185 officio
667 5134 821 5203 cessetur,
844 5127 1084 5194 maledictionis
1096 5128 1221 5193 tulmen
1273 5131 1357 5194 ritur
1377 5128 1480 5193 solido
1500 5130 1684 5205 adnnente
1705 5126 1869 5191 stabilitas.
1914 5128 1982 5193 Hor
2004 5131 2129 5211 quidem
2147 5130 2252 5210 tirum

241 5205 383 5289 stringit.
428 5206 502 5272 Hac
530 5207 657 5271 ratione
692 5208 771 5274 dicit
798 5214 965 5294 apestolus
988 5214 1078 5297 (Gal.
1100 5217 1134 5294 3,
1156 5214 1220 5300 10),
1273 5220 1413 5294 marat,
1441 5212 1586 5295 omneis
1611 5212 1732 5277 sanari
1755 5214 1903 5278 detenet
1922 5217 2005 5280 ritus
2027 5217 2153 5300 bedu,
2182 5217 2251 5296 ipso
