4672 5842
266 1489 934 1627 INSTITUTIONIS
976 1488 1607 1623 CHRISTIANAE
1647 1488 2180 1623 RELIGIONIS

999 1732 1186 1815 LIBER
1215 1733 1461 1817 PRIMUS.

669 1936 763 2033 DE
792 1935 1206 2034 COGNITIONE
1232 1937 1353 2034 DEI
1382 1935 1769 2035 CREATORIS.

588 2158 739 2223 CAPUT
761 2158 786 2220 Ι.
804 2157 828 2239 ¹)
1249 2158 1388 2220 annnam
1415 2158 1585 2238 peribolom
1616 2158 1826 2237 affluentium,
1865 2157 2008 2221 iustitiae
2041 2158 2229 2239 puritatem,

1223 2276 1226 2281 ·
1250 2252 1346 2324 atque
1369 2243 1449 2305 adeo
1473 2243 1567 2307 malis
1590 2244 1709 2307 nostris
1731 2243 1771 2305 ad
1800 2241 2036 2307 consideranda
2058 2244 2120 2307 Dei
2143 2244 2231 2309 boun

220 2306 303 2388 Del
330 2313 524 2385 notitiam
553 2314 597 2381 θῒ·
618 2313 752 2381 nostri
780 2327 848 2380 Γθθ
883 2328 976 2380 05³0
1002 2329 1197 2380 romunt*-
1250 2329 1447 2405 exeitamur;
1476 2351 1536 2393 nec
1558 2338 1635 2392 ante
1658 2328 1699 2392 ad
1727 2328 1818 2391 illum
1841 2330 1925 2393 serio
1947 2331 2092 2411 aspirare
2113 2350 2231 2410 possu-

1223 2424 1226 2495 ξ
1250 2436 1332 2487 mus,
1355 2436 1452 2495 quarm
1476 2416 1676 2496 ‹ririrperinms
1698 2415 1790 2478 nobis
1819 2415 1897 2496 ipsis
1920 2414 2098 2496 displicere.
2144 2414 2230 2495 Quis

1223 2500 1226 2571 ἔ
1251 2501 1338 2562 euim
1363 2499 1531 2563 hominum
1553 2523 1618 2563 non
1643 2500 1781 2563 libenter
1809 2501 1842 2562 in
1865 2522 1900 2563 se
1921 2500 2125 2581 requiescat?
2155 2503 2231 2583 quis

313 2595 337 2653 l.
383 2590 467 2652 'fota
493 2590 561 2650 fero
583 2586 760 2668 sapientiae
789 2592 918 2649 nostrae
946 2607 1088 2657 summa,
1116 2608 1198 2667 quae
1223 2596 1226 2649 Ι
1251 2585 1349 2649 ctiam
1377 2607 1442 2649 non
1476 2587 1648 2667 reqriiescit
1679 2586 1833 2667 quiundiu
1862 2586 1924 2649 sibi
1958 2597 2008 2651 ost
2034 2588 2229 2669 incognitus,

221 2690 301 2741 *vera
319 2675 452 2739 domum
470 2696 506 2737 ae
525 2672 628 2737 solida
650 2672 808 2752 sapientia
826 2673 950 2735 censeri
969 2672 1094 2748 debeat,
1118 2671 1198 2735 ‹lira-
1251 2671 1312 2735 hoc
1334 2682 1397 2749 est,
1421 2672 1490 2735 suis
1514 2672 1643 2736 dotibus
1666 2683 1716 2735 est
1737 2684 1924 2749 contentus,
1953 2684 1986 2735 et
2007 2673 2127 2737 inscius
2150 2694 2232 2738 suae

220 2764 282 2828 bus
304 2762 450 2844 partibus
473 2767 607 2833 constat,
631 2758 695 2821 Dei
717 2758 901 2840 cognitione
923 2768 956 2822 et
977 2759 1087 2821 nostri.
1125 2757 1199 2822 Cae·
1223 2800 1226 2911 p
1250 2758 1401 2821 miseriae
1426 2758 1477 2821 rcl
1512 2758 1702 2821 immemor?
1748 2758 1891 2822 Proinde
1924 2759 2144 2840 unusquisque
2177 2761 2231 2823 sui

251 2439 331 2529 tae,
371 2442 415 2505 et
446 2420 654 2531 ‹liiemodo
687 2420 796 2499 inter
828 2449 872 2499 sc
904 2420 1166 2501 cohaereant.

221 2849 369 2931 urrernst)
392 2868 489 2927 qrrrrm
510 2846 619 2909 irruitis
642 2845 721 2907 inter
748 2864 780 2905 se
801 2844 936 2906 eirurulis
957 2864 1109 2907 contremo
1126 2845 1198 2919 siat,
1251 2844 1416 2923 agnitione
1448 2865 1513 2906 non
1554 2854 1681 2906 tantum
1720 2844 1897 2927 instigatur
1926 2843 1967 2907 ad
2005 2843 2231 2926 quaerendum

222 2946 296 2999 utra
319 2944 428 2997 tamen
452 2931 588 2996 alteram
610 2927 789 3011 praecedat,
813 2937 846 2993 et
867 2951 909 2991 cx
931 2950 965 2992 sc
987 2930 1103 3012 parim,
1131 2949 1198 2992 non
1223 2916 1226 3023 l
1250 2929 1375 3001 Deum,
1405 2928 1461 2993 sed
1484 2931 1583 2993 etiam
1612 2928 1652 2993 ad
1673 2929 1899 3010 reperiendum
1926 2930 2016 3011 quasi
2045 2952 2144 2993 manu
2168 2929 2230 2995 du·

220 3018 315 3085 facile
337 3029 387 3082 est
408 3018 600 3081 discerncre.
648 3014 734 3077 Nam
751 3015 859 3095 primo
884 3036 917 3077 se
946 3036 1034 3079 aterno
1062 3017 1200 3095 aspicere
1251 3015 1343 3077 citur.
1369 3060 1390 3101 ν

215 3110 317 3189 polest
339 3105 416 3183 puin
433 3103 476 3166 ad
501 3103 570 3179 Ilei,
594 3102 627 3164 in
650 3122 711 3180 quo
733 3101 810 3162 cinit
831 3105 858 3164 et
879 3106 1016 3165 moretur
1038 3104 1127 3183 (Act.
1152 3105 1197 3176 17,
1338 3104 1366 3163 2.
1412 3100 1574 3171 Rursum,
1603 3100 1768 3164 hominem
1797 3103 1830 3164 in
1858 3123 1975 3183 puram
2003 3102 2054 3165 sui
2076 3102 2231 3167 notitiam

223 3194 289 3274 28),
312 3190 460 3253 intuitum
481 3208 590 3253 seirsas
607 3208 680 3249 suos
691 3187 841 3265 protinus
857 3191 1026 3249 corruerint:
1048 3188 1124 3265 piria
1141 3188 1200 3249 mi-
1250 3207 1419 3268 nunquam
1446 3187 1618 3267 pervenire
1645 3194 1785 3262 constat,
1813 3189 1874 3251 nisi
1903 3186 1994 3269 prius
2022 3186 2085 3250 Ilei
2111 3187 2231 3252 faciem

220 3278 304 3341 niune
325 3275 487 3339 «abacorum
508 3278 551 3338 est
575 3273 657 3335 dot-es
684 3271 799 3351 nuituis
820 3272 975 3353 proibemus
1003 3293 1199 3352 rien-uuquam
1223 3284 1227 3359 ξ
1251 3273 1294 3335 sit
1314 3272 1560 3353 contemplatus.
1583 3283 1679 3353 atquo
1697 3294 1739 3334 ox
1758 3272 1845 3337 illius
1864 3273 1984 3335 intuitu
2008 3272 2048 3336 ad
2067 3294 2101 3336 se
2119 3272 2227 3353 ipsum

179 3360 188 3369 ’
220 3384 243 3427 o
266 3361 352 3424 nobis
379 3382 458 3438 esse,
488 3361 550 3423 inre
571 3380 609 3423 ne
630 3358 666 3421 id
693 3358 817 3438 quidem
839 3360 944 3439 ipsuum
972 3359 1053 3443 quial
1078 3379 1198 3435 sirenus,

221 3448 401 3513 aliudesse
427 3466 522 3527 qurum
543 3446 576 3507 in
605 3465 668 3507 aim
697 3443 765 3507 [leo
791 3445 1030 3507 sirlrsisteatiem.
1075 3443 1199 3507 lleirule

221 3533 262 3597 ob
288 3533 340 3595 liis
366 3532 453 3596 bonis
485 3552 564 3611 pierre
595 3530 742 3611 pretiotim
768 3552 784 3594 e
811 3530 888 3593 coelo
915 3530 957 3591 ad
983 3550 1039 3593 nar
1067 3530 1197 3607 stillant,

220 3623 371 3699 baralirem
393 3640 414 3682 u
442 3616 558 3680 riculis
586 3616 629 3679 ud
656 3615 770 3695 sordem
797 3616 988 3679 ‹ledereimur
1035 3614 1106 3677 lent
1129 3637 1198 3677 uero

220 3725 260 3769 ex
282 3709 386 3767 iroslru
412 3704 559 3767 ieiunitate
584 3701 697 3764 arelius·
726 3707 855 3781 apparet
875 3701 946 3769 illa.
975 3721 1055 3781 quoe
1076 3702 1111 3763 ia.
1131 3700 1198 3764 lieo

220 3790 336 3854 residet
353 3789 502 3853 bonoram
519 3786 670 3865 infirmius
708 3786 898 3849 Praesertim
918 3786 1108 3849 miserabolia
1125 3786 1198 3850 liner

220 3877 332 3951 rubria,
359 3877 394 3937 iu
420 3895 516 3955 parom
545 3892 601 3936 ires
636 3872 744 3935 deiecit
773 3874 875 3953 prinei
902 3872 1036 3936 leontinis
1063 3872 1197 3952 defeci-ie,

220 3982 349 4027 sursum
370 3960 472 4023 oculus
493 3960 570 4041 cogit
591 3958 734 4027 attollere,
758 3978 817 4021 iren
838 3959 927 4021 irrodu
951 3964 984 4021 iit
1008 3959 1079 4021 inde
1098 3959 1198 4019 ieiuni

220 4052 250 4111 et
263 4046 402 4127 sunuel-ici
416 4051 561 4126 petemus
578 4044 660 4125 prrod
677 4043 766 4106 nobis
782 4044 873 4113 deest,
894 4044 948 4106 sed
965 4050 1046 4107 nielu
1057 4064 1199 4123 euperpa·

218 4132 298 4215 facti
330 4131 538 4194 tricia-inuium
576 4130 744 4193 (liscanrus.
803 4130 890 4193 Nam
924 4139 961 4191 ut
993 4131 1028 4191 iu
1068 4129 1197 4192 bomine

220 4218 383 4300 reperitur
410 4214 542 4298 quidam
571 4216 777 4279 miseriarum
804 4215 950 4278 onmium
977 4213 1133 4286 mundus,
1162 4236 1198 4278 ac

219 4324 259 4369 ex
280 4324 340 4384 quo
366 4302 494 4384 spoliati
520 4322 632 4365 sitinus
656 4302 764 4365 ditono
785 4306 913 4371 cir-nutu,
935 4301 1083 4381 perdenda
1106 4301 1199 4363 arudi-

220 4394 270 4453 tus
291 4390 474 4453 fiscanensem
495 4387 685 4466 probrorum
709 4387 879 4468 cureperiunt-
899 4387 1022 4468 detegit,
1049 4387 1198 4467 propriae

220 4474 419 4539 infelicitatis
438 4474 636 4539 conscientia
653 4493 916 4554 unumquemque
940 4472 1042 4555 pungi
1067 4492 1198 4537 necesse

221 4570 280 4637 est,
303 4572 341 4623 ut
362 4561 397 4623 in
419 4559 561 4642 aliquam
584 4559 699 4623 saltem
722 4559 785 4622 Dei
812 4559 963 4621 notitiam
987 4559 1102 4622 veniat.
1150 4559 1199 4621 lta

221 4665 263 4708 ex
286 4646 488 4725 marmandae,
510 4646 674 4721 vanitatis,
699 4646 832 4723 irruptae,
860 4644 1066 4724 infirmitatis,
1089 4645 1198 4725 prasi·

220 4730 299 4793 tatis
321 4729 460 4811 denique
487 4740 519 4795 et
541 4731 759 4812 corruptionis
786 4731 935 4812 propriae
962 4751 1061 4794 sensu
1088 4751 1198 4813 recog·

222 4814 401 4893 noscimus,
435 4837 501 4879 nou
528 4816 604 4881 alibi
634 4838 733 4898 quam
766 4818 800 4878 in
829 4816 971 4880 Domino
1007 4816 1104 4881 sitam
1127 4837 1198 4881 esse

220 4921 334 4965 veram
357 4901 535 4982 sapientiae
562 4903 674 4981 lucem,
701 4901 836 4966 solidam
862 4904 1021 4967 rrirtutem.
1049 4901 1199 4967 bonoram

223 5040 428 5049 -—-.-..—.

292 5102 321 5165 1)
347 5102 447 5169 Ourtfer
467 5104 655 5173 praecedentia
682 5105 812 5159 editr'onis
836 5107 902 5174 Gap.
920 5105 945 5160 1.
970 5108 992 5173 ξ.
1011 5106 1097 5160 1-3.
1167 5106 1198 5174 2)

223 5172 367 5228 Nonnulla
384 5190 454 5243 quoe
471 5180 553 5226 anm
569 5173 614 5227 lu'e
631 5174 786 5242 legebantur
802 5181 938 5242 caponem
954 5182 1026 5229 aunt.

1251 3357 1487 3439 inspiciendum
1520 3357 1704 3422 descendat..
1754 3358 1841 3422 Nam
1874 3362 1971 3439 (quire
2001 3359 2147 3441 ingenita
2177 3370 2231 3423 est

1250 3444 1400 3507 omnibus
1422 3443 1515 3507 nobis
1537 3445 1702 3526 superbia)
1722 3444 1797 3507 iusti
1816 3466 1944 3525 semper
1962 3445 2056 3508 nobis
2078 3443 2231 3509 ridemur

1250 3541 1283 3593 et
1314 3530 1434 3613 integri
1469 3541 1502 3593 et
1534 3531 1696 3610 sapientes
1729 3545 1763 3593 et
1796 3531 1916 3607 saneti;
1949 3532 2011 3593 nisi
2047 3530 2229 3595 manifestis

1250 3615 1465 3697 argumentis,
1489 3616 1679 3686 iniustitiae,
1702 3615 1880 3691 foeditatis,
1910 3615 2081 3689 stultitiae,
2110 3626 2144 3677 ct
2166 3617 2230 3679 im-

1250 3700 1401 3782 puritatis
1424 3713 1556 3765 nostrae
1580 3703 1819 3765 corrrincamur.
1865 3702 1939 3765 Non
1962 3714 2072 3765 autem
2091 3702 2229 3765 conrin-

1250 3788 1355 3850 eimur
1382 3788 1408 3850 si
1437 3788 1470 3848 in
1499 3808 1557 3851 nos
1580 3787 1741 3850 duntaxat
1767 3788 1852 3869 ipses
1875 3788 2080 3868 respicimus,
2108 3801 2141 3849 et
2159 3808 2230 3851 non

1250 3872 1283 3935 in
1306 3873 1485 3935 Dominum
1508 3893 1647 3953 quoque;
1670 3874 1722 3954 qui
1747 3874 1843 3937 unica
1866 3884 1915 3938 est·
1932 3872 2046 3956 regula
2064 3871 2105 3936 ad
2127 3894 2228 3954 quam

1250 3958 1449 4041 exigendum
1468 3970 1518 4021 est
1539 3958 1626 4022 istud
1651 3958 1814 4023 iudicium.
1849 3957 1936 4039 Quia
1951 3960 2045 4022 'euim
2069 3957 2109 4021 ad
2122 3958 2228 4042 lippo·

1250 4045 1347 4109 crisin
1377 4059 1496 4107 natura
1523 4044 1674 4126 propensi
1708 4068 1821 4109 smmis
1852 4067 1979 4113 omncs.
2013 4043 2086 4107 idco
2118 4045 2227 4110 inanis

1250 4129 1410 4211 quaedam
1443 4130 1584 4193 iustitiae
1618 4132 1741 4212 speeies
1775 4154 1833 4212 pro
1871 4131 1995 4195 iustitia
2027 4131 2098 4212 ipsa
2130 4131 2227 4196 nobis

1249 4213 1378 4279 abunde
1401 4216 1565 4279 satisfacit.
1610 4218 1656 4280 Et
1684 4219 1762 4299 quia
1787 4217 1869 4280 nihil
1897 4219 1983 4280 int-ra
2011 4238 2071 4280 nos
2096 4216 2144 4279 rel
2166 4219 2227 4281 eir-

1249 4321 1320 4379 eunr
1342 4307 1472 4381 spiraret
1493 4301 1580 4383 quod
1607 4324 1672 4366 non
1698 4304 1739 4367 sit
1766 4302 1908 4384 plurima
1934 4302 2152 4366 obscoenitate
2174 4303 2226 4366 in-

1249 4388 1429 4468 quinatum,
1453 4386 1537 4468 quod
1559 4390 1657 4471 paulo
1679 4390 1787 4452 miuus
1813 4387 1944 4451 foedum
1966 4399 2016 4452 est
2038 4408 2097 4471 pro
2118 4388 2227 4469 puris·

1250 4472 1333 4537 simo
1354 4474 1482 4551 arridet,
1505 4476 1658 4554 prremdiu
1675 4484 1817 4538 mentem
1836 4488 1981 4537 nostram
1999 4474 2087 4537 intra
2110 4473 2227 4537 huma-

1250 4578 1312 4622 nae
1334 4556 1522 4639 pollutionis
1550 4562 1632 4625 fines
1659 4561 1870 4625 continemus.
1916 4559 1991 4622 Non
2014 4570 2227 4643 accusatque

1250 4644 1378 4721 oculus,
1406 4647 1459 4710 eui
1480 4647 1564 4709 nihil
1588 4647 1667 4711 alias
1695 4646 1886 4709 obversatur
1906 4646 1968 4709 nisi
1990 4646 2075 4729 nigri
2099 4645 2225 4723 coloris,

1251 4729 1517 4795 candidissimum
1534 4754 1605 4797 csse
1631 4730 1752 4794 iudicat
1780 4729 1866 4811 quod
1893 4740 2005 4796 tamon
2028 4731 2228 4796 subobscura

1250 4825 1300 4881 ost
1326 4816 1488 4894 albedine,
1518 4817 1570 4882 vol
1605 4815 1763 4879 nonnulla
1789 4817 1888 4880 etiam
1920 4816 2086 4882 fuscedine
2113 4837 2227 4899 asper-

1250 4925 1331 4968 sum.
1378 4902 1468 4983 Quin
1496 4926 1537 4967 cx
1563 4923 1715 4982 corporeo
1742 4924 1840 4967 sensu
1868 4903 2002 4985 propius
2029 4902 2136 4969 adhue
2158 4902 2226 4968 dis-

1249 5009 1382 5055 cernere
1405 4990 1482 5054 licet
1501 4994 1661 5069 quantum
1683 4988 1718 5051 in
1740 4986 1950 5054 aestimandis
1972 4990 2101 5053 animae
2118 4988 2227 5055 virtu-

1249 5076 1337 5140 tibus
1359 5074 1605 5139 halluciuomur.
1650 5073 1736 5137 Nam
1758 5076 1785 5139 si
1809 5074 1861 5139 vel
1883 5086 2005 5139 terram
2028 5074 2227 5156 despicimus

1249 5161 1357 5226 medio
1378 5159 1445 5237 die,
1475 5158 1525 5222 vol
1544 5159 1722 5241 iutuemur
1747 5182 1830 5243 quae
1856 5162 2001 5244 aspectui
2022 5169 2132 5225 nostro
2160 5162 2226 5226 cir·
